{"host":"y76clbnovzmw9ubx","time":1611321259,"event":{"mods":["AchievementEnabler","BaseMod","Minty Spire (QoL Compilation)","Permanent Neow","Relic Stats"],"gold_per_floor":[15,27,27,39,59,90,90,116,139,139,0,20,51,51,51,126,126,138,6,17,17,35,64,80,80,104,122,122,122,122,122],"floor_reached":30,"language":"ENG","playtime":1694,"items_purged":[],"score":565,"play_id":"1bd98e8e-662f-40b4-bf8b-34e33cc3b065","local_time":"20210122081419","is_ascension_mode":true,"campfire_choices":[{"data":"Glass Knife","floor":7,"key":"SMITH"},{"data":"Envenom","floor":10,"key":"SMITH"},{"data":"Blade Dance","floor":15,"key":"SMITH"},{"floor":25,"key":"REST"}],"circlet_count":0,"master_deck":["AscendersBane","Defend_G","Defend_G","Defend_G","Defend_G","Defend_G","Survivor","Neutralize","Glass Knife+1","Backstab","Terror","Dagger Throw","Envenom+1","Footwork","Blade Dance+1","Dagger Spray","Corpse Explosion","Well Laid Plans+1","Bane+1","All Out Attack+1","Blade Dance","Infinite Blades","Catalyst+1","Caltrops+1","Deflect","Noxious Fumes","Bite","Bite","Bite","Bite","Bite"],"relics":["Ring of the Snake","Mummified Hand","Nunchaku","Juzu Bracelet","Astrolabe","StrikeDummy","Pen Nib"],"acts_visited":["Exordium","TheCity"],"potions_floor_usage":[20,23],"damage_taken":[{"damage":0,"enemies":"Small Slimes","floor":1,"turns":3},{"damage":0,"enemies":"Cultist","floor":2,"turns":4},{"damage":0,"enemies":"2 Louse","floor":4,"turns":1},{"damage":1,"enemies":"Lots of Slimes","floor":5,"turns":5},{"damage":8,"enemies":"Gremlin Nob","floor":6,"turns":3},{"damage":17,"enemies":"Lagavulin","floor":8,"turns":5},{"damage":4,"enemies":"3 Louse","floor":12,"turns":3},{"damage":28,"enemies":"Gremlin Nob","floor":13,"turns":4},{"damage":52,"enemies":"Slime Boss","floor":16,"turns":13},{"damage":8,"enemies":"3 Byrds","floor":18,"turns":4},{"damage":1,"enemies":"2 Thieves","floor":20,"turns":4},{"damage":23,"enemies":"Snake Plant","floor":22,"turns":4},{"damage":10,"enemies":"Book of Stabbing","floor":23,"turns":2},{"damage":2,"enemies":"Cultist and Chosen","floor":24,"turns":4},{"damage":0,"enemies":"Chosen and Byrds","floor":27,"turns":3},{"damage":47,"enemies":"Slavers","floor":30,"turns":2}],"seed_played":"4462655340012187291","potions_obtained":[{"floor":1,"key":"LiquidBronze"},{"floor":5,"key":"Weak Potion"},{"floor":13,"key":"Strength Potion"},{"floor":23,"key":"Dexterity Potion"}],"is_trial":false,"path_per_floor":["M","M","?","M","M","E","R","E","T","R","$","M","E","?","R","B",null,"M","$","M","?","M","E","M","R","T","M","?","?","E"],"character_chosen":"THE_SILENT","items_purchased":["Footwork","Blade Dance","Infinite Blades","Fire Potion"],"campfire_rested":1,"item_purchase_floors":[11,11,19,19],"current_hp_per_floor":[59,59,59,59,58,50,50,33,33,33,33,29,1,66,66,14,53,45,45,44,44,21,11,9,28,28,28,41,41,0,0],"gold":122,"neow_bonus":"THREE_RARE_CARDS","is_daily":false,"chose_seed":false,"campfire_upgraded":3,"win_rate":0.0,"timestamp":1611321259,"path_taken":["M","M","?","M","M","E","R","E","T","R","$","?","E","?","R","BOSS","M","?","M","?","M","E","M","R","T","M","?","?","E"],"items_purchased_type":["Card","Card","Card","Potion"],"build_version":"2020-12-22","purchased_purges":0,"victory":false,"max_hp_per_floor":[66,66,66,66,66,66,66,66,66,66,66,66,66,66,66,66,66,66,66,66,66,66,66,66,66,66,66,66,46,46,46],"relic_stats":{"Nunchaku":[12],"counters":[16,64],"Mummified Hand":[27],"Astrolabe":["Well Laid Plans","Bane","All Out Attack"],"Pen Nib":[1],"Juzu Bracelet":0,"obtain_stats":[{"Nunchaku":8,"Mummified Hand":6,"Astrolabe":17,"Pen Nib":26,"Juzu Bracelet":13,"StrikeDummy":23,"Ring of the Snake":0},{"Nunchaku":6,"Mummified Hand":5,"Astrolabe":9,"Pen Nib":14,"Juzu Bracelet":8,"StrikeDummy":13,"Ring of the Snake":0},{"Nunchaku":21,"Mummified Hand":16,"Astrolabe":41,"Pen Nib":59,"Juzu Bracelet":28,"StrikeDummy":55,"Ring of the Snake":0}],"Ring of the Snake":[32]},"card_choices":[{"not_picked":["Tools of the Trade","Corpse Explosion"],"picked":"Glass Knife","floor":0},{"not_picked":["Escape Plan","Outmaneuver","Underhanded Strike"],"picked":"SKIP","floor":1},{"not_picked":["Dodge and Roll","Outmaneuver"],"picked":"Backstab","floor":2},{"not_picked":["Cloak And Dagger","Night Terror","Reflex"],"picked":"SKIP","floor":4},{"not_picked":["Quick Slash","Poisoned Stab"],"picked":"Dagger Throw","floor":5},{"not_picked":["Eviscerate","Distraction"],"picked":"Caltrops","floor":6},{"not_picked":["Outmaneuver","Quick Slash"],"picked":"Envenom","floor":8},{"not_picked":["Prepared","Sucker Punch","Quick Slash"],"picked":"SKIP","floor":12},{"not_picked":["Backstab","Outmaneuver"],"picked":"Dagger Spray","floor":13},{"not_picked":["Storm of Steel","Unload"],"picked":"Corpse Explosion","floor":16},{"not_picked":["Flying Knee","Slice"],"picked":"Blade Dance","floor":18},{"not_picked":["Deflect","Bouncing Flask"],"picked":"Catalyst+1","floor":20},{"not_picked":["Flying Knee","Blur"],"picked":"Caltrops+1","floor":22},{"not_picked":["Bane","Caltrops"],"picked":"Deflect","floor":23},{"not_picked":["Underhanded Strike","Skewer","Sucker Punch"],"picked":"SKIP","floor":24},{"not_picked":["Dagger Throw","Flying Knee"],"picked":"Noxious Fumes","floor":27}],"player_experience":3098658,"relics_obtained":[{"floor":6,"key":"Mummified Hand"},{"floor":8,"key":"Nunchaku"},{"floor":13,"key":"Juzu Bracelet"},{"floor":23,"key":"StrikeDummy"},{"floor":26,"key":"Pen Nib"}],"event_choices":[{"damage_healed":0,"gold_gain":0,"cards_transformed":["Strike_G"],"player_choice":"Transformed","damage_taken":0,"max_hp_gain":0,"max_hp_loss":0,"event_name":"Transmorgrifier","floor":3,"gold_loss":0,"cards_obtained":["Terror"]},{"cards_removed":["Caltrops"],"damage_healed":65,"gold_gain":0,"player_choice":"Offered Uncommon","damage_taken":0,"max_hp_gain":0,"max_hp_loss":0,"event_name":"Bonfire Elementals","floor":14,"gold_loss":0},{"damage_healed":0,"gold_gain":0,"player_choice":"Ignored","damage_taken":0,"max_hp_gain":0,"max_hp_loss":0,"event_name":"The Mausoleum","floor":21,"gold_loss":0},{"damage_healed":13,"gold_gain":0,"player_choice":"Heal","damage_taken":0,"max_hp_gain":0,"max_hp_loss":0,"event_name":"The Library","floor":28,"gold_loss":0},{"damage_healed":0,"gold_gain":0,"player_choice":"Became a vampire","damage_taken":0,"max_hp_gain":0,"max_hp_loss":20,"event_name":"Vampires","floor":29,"gold_loss":0,"cards_obtained":["Bite","Bite","Bite","Bite","Bite"]}],"is_beta":false,"boss_relics":[{"not_picked":["Runic Dome","HoveringKite"],"picked":"Astrolabe"}],"items_purged_floors":[],"is_endless":false,"potions_floor_spawned":[1,5,13,18,23],"killed_by":"Slavers","ascension_level":20}}