{"host":"yfdtuf6ojcxn06xg","time":1611300875,"event":{"mods":["2.2 Compatiblity","AchievementEnabler","BaseMod","Colored Map","Colored Powertips","Curses Come First","Hermit","JesterMod","Jorbs\u0027s Wanderer Trilogy","Minty Spire (QoL Compilation)","Quick Restart","Rare Cards Sparkle","Relic Stats","Replay The Spire","StSLib","The Cursed","The Disciple","The Hierophant","The Jungle","The Marked","The Necromancer","The Servant 0.9.4"],"gold_per_floor":[214,234,234,9,9,36,36,46,72,72,83,95,120,139,139,240,240,260,10,24,41,41,69,69,98,124,143,143,68,68,81,81,184,184,195,241,251,78,78,89,114,138,138,158,158,122,122,43,43,43],"floor_reached":51,"language":"ENG","playtime":2543,"items_purged":["Strike_G","Strike_G"],"score":1012,"play_id":"741c8a9f-d2a1-4bfe-9022-07e1b5a2af40","local_time":"20210122023435","is_ascension_mode":true,"campfire_choices":[{"floor":7,"key":"REST"},{"data":"Caltrops","floor":10,"key":"SMITH"},{"floor":15,"key":"REST"},{"data":"After Image","floor":24,"key":"SMITH"},{"data":"Accuracy","floor":28,"key":"SMITH"},{"floor":30,"key":"REST"},{"data":"Burst","floor":32,"key":"SMITH"},{"floor":45,"key":"REST"},{"data":"Replay:Bootleg Shield Generator","floor":49,"key":"SMITH"}],"circlet_count":0,"master_deck":["Strike_G","Defend_G","Defend_G","Survivor","Neutralize","Accuracy+1","Deflect","Caltrops+1","Burst+1","Endless Agony","Slice","Hidden Blade","Endless Agony","Slice","Venomology","Blade Dance","After Image+1","Replay:Bootleg Shield Generator+1","Terror+1","Deflect+1","Hidden Blade+1","Infinite Blades+1","Escape Plan+1","Cloak And Dagger+1","After Image+1","Caltrops+1","Hidden Blade+1","Deflect+1","ReplayTheSpireMod:Scrap Shanks+1","ReplayTheSpireMod:Scrap Shanks+1","Infinite Blades+1","Backstab+1"],"relics":["Ring of the Serpent","ClockworkSouvenir","Centennial Puzzle","Regal Pillow","Lantern","Replay:Drink Me","Thread and Needle","Frozen Egg 2","Boot","Tingsha","Molten Egg 2","War Paint","Replay:Bottled Snecko"],"acts_visited":["Exordium","TheCity","TheBeyond"],"potions_floor_usage":[6,11,14,16,21,21,23,23,25,25,27,31,33,33,33,36,36,36,40,41,44,47,50,50],"damage_taken":[{"damage":0,"enemies":"2 Louse","floor":1,"turns":4},{"damage":3,"enemies":"Jaw Worm","floor":2,"turns":4},{"damage":38,"enemies":"3 Sentries","floor":6,"turns":11},{"damage":3,"enemies":"Cultist","floor":8,"turns":4},{"damage":6,"enemies":"3 Louse","floor":11,"turns":2},{"damage":6,"enemies":"Looter","floor":12,"turns":3},{"damage":19,"enemies":"Lagavulin","floor":13,"turns":8},{"damage":9,"enemies":"Large Slime","floor":14,"turns":6},{"damage":16,"enemies":"Fading Forest","floor":16,"turns":11},{"damage":1,"enemies":"Shell Parasite","floor":18,"turns":5},{"damage":0,"enemies":"Chosen","floor":20,"turns":4},{"damage":6,"enemies":"Shelled Parasite and Fungi","floor":21,"turns":3},{"damage":12,"enemies":"Slavers","floor":23,"turns":8},{"damage":0,"enemies":"Book of Stabbing","floor":25,"turns":4},{"damage":0,"enemies":"Sentry and Sphere","floor":27,"turns":4},{"damage":0,"enemies":"Snecko","floor":31,"turns":4},{"damage":0,"enemies":"Collector","floor":33,"turns":6},{"damage":2,"enemies":"3 Darklings","floor":35,"turns":4},{"damage":8,"enemies":"2 Orb Walkers","floor":36,"turns":5},{"damage":0,"enemies":"Orb Walker","floor":37,"turns":3},{"damage":0,"enemies":"Maw","floor":40,"turns":5},{"damage":0,"enemies":"Nemesis","floor":41,"turns":5},{"damage":12,"enemies":"Jaw Worm Horde","floor":44,"turns":4},{"damage":0,"enemies":"Sphere and 2 Shapes","floor":47,"turns":1},{"damage":11,"enemies":"Awakened One","floor":50,"turns":11}],"seed_played":"-5284928644610578265","potions_obtained":[{"floor":1,"key":"SkillPotion"},{"floor":6,"key":"Adrenaline Potion"},{"floor":8,"key":"Elixir"},{"floor":13,"key":"Explosive Potion"},{"floor":21,"key":"ColorlessPotion"},{"floor":25,"key":"Fire Potion"},{"floor":27,"key":"SkillPotion"},{"floor":31,"key":"DuplicationPotion"},{"floor":36,"key":"DuplicationPotion"},{"floor":41,"key":"Strength Potion"}],"is_trial":false,"path_per_floor":["M","M","?","$","?","E","R","M","T","R","M","M","E","M","R","B",null,"M","$","M","M","?","E","R","E","T","M","R","?","R","M","R_BF","B",null,"M","?","M","$","?","M","E","T","T","M","R","$","M","$","R","B",null],"character_chosen":"THE_SILENT","items_purchased":["ClockworkSouvenir","After Image","Replay:Bootleg Shield Generator","ReplayTheSpireMod:Scrap Shanks+1","Infinite Blades+1","Backstab+1"],"campfire_rested":4,"item_purchase_floors":[4,19,19,38,46,48],"current_hp_per_floor":[70,67,67,67,67,29,50,47,47,47,41,35,16,7,43,27,53,52,52,52,46,46,34,34,34,34,34,34,34,53,53,53,53,53,51,43,43,43,43,43,43,43,43,31,50,50,50,50,50,50],"gold":43,"neow_bonus":"HUNDRED_GOLD","is_daily":false,"chose_seed":false,"campfire_upgraded":5,"win_rate":0.0,"timestamp":1611300875,"path_taken":["M","M","?","$","?","E","R","M","T","R","M","M","E","M","R","BOSS","M","$","?","M","?","E","R","E","T","M","R","?","R","M","R_BF","BOSS","M","?","M","$","?","M","E","?","T","M","R","$","M","$","R","BOSS"],"items_purchased_type":["Relic","Card","Card","Card","Card","Card"],"build_version":"2020-12-22","purchased_purges":2,"victory":true,"max_hp_per_floor":[70,70,70,70,70,70,70,70,70,70,70,70,70,70,70,70,53,53,53,53,53,53,53,53,53,53,53,53,53,53,53,53,53,53,53,53,53,53,50,50,50,50,50,50,50,50,50,50,50,50],"relic_stats":{"Centennial Puzzle":[41],"Regal Pillow":23,"counters":[25,129],"Tingsha":[3],"War Paint":["Cloak And Dagger","Hidden Blade"],"Boot":[90],"obtain_stats":[{"Regal Pillow":9,"Lantern":13,"Thread and Needle":23,"Tingsha":36,"Frozen Egg 2":25,"War Paint":42,"Boot":26,"ClockworkSouvenir":4,"Centennial Puzzle":6,"Molten Egg 2":41,"Replay:Bottled Snecko":43,"Replay:Drink Me":17,"Ring of the Serpent":34,"Ring of the Snake":0},{"Regal Pillow":4,"Lantern":7,"Thread and Needle":13,"Tingsha":19,"Frozen Egg 2":14,"War Paint":22,"Boot":14,"ClockworkSouvenir":2,"Centennial Puzzle":3,"Molten Egg 2":22,"Replay:Bottled Snecko":22,"Replay:Drink Me":9,"Ring of the Serpent":17,"Ring of the Snake":0},{"Regal Pillow":23,"Lantern":36,"Thread and Needle":73,"Tingsha":100,"Frozen Egg 2":77,"War Paint":113,"Boot":77,"ClockworkSouvenir":8,"Centennial Puzzle":19,"Molten Egg 2":113,"Replay:Bottled Snecko":113,"Replay:Drink Me":53,"Ring of the Serpent":91,"Ring of the Snake":0}]},"card_choices":[{"not_picked":["Leg Sweep","Deadly Poison"],"picked":"Accuracy","floor":1},{"not_picked":["Sucker Punch","Dagger Spray"],"picked":"Deflect","floor":2},{"not_picked":["Catalyst","Poisoned Stab"],"picked":"Burst","floor":6},{"not_picked":["Reflex","Backflip"],"picked":"Endless Agony","floor":8},{"not_picked":["Flying Knee","Dagger Spray"],"picked":"Slice","floor":11},{"not_picked":["Underhanded Strike","ReplayTheSpireMod:The Works"],"picked":"Hidden Blade","floor":12},{"not_picked":["Quick Slash","Setup"],"picked":"Endless Agony","floor":13},{"not_picked":["Backflip","Toxin Wave"],"picked":"Slice","floor":14},{"not_picked":["Glass Knife","Night Terror"],"picked":"Venomology","floor":16},{"not_picked":["Dodge and Roll","Predator+1"],"picked":"Blade Dance","floor":18},{"not_picked":["Sucker Punch","Slice+1"],"picked":"Terror+1","floor":20},{"not_picked":["Heel Hook+1","Backflip"],"picked":"Deflect+1","floor":21},{"not_picked":["Poisoned Stab+1","Dagger Throw"],"picked":"Hidden Blade","floor":23},{"not_picked":["ReplayTheSpireMod:The Works","Replay:Poison Smokescreen+1"],"picked":"Infinite Blades+1","floor":25},{"not_picked":["Setup","Terror"],"picked":"Escape Plan+1","floor":27},{"not_picked":["Quick Slash","Choke"],"picked":"Cloak And Dagger","floor":31},{"not_picked":["Phantasmal Killer","Die Die Die"],"picked":"After Image+1","floor":33},{"not_picked":["Prepared+1","Acrobatics+1"],"picked":"Caltrops+1","floor":35},{"not_picked":["Backflip","Underhanded Strike+1"],"picked":"Hidden Blade+1","floor":36},{"not_picked":["Prepared+1","Doppelganger"],"picked":"Deflect+1","floor":37},{"not_picked":["Deadly Poison+1","Tactician+1","Quick Slash"],"picked":"SKIP","floor":40},{"not_picked":["Deadly Poison+1","Catalyst+1","Underhanded Strike+1"],"picked":"SKIP","floor":41},{"not_picked":["Distraction","Dodge and Roll"],"picked":"ReplayTheSpireMod:Scrap Shanks+1","floor":44}],"player_experience":217235,"relics_obtained":[{"floor":6,"key":"Centennial Puzzle"},{"floor":9,"key":"Regal Pillow"},{"floor":13,"key":"Lantern"},{"floor":23,"key":"Thread and Needle"},{"floor":25,"key":"Frozen Egg 2"},{"floor":26,"key":"Boot"},{"floor":36,"key":"Tingsha"},{"floor":41,"key":"Molten Egg 2"},{"floor":42,"key":"War Paint"},{"floor":43,"key":"Replay:Bottled Snecko"}],"event_choices":[{"damage_healed":0,"gold_gain":0,"player_choice":"1 cards matched","damage_taken":0,"max_hp_gain":0,"max_hp_loss":0,"event_name":"Match and Keep!","floor":5,"gold_loss":0,"cards_obtained":["Caltrops"]},{"cards_removed":["Defend_G"],"damage_healed":0,"gold_gain":0,"player_choice":"Gave Gold","damage_taken":0,"max_hp_gain":0,"max_hp_loss":0,"event_name":"Beggar","floor":29,"gold_loss":75},{"damage_healed":0,"gold_gain":0,"player_choice":"Fight","damage_taken":0,"max_hp_gain":0,"max_hp_loss":0,"event_name":"Mysterious Sphere","floor":36,"gold_loss":0},{"damage_healed":0,"gold_gain":0,"player_choice":"Max HP","damage_taken":0,"max_hp_gain":0,"max_hp_loss":3,"event_name":"Winding Halls","floor":39,"gold_loss":0}],"is_beta":false,"boss_relics":[{"not_picked":["Busted Crown","Calling Bell"],"picked":"Replay:Drink Me"},{"not_picked":["Cursed Key","jesterMod:MachoBrace"],"picked":"Ring of the Serpent"}],"items_purged_floors":[4,38],"is_endless":false,"potions_floor_spawned":[1,6,8,13,21,25,27,31,36,41,44],"ascension_level":4}}