{"host":"v67gr4iepfhi0qby","time":1611282495,"event":{"mods":["BaseMod","Hermit","Minty Spire (QoL Compilation)","StSLib","The Hierophant"],"gold_per_floor":[118,118,138,154,167,167,183,183,183,183,183,214,107,126,126,126,126],"floor_reached":16,"language":"ENG","playtime":937,"items_purged":[],"score":102,"play_id":"4bf2f582-a297-4ba1-91fe-b05fff1a3965","local_time":"20210121192815","is_ascension_mode":false,"campfire_choices":[{"data":"hermit:WideOpen","floor":6,"key":"SMITH"},{"floor":11,"key":"REST"},{"floor":15,"key":"REST"}],"circlet_count":0,"master_deck":["hermit:Strike_Hermit","hermit:Strike_Hermit","hermit:Strike_Hermit","hermit:Strike_Hermit","hermit:Defend_Hermit","hermit:Defend_Hermit","hermit:Defend_Hermit","hermit:Snapshot","hermit:Covet","hermit:WideOpen+1","hermit:Snipe","hermit:Vantage","hermit:Reprieve","hermit:BodyArmor+1","hermit:Gestalt+1","hermit:TakeAim","hermit:Midnight+1"],"relics":["hermit:Momento","NeowsBlessing","Molten Egg 2","Darkstone Periapt","Toxic Egg 2"],"acts_visited":["Exordium"],"potions_floor_usage":[16,16],"damage_taken":[{"damage":0,"enemies":"Small Slimes","floor":1,"turns":1},{"damage":0,"enemies":"Cultist","floor":3,"turns":1},{"damage":0,"enemies":"2 Louse","floor":4,"turns":1},{"damage":10,"enemies":"Exordium Wildlife","floor":5,"turns":4},{"damage":23,"enemies":"Large Slime","floor":7,"turns":7},{"damage":19,"enemies":"Lagavulin","floor":12,"turns":5},{"damage":2,"enemies":"2 Fungi Beasts","floor":14,"turns":4},{"damage":69,"enemies":"Hexaghost","floor":16,"turns":14}],"seed_played":"1958614545321548407","potions_obtained":[{"floor":3,"key":"Ancient Potion"},{"floor":4,"key":"LiquidMemories"},{"floor":7,"key":"Strength Potion"}],"is_trial":false,"path_per_floor":["M","?","M","M","M","R","M","T","T","?","R","E","$","M","R","B"],"character_chosen":"HERMIT","items_purchased":["hermit:Gestalt+1","hermit:TakeAim"],"campfire_rested":2,"item_purchase_floors":[13,13],"current_hp_per_floor":[75,75,75,75,65,65,42,42,42,42,64,45,45,43,65,0,0],"gold":126,"neow_bonus":"THREE_ENEMY_KILL","is_daily":false,"chose_seed":false,"campfire_upgraded":1,"win_rate":0.0,"timestamp":1611282495,"path_taken":["M","?","?","M","M","R","M","?","T","?","R","E","?","M","R","BOSS"],"items_purchased_type":["Card","Card"],"build_version":"2020-12-22","purchased_purges":0,"victory":false,"max_hp_per_floor":[75,75,75,75,75,75,75,75,75,75,75,75,75,75,75,75,75],"card_choices":[{"not_picked":["hermit:Headshot","hermit:Scavenge"],"picked":"hermit:WideOpen","floor":1},{"not_picked":["hermit:Headshot","hermit:Coalescence"],"picked":"hermit:Snipe","floor":3},{"not_picked":["hermit:BodyArmor","hermit:Quickdraw"],"picked":"hermit:Vantage","floor":4},{"not_picked":["hermit:Headshot","hermit:ItchyTrigger"],"picked":"hermit:Reprieve","floor":5},{"not_picked":["hermit:Ricochet","hermit:FullyLoaded","hermit:Feint"],"picked":"SKIP","floor":7},{"not_picked":["hermit:TrackingShot+1","hermit:WideOpen+1"],"picked":"hermit:BodyArmor+1","floor":12},{"not_picked":["hermit:Cheat+1","hermit:Desperado+1"],"picked":"hermit:Midnight+1","floor":14}],"player_experience":0,"relics_obtained":[{"floor":8,"key":"Molten Egg 2"},{"floor":9,"key":"Darkstone Periapt"},{"floor":12,"key":"Toxic Egg 2"}],"event_choices":[{"cards_removed":["hermit:Defend_Hermit"],"damage_healed":0,"gold_gain":0,"player_choice":"Offered Basic","damage_taken":0,"max_hp_gain":0,"max_hp_loss":0,"event_name":"Bonfire Elementals","floor":2,"gold_loss":0},{"damage_healed":0,"gold_gain":0,"player_choice":"Ignored","damage_taken":0,"max_hp_gain":0,"max_hp_loss":0,"event_name":"Shining Light","floor":10,"gold_loss":0}],"is_beta":false,"boss_relics":[],"items_purged_floors":[],"is_endless":false,"potions_floor_spawned":[3,4,7],"killed_by":"Hexaghost","ascension_level":0}}