{"host":"wha9hktbkslqvblg","time":1611301099,"event":{"mods":["BaseMod","Colored Map","Minty Spire (QoL Compilation)","Relic Stats","SuperFastMode","everything is the same but u backflip on backflip"],"gold_per_floor":[109,109,34,44,44,44,72,72,72,72,72,72],"floor_reached":11,"language":"KOR","playtime":149,"items_purged":["Defend_P"],"score":138,"play_id":"857c3ff4-65bf-44e1-9a63-5620e6693bee","local_time":"20210122163819","is_ascension_mode":true,"campfire_choices":[{"data":"Eruption","floor":6,"key":"SMITH"},{"data":"Adaptation","floor":8,"key":"SMITH"}],"circlet_count":0,"master_deck":["AscendersBane","Strike_P","Strike_P","Strike_P","Defend_P","Defend_P","Eruption+1","Vigilance","Prostrate","Adaptation+1"],"relics":["PureWater","Darkstone Periapt","MealTicket","PreservedInsect"],"acts_visited":["Exordium"],"potions_floor_usage":[],"damage_taken":[{"damage":4,"enemies":"2 Louse","floor":1,"turns":3},{"damage":2,"enemies":"Cultist","floor":4,"turns":4},{"damage":41,"enemies":"Gremlin Nob","floor":7,"turns":4},{"damage":18,"enemies":"3 Sentries","floor":11,"turns":3}],"seed_played":"-8256076520037570539","potions_obtained":[],"is_trial":false,"path_per_floor":["M","?","$","M","?","R","E","R","T","?","E"],"character_chosen":"WATCHER","items_purchased":[],"campfire_rested":0,"item_purchase_floors":[],"current_hp_per_floor":[39,68,68,66,71,71,30,30,30,19,1,1],"gold":72,"neow_bonus":"TRANSFORM_TWO_CARDS","is_daily":false,"chose_seed":false,"campfire_upgraded":2,"win_rate":0.0,"timestamp":1611301099,"path_taken":["M","?","?","?","?","R","E","R","T","?","E"],"items_purchased_type":[],"build_version":"2020-12-22","purchased_purges":1,"victory":false,"max_hp_per_floor":[68,68,68,68,73,73,73,73,73,73,73,73],"relic_stats":{"Darkstone Periapt":0,"counters":[4,14],"MealTicket":0,"PreservedInsect":35,"obtain_stats":[{"Darkstone Periapt":7,"MealTicket":9,"PreservedInsect":10,"PureWater":0},{"Darkstone Periapt":3,"MealTicket":3,"PreservedInsect":3,"PureWater":0},{"Darkstone Periapt":11,"MealTicket":11,"PreservedInsect":11,"PureWater":0}]},"card_choices":[{"not_picked":["Consecrate","ReachHeaven","CrushJoints"],"picked":"SKIP","floor":1},{"not_picked":["ThirdEye","JustLucky","SignatureMove"],"picked":"SKIP","floor":4},{"not_picked":["Crescendo","Wallop"],"picked":"Adaptation","floor":7}],"player_experience":988219,"relics_obtained":[{"floor":7,"key":"Darkstone Periapt"},{"floor":9,"key":"MealTicket"}],"event_choices":[{"cards_removed":["LikeWater"],"damage_healed":29,"gold_gain":0,"player_choice":"Offered Uncommon","damage_taken":0,"max_hp_gain":0,"max_hp_loss":0,"event_name":"Bonfire Elementals","floor":2,"gold_loss":0},{"damage_healed":0,"gold_gain":0,"player_choice":"Donut","damage_taken":0,"max_hp_gain":5,"max_hp_loss":0,"event_name":"Big Fish","floor":5,"gold_loss":0},{"damage_healed":0,"gold_gain":0,"player_choice":"Success","damage_taken":11,"relics_obtained":["PreservedInsect"],"max_hp_gain":0,"max_hp_loss":0,"event_name":"Scrap Ooze","floor":10,"gold_loss":0}],"is_beta":false,"boss_relics":[],"items_purged_floors":[3],"is_endless":false,"potions_floor_spawned":[],"killed_by":"3 Sentries","ascension_level":20}}