{"host":"x21cvmfdo17nyhii","time":1611291133,"event":{"mods":["AchievementEnabler","BaseMod","Block Reminder","Colored Map","Colored Powertips","DeckTracker","Highlight Path","Keyboard Shortcuts","Minty Spire (QoL Compilation)","Quick Restart","Rare Cards Sparkle","SuperFastMode"],"gold_per_floor":[109,109,2,20,20,48,25,41,89,103,114,130,130,195,195,300,300,321,321,334,18,18,18],"floor_reached":22,"language":"ENG","playtime":1268,"items_purged":[],"score":274,"play_id":"3a6fb0a4-bfbb-471a-ab2e-1f99026b5337","local_time":"20210121205213","is_ascension_mode":true,"campfire_choices":[{"data":"Calculated Gamble","floor":13,"key":"SMITH"},{"floor":15,"key":"REST"}],"circlet_count":0,"master_deck":["Strike_G","Strike_G","Strike_G","Strike_G","Strike_G","Defend_G","Defend_G","Defend_G","Defend_G","Defend_G","Survivor","Neutralize","Quick Slash","Dagger Throw","Leg Sweep","Setup+1","Unload","Underhanded Strike","Crippling Poison","Underhanded Strike","Acrobatics","Calculated Gamble+1","Prepared","Burst","Prepared+1","Choke"],"relics":["Ring of the Snake","NeowsBlessing","Omamori","CeramicFish","Black Star","Torii"],"acts_visited":["Exordium","TheCity"],"potions_floor_usage":[16,16,16],"damage_taken":[{"damage":0.0,"enemies":"Jaw Worm","floor":1.0,"turns":1.0},{"damage":0.0,"enemies":"Small Slimes","floor":4.0,"turns":1.0},{"damage":0.0,"enemies":"3 Sentries","floor":6.0,"turns":1.0},{"damage":1.0,"enemies":"Cultist","floor":8.0,"turns":3.0},{"damage":0.0,"enemies":"3 Louse","floor":10.0,"turns":1.0},{"damage":2.0,"enemies":"Exordium Wildlife","floor":11.0,"turns":5.0},{"damage":14,"enemies":"Lots of Slimes","floor":12,"turns":2},{"damage":17,"enemies":"Gremlin Nob","floor":14,"turns":4},{"damage":28,"enemies":"Slime Boss","floor":16,"turns":8},{"damage":35,"enemies":"Shell Parasite","floor":18,"turns":12},{"damage":50,"enemies":"Chosen","floor":20,"turns":7},{"damage":27,"enemies":"Snecko","floor":22,"turns":3}],"seed_played":"1378514131119582391","potions_obtained":[{"floor":4.0,"key":"BlessingOfTheForge"},{"floor":6.0,"key":"FearPotion"},{"floor":11.0,"key":"Energy Potion"}],"is_trial":false,"path_per_floor":["M","?","$","M","?","E","$","M","T","M","M","M","R","?","R","B",null,"M","?","M","$","M"],"character_chosen":"THE_SILENT","items_purchased":["Dagger Throw","Leg Sweep","Underhanded Strike","Torii","Choke"],"campfire_rested":1,"item_purchase_floors":[3,3,7,21,21],"current_hp_per_floor":[63,68,68,68,68,68,68,67,67,67,65,51,51,34,56,28,63,28,53,3,3,0,0],"gold":18,"neow_bonus":"THREE_ENEMY_KILL","is_daily":false,"chose_seed":false,"campfire_upgraded":1,"win_rate":0.0,"timestamp":1611291133,"path_taken":["M","?","$","M","?","E","$","M","T","?","M","M","R","?","R","BOSS","M","?","M","$","M"],"items_purchased_type":["Card","Card","Card","Relic","Card"],"build_version":"2020-12-22","purchased_purges":0,"victory":false,"max_hp_per_floor":[70,75,75,75,75,75,75,75,75,75,75,75,75,75,75,75,75,75,75,75,75,75,75],"card_choices":[{"not_picked":["Sucker Punch","Slice"],"picked":"Quick Slash","floor":1.0},{"not_picked":["Dash","Skewer"],"picked":"Setup","floor":4.0},{"not_picked":["Dagger Throw","Sucker Punch"],"picked":"Unload","floor":6.0},{"not_picked":["Blade Dance","Dagger Spray"],"picked":"Crippling Poison","floor":8.0},{"not_picked":["Wraith Form v2","Dash"],"picked":"Underhanded Strike","floor":10.0},{"not_picked":["Outmaneuver","Dagger Spray"],"picked":"Acrobatics","floor":11.0},{"not_picked":["Dash","Poisoned Stab"],"picked":"Calculated Gamble","floor":12},{"not_picked":["Flying Knee","Caltrops"],"picked":"Prepared","floor":14},{"not_picked":["After Image","Wraith Form v2"],"picked":"Burst","floor":16},{"not_picked":["Cloak And Dagger","Dagger Spray"],"picked":"Prepared+1","floor":18},{"not_picked":["Dagger Spray","Dagger Throw","Dodge and Roll"],"picked":"SKIP","floor":20}],"player_experience":456397,"relics_obtained":[{"floor":6.0,"key":"Omamori"},{"floor":14,"key":"CeramicFish"}],"event_choices":[{"damage_healed":0.0,"max_hp_gain":5.0,"max_hp_loss":0.0,"gold_gain":0.0,"event_name":"Big Fish","player_choice":"Donut","floor":2.0,"gold_loss":0.0,"damage_taken":0.0},{"damage_healed":0.0,"max_hp_gain":0.0,"max_hp_loss":0.0,"gold_gain":0.0,"event_name":"Accursed Blacksmith","player_choice":"Forge","floor":5.0,"gold_loss":0.0,"damage_taken":0.0,"cards_upgraded":["Setup"]},{"damage_healed":0,"gold_gain":0,"player_choice":"Searched \u00271\u0027 times","damage_taken":0,"max_hp_gain":0,"max_hp_loss":0,"event_name":"Dead Adventurer","floor":14,"gold_loss":0},{"damage_healed":25,"gold_gain":0,"player_choice":"Heal","damage_taken":0,"max_hp_gain":0,"max_hp_loss":0,"event_name":"The Library","floor":19,"gold_loss":0}],"is_beta":false,"boss_relics":[{"not_picked":["SacredBark","Empty Cage"],"picked":"Black Star"}],"items_purged_floors":[],"is_endless":false,"potions_floor_spawned":[4,6,11],"killed_by":"Snecko","ascension_level":6}}