{"host":"m3rs92yjkwi06hli","time":1611349606,"event":{"mods":["Act Like it!","Aspiration","BaseMod","Colored Map","Conspire","Defuse TimeMaze Blight","Downfall","Energized Spire","Hubris","Infinite Spire","Minty Spire (QoL Compilation)","Relic Stats","Spicy Shops","StSLib"],"gold_per_floor":[99,117,117,127,127,146,146,146,178,178,198,198,198,198,213,315,315,315,327,327,346,110,310,356,221,221,231,243,345,345,362,379,379,379,379],"floor_reached":33,"language":"ENG","playtime":2263,"items_purged":["downfall:Malfunctioning"],"score":259,"play_id":"8380eb1a-a77b-4ef2-a6b2-1681483d6428","local_time":"20210122150646","is_ascension_mode":true,"campfire_choices":[{"data":"bronze:Replicate","floor":1,"key":"SMITH"},{"data":"bronze:Library","floor":10,"key":"SMITH"},{"floor":13,"key":"REST"},{"data":"bronze:AlphaBuild","floor":18,"key":"SMITH"},{"data":"bronze:BronzeOrb","floor":26,"key":"SMITH"}],"circlet_count":0,"master_deck":["bronze:Strike+1","bronze:Defend","bronze:Defend+1","bronze:Defend","bronze:Defend","bronze:Replicate+1","bronze:Goto","Flash of Steel","bronze:Branch","bronze:Boost","bronze:DelayedSlice","bronze:Library+1","bronze:DelayedSlice","bronze:ItsAFeature+1","bronze:AlphaBuild+1","bronze:FineTuning","bronze:WhirlingStrike","bronze:DelayedGuard+1","bronze:BronzeOrb+1","bronze:Constructor","bronze:DelayedSlice","bronze:BuggyMess+1","bronze:Branch"],"relics":["bronze:BronzeCore","Potion Belt","hubris:SlimyHat","Bronze Scales","energizedSpire:DeadBattery","hubris:TenFootPole","Ancient Tea Set","Guardian:GemstoneGun","aspiration:FetidBarrel"],"acts_visited":["Exordium","TheCity"],"potions_floor_usage":[28,29,33,33],"damage_taken":[{"damage":0,"enemies":"2 Louse","floor":2,"turns":3},{"damage":2,"enemies":"Small Slimes","floor":4,"turns":3},{"damage":0,"enemies":"Cultist","floor":6,"turns":3},{"damage":20,"enemies":"Lagavulin","floor":9,"turns":5},{"damage":11,"enemies":"Large Slime","floor":11,"turns":5},{"damage":8,"enemies":"Red Slaver","floor":15,"turns":4},{"damage":21,"enemies":"WA_ARCHETYPE_RETAIN","floor":16,"turns":6},{"damage":12,"enemies":"Shell Parasite","floor":19,"turns":4},{"damage":13,"enemies":"Spheric Guardian","floor":21,"turns":4},{"damage":0,"enemies":"downfall:FleeingMerchant","floor":22,"turns":4},{"damage":5,"enemies":"downfall:FleeingMerchant","floor":25,"turns":4},{"damage":0,"enemies":"Chosen and Byrds","floor":27,"turns":5},{"damage":28,"enemies":"Shelled Parasite and Fungi","floor":28,"turns":6},{"damage":3,"enemies":"IC_STATUS_ARCHETYPE","floor":29,"turns":6},{"damage":0,"enemies":"3 Cultists","floor":31,"turns":3},{"damage":1,"enemies":"Chosen and Byrds","floor":32,"turns":3},{"damage":5,"enemies":"SI_MIRROR_ARCHETYPE","floor":33,"turns":5}],"seed_played":"-5726251758968024175","potions_obtained":[{"floor":9,"key":"Ancient Potion"},{"floor":11,"key":"Guardian:BlockOnCardUsePotion"},{"floor":14,"key":"downfall:CursedFountainPotion"},{"floor":15,"key":"Block Potion"},{"floor":27,"key":"bronze:BurnAndBuffPotion"},{"floor":28,"key":"AttackPotion"},{"floor":31,"key":"DuplicationPotion"}],"is_trial":false,"path_per_floor":["R","M","?","M","?","M","T","?","E","R","M","?","R","?","M","B",null,"R","M","?","M","$","?","T","$","R","M","M","?","?","M","M","B"],"character_chosen":"THE_AUTOMATON","items_purchased":["hubris:TenFootPole","bronze:BronzeOrb"],"campfire_rested":1,"item_purchase_floors":[22,25],"current_hp_per_floor":[70,70,70,68,68,68,68,68,48,48,37,37,58,58,50,29,70,70,58,58,45,45,45,45,40,40,40,12,9,5,5,4,0,0,0],"gold":379,"neow_bonus":"RANDOM_COLORLESS","is_daily":false,"chose_seed":false,"campfire_upgraded":4,"win_rate":0.0,"timestamp":1611349606,"path_taken":["R","M","?","M","?","M","T","?","E","R","?","?","R","?","M","BOSS","R","M","?","M","$","?","T","$","R","?","M","?","?","M","M","BOSS"],"items_purchased_type":["Relic","Card"],"build_version":"2020-12-22","purchased_purges":1,"victory":false,"max_hp_per_floor":[70,70,70,70,70,70,70,70,70,70,70,70,70,70,70,70,70,70,70,70,70,70,70,70,70,70,70,70,70,70,70,70,70,70,70],"relic_stats":{"counters":[17,73],"Bronze Scales":[113],"obtain_stats":[{"Potion Belt":7,"bronze:BronzeCore":0,"aspiration:FetidBarrel":29,"Bronze Scales":9,"Guardian:GemstoneGun":29,"hubris:SlimyHat":8,"hubris:TenFootPole":22,"energizedSpire:DeadBattery":17,"Ancient Tea Set":24},{"Potion Belt":3,"bronze:BronzeCore":0,"aspiration:FetidBarrel":14,"Bronze Scales":4,"Guardian:GemstoneGun":14,"hubris:SlimyHat":3,"hubris:TenFootPole":10,"energizedSpire:DeadBattery":7,"Ancient Tea Set":10},{"Potion Belt":9,"bronze:BronzeCore":0,"aspiration:FetidBarrel":62,"Bronze Scales":14,"Guardian:GemstoneGun":62,"hubris:SlimyHat":9,"hubris:TenFootPole":41,"energizedSpire:DeadBattery":29,"Ancient Tea Set":41}]},"card_choices":[{"not_picked":["Bandage Up","Panacea"],"picked":"Flash of Steel","floor":0},{"not_picked":["bronze:Constructor","bronze:FineTuning"],"picked":"bronze:Branch","floor":2},{"not_picked":["bronze:Refactor","bronze:Repair"],"picked":"bronze:Boost","floor":4},{"not_picked":["bronze:Frontload","bronze:ChildClass"],"picked":"bronze:DelayedSlice","floor":6},{"not_picked":["bronze:Repair","bronze:FollowUp"],"picked":"bronze:Library","floor":9},{"not_picked":["bronze:Safeguard","bronze:Branch"],"picked":"bronze:DelayedSlice","floor":11},{"not_picked":["bronze:Iterate","bronze:WildBeam"],"picked":"bronze:ItsAFeature","floor":15},{"not_picked":["bronze:FindAndReplace","bronze:Assembly"],"picked":"bronze:AlphaBuild","floor":16},{"not_picked":["bronze:Iterate","bronze:MaxOutput"],"picked":"bronze:FineTuning","floor":19},{"not_picked":["bronze:Overheat","bronze:OilSpill+1","bronze:Refactor"],"picked":"SKIP","floor":21},{"not_picked":["bronze:ForceShield","bronze:BuggyMess","bronze:CutThrough"],"picked":"SKIP","floor":22},{"not_picked":["bronze:Shell+1","bronze:MaxOutput+1"],"picked":"bronze:DelayedGuard+1","floor":25},{"not_picked":["bronze:NullPointer+1","bronze:DigitalCarnage"],"picked":"bronze:Constructor","floor":27},{"not_picked":["bronze:WildBeam","bronze:Overheat"],"picked":"bronze:DelayedSlice","floor":28},{"not_picked":["bronze:Refactor+1","bronze:WildBeam"],"picked":"bronze:BuggyMess+1","floor":29},{"not_picked":["bronze:DelayedGuard","bronze:Invalidate"],"picked":"bronze:Branch","floor":31},{"not_picked":["bronze:CutThrough","bronze:Invalidate","bronze:Backtrace"],"picked":"SKIP","floor":32}],"player_experience":909346,"relics_obtained":[{"floor":7,"key":"Potion Belt"},{"floor":8,"key":"hubris:SlimyHat"},{"floor":9,"key":"Bronze Scales"},{"floor":24,"key":"Ancient Tea Set"},{"floor":29,"key":"Guardian:GemstoneGun"},{"floor":29,"key":"aspiration:FetidBarrel"}],"event_choices":[{"cards_removed":["bronze:Strike"],"damage_healed":0,"gold_gain":0,"player_choice":"Card Removal","damage_taken":0,"max_hp_gain":0,"max_hp_loss":0,"event_name":"The Cleric","floor":3,"gold_loss":0},{"damage_healed":0,"gold_gain":0,"player_choice":"Relic","damage_taken":0,"max_hp_gain":0,"max_hp_loss":0,"event_name":"Wheel of Change","floor":8,"gold_loss":0},{"damage_healed":0,"gold_gain":0,"player_choice":"Read","damage_taken":0,"max_hp_gain":0,"max_hp_loss":0,"event_name":"The Library","floor":20,"gold_loss":0,"cards_obtained":["bronze:WhirlingStrike"]},{"damage_healed":0,"gold_gain":200,"player_choice":"Gold","damage_taken":0,"max_hp_gain":0,"max_hp_loss":0,"event_name":"Wheel of Change","floor":23,"gold_loss":0}],"is_beta":false,"boss_relics":[{"not_picked":["hubris:BlackHole","aspiration:IroncladSkillbook"],"picked":"energizedSpire:DeadBattery"}],"items_purged_floors":[22],"is_endless":false,"potions_floor_spawned":[9,11,15,27,28,31],"killed_by":"SI_MIRROR_ARCHETYPE","ascension_level":1}}