{"host":"nbmmy2ys5j9alw05","time":1611288227,"event":{"mods":["AchievementEnabler","BaseMod","Bestiary","Better Vampires","Colored Map","Colored Powertips","Googly Eyes","Minty Spire (QoL Compilation)","Quick Restart","StSLib","The Hierophant","The IronCluck","everything is the same but u backflip on backflip"],"gold_per_floor":[117,117,127,4,4,37,10,0,0],"floor_reached":8,"language":"ENG","playtime":254,"items_purged":["hierophant:Strike_Hierophant"],"score":59,"play_id":"10bd3e98-6305-4079-8bac-74b5b83951fb","local_time":"20210121200347","is_ascension_mode":true,"campfire_choices":[],"circlet_count":0,"master_deck":["hierophant:Strike_Hierophant","hierophant:Strike_Hierophant","hierophant:Punish","hierophant:Defend_Hierophant","hierophant:Defend_Hierophant","hierophant:Defend_Hierophant","hierophant:Defend_Hierophant","hierophant:ChurchCoffers","Dramatic Entrance","hierophant:Bribe","hierophant:Sermon","hierophant:OrnateBuckler","hierophant:Determination","hierophant:ThreeLashes"],"relics":["hierophant:PropheticMaskRelic","PreservedInsect","Letter Opener"],"acts_visited":["Exordium"],"potions_floor_usage":[],"damage_taken":[{"damage":0,"enemies":"2 Louse","floor":1,"turns":1},{"damage":3,"enemies":"Small Slimes","floor":3,"turns":2},{"damage":24,"enemies":"3 Sentries","floor":6,"turns":6},{"damage":18,"enemies":"Lagavulin","floor":8,"turns":5}],"seed_played":"-779923381217210993","potions_obtained":[{"floor":6,"key":"PowerPotion"}],"is_trial":false,"path_per_floor":["M","?","M","$","?","E","$","E"],"character_chosen":"HIEROPHANT","items_purchased":["hierophant:OrnateBuckler","hierophant:ThreeLashes"],"campfire_rested":0,"item_purchase_floors":[4,7],"current_hp_per_floor":[75,72,69,69,62,38,38,20,20],"gold":0,"neow_bonus":"RANDOM_COLORLESS","is_daily":false,"chose_seed":false,"campfire_upgraded":0,"win_rate":0.0,"timestamp":1611288227,"path_taken":["M","?","M","$","?","E","$","E"],"items_purchased_type":["Card","Card"],"build_version":"2020-12-22","purchased_purges":1,"victory":false,"max_hp_per_floor":[75,75,75,75,75,75,75,75,75],"card_choices":[{"not_picked":["Enlightenment","Jack Of All Trades"],"picked":"Dramatic Entrance","floor":0},{"not_picked":["hierophant:Doubloon","hierophant:Sermon"],"picked":"hierophant:Bribe","floor":1},{"not_picked":["hierophant:FieryStrike","hierophant:ArchangelShield"],"picked":"hierophant:Sermon","floor":3},{"not_picked":["hierophant:Exaltation","hierophant:RustyCrate"],"picked":"hierophant:Determination","floor":6}],"player_experience":528729,"relics_obtained":[{"floor":6,"key":"Letter Opener"}],"event_choices":[{"damage_healed":0,"gold_gain":0,"player_choice":"Success","damage_taken":3,"relics_obtained":["PreservedInsect"],"max_hp_gain":0,"max_hp_loss":0,"event_name":"Scrap Ooze","floor":2,"gold_loss":0},{"cards_removed":["hierophant:Strike_Hierophant"],"damage_healed":0,"gold_gain":0,"player_choice":"Card Removal","damage_taken":7,"max_hp_gain":0,"max_hp_loss":0,"event_name":"Golden Wing","floor":5,"gold_loss":0}],"is_beta":false,"boss_relics":[],"items_purged_floors":[4],"is_endless":false,"potions_floor_spawned":[6],"killed_by":"Lagavulin","ascension_level":2}}