{"host":"q6ff4ns2kep02ti6","time":1611331978,"event":{"mods":["AchievementEnabler","BaseMod","Minty Spire (QoL Compilation)","Relic Stats","StSLib","Unceasing Turn Reminder"],"gold_per_floor":[361,35,46,64,76,76,108,108,133,133,148,160,0,29,29,103,103,82,96,115,115,115,115],"floor_reached":22,"language":"ENG","playtime":1374,"items_purged":[],"score":396,"play_id":"624d761b-2c43-4c7f-a355-c639f38fe88d","local_time":"20210122171258","is_ascension_mode":true,"campfire_choices":[{"data":"Anger","floor":6,"key":"SMITH"},{"data":"Limit Break","floor":8,"key":"SMITH"},{"data":"Spot Weakness","floor":10,"key":"SMITH"},{"data":"Heavy Blade","floor":15,"key":"SMITH"}],"circlet_count":0,"master_deck":["AscendersBane","Strike_R","Strike_R","Defend_R","Defend_R","Defend_R","Defend_R","Bash","Evolve","Spot Weakness+1","Anger+1","Limit Break+1","Twin Strike","Heavy Blade+1","Impervious","Twin Strike+1","Brutality+1","Sever Soul+1","Headbutt","J.A.X."],"relics":["Burning Blood","FossilizedHelix","Juzu Bracelet","Art of War","Ancient Tea Set","Blood Vial","Astrolabe"],"acts_visited":["Exordium","TheCity"],"potions_floor_usage":[16,19,20,20,22],"damage_taken":[{"damage":1,"enemies":"Cultist","floor":1,"turns":4},{"damage":0,"enemies":"Small Slimes","floor":3,"turns":5},{"damage":0,"enemies":"Jaw Worm","floor":4,"turns":2},{"damage":1,"enemies":"2 Fungi Beasts","floor":5,"turns":4},{"damage":37,"enemies":"Lagavulin","floor":7,"turns":7},{"damage":0,"enemies":"Exordium Thugs","floor":11,"turns":2},{"damage":6,"enemies":"Blue Slaver","floor":12,"turns":4},{"damage":15,"enemies":"3 Sentries","floor":14,"turns":5},{"damage":23,"enemies":"The Guardian","floor":16,"turns":8},{"damage":11,"enemies":"2 Thieves","floor":18,"turns":4},{"damage":22,"enemies":"Chosen","floor":19,"turns":7},{"damage":37,"enemies":"Snecko","floor":20,"turns":7},{"damage":12,"enemies":"Chosen and Byrds","floor":22,"turns":3}],"seed_played":"5710536926553578456","potions_obtained":[{"floor":4,"key":"EntropicBrew"},{"floor":5,"key":"SmokeBomb"},{"floor":11,"key":"ElixirPotion"},{"floor":12,"key":"Explosive Potion"},{"floor":16,"key":"SkillPotion"},{"floor":19,"key":"Block Potion"}],"is_trial":false,"path_per_floor":["M","$","M","M","M","R","E","R","T","R","M","M","$","E","R","B",null,"M","M","M","?","M"],"character_chosen":"IRONCLAD","items_purchased":["FossilizedHelix","Ancient Tea Set"],"campfire_rested":0,"item_purchase_floors":[2,13],"current_hp_per_floor":[68,68,68,68,68,68,37,37,37,37,43,43,43,34,34,19,56,53,39,10,10,0,0],"gold":115,"neow_bonus":"TWO_FIFTY_GOLD","is_daily":false,"chose_seed":false,"campfire_upgraded":4,"win_rate":0.0,"timestamp":1611331978,"path_taken":["M","$","M","M","M","R","E","R","T","R","M","M","?","E","R","BOSS","M","M","M","?","M"],"items_purchased_type":["Relic","Relic"],"build_version":"2020-12-22","purchased_purges":0,"victory":false,"max_hp_per_floor":[68,68,68,68,68,68,68,68,68,68,68,68,68,68,68,68,68,68,68,68,68,68,68],"relic_stats":{"Blood Vial":10,"counters":[13,62],"Astrolabe":["Twin Strike","Brutality","Sever Soul"],"Juzu Bracelet":0,"Art of War":[7],"obtain_stats":[{"Blood Vial":14,"Astrolabe":17,"Juzu Bracelet":7,"Art of War":9,"Ancient Tea Set":13,"Burning Blood":0,"FossilizedHelix":2},{"Blood Vial":8,"Astrolabe":9,"Juzu Bracelet":5,"Art of War":5,"Ancient Tea Set":7,"Burning Blood":0,"FossilizedHelix":1},{"Blood Vial":33,"Astrolabe":41,"Juzu Bracelet":22,"Art of War":22,"Ancient Tea Set":28,"Burning Blood":0,"FossilizedHelix":4}],"Burning Blood":50},"card_choices":[{"not_picked":["Thunderclap","Clash","Warcry"],"picked":"SKIP","floor":1},{"not_picked":["Sword Boomerang","Wild Strike"],"picked":"Evolve","floor":3},{"not_picked":["Perfected Strike","Battle Trance"],"picked":"Spot Weakness","floor":4},{"not_picked":["Clash","Dark Embrace"],"picked":"Anger","floor":5},{"not_picked":["Headbutt","Dual Wield"],"picked":"Limit Break","floor":7},{"not_picked":["Uppercut","Armaments"],"picked":"Twin Strike","floor":11},{"not_picked":["Rampage","Evolve","Sentinel"],"picked":"SKIP","floor":12},{"not_picked":["Iron Wave","Perfected Strike"],"picked":"Heavy Blade","floor":14},{"not_picked":["Immolate","Exhume"],"picked":"Impervious","floor":16},{"not_picked":["Perfected Strike","Carnage"],"picked":"Headbutt","floor":18},{"not_picked":["Body Slam","Thunderclap","Evolve"],"picked":"SKIP","floor":19},{"not_picked":["Combust","Armaments","Twin Strike"],"picked":"SKIP","floor":20}],"player_experience":1003827,"relics_obtained":[{"floor":7,"key":"Juzu Bracelet"},{"floor":9,"key":"Art of War"},{"floor":14,"key":"Blood Vial"}],"event_choices":[{"damage_healed":0,"gold_gain":0,"player_choice":"Obtain J.A.X.","damage_taken":0,"max_hp_gain":0,"max_hp_loss":0,"event_name":"Drug Dealer","floor":21,"gold_loss":0,"cards_obtained":["J.A.X."]}],"is_beta":false,"boss_relics":[{"not_picked":["Calling Bell","Ectoplasm"],"picked":"Astrolabe"}],"items_purged_floors":[],"is_endless":false,"potions_floor_spawned":[4,5,11,12,16,18,19,20],"killed_by":"Chosen and Byrds","ascension_level":20}}