{"host":"bf9sa99gaumonoeu","time":1611276789,"event":{"mods":["AchievementEnabler","Act Like it!","Aspiration","BaseMod","Bestiary","Better Note","Block Reminder","Colored Map","Colored Powertips","Fox Events","Friendly Minions","Gensokyo","GifTheSpireLib","Googly Eyes","Hallownest","Hermit","Highlight Path","Jorbs\u0027s Wanderer Trilogy","KinomotoSakuraMod(????)","Koishi","Marisa????????","Minty Spire (QoL Compilation)","Rare Cards Sparkle","Relic Stats","Spire Arcade","StSLib","The Administrix","The Animator","The Bug Knight","The Construct","The Cursed","The Hierophant","The Mystic","The Necromancer","The Poker Player","The Runesmith","The Senshi","The Servant 0.9.4","ojb\u0027s Info Mod"],"gold_per_floor":[115,132,147,163,163,203,230,271,325,325,325,348,348,383,383,473,473,486,507,523,523,544,544,179,240,252,329,341,353,430,483,495,600,612,637,693,728,754,766,778,854,436,463,463,531,165,165,165,165,165,165,165,165,45,103,128],"floor_reached":57,"language":"ENG","playtime":7782,"items_purged":["Strike_G","Strike_G","Strike_G"],"score":3155,"play_id":"e039c065-8da8-4cdf-a4c8-8a241571fa71","local_time":"20210121225309","is_ascension_mode":true,"campfire_choices":[{"floor":11.0,"key":"REST"},{"data":"Footwork","floor":15.0,"key":"SMITH"},{"data":"Wraith Form v2","floor":23.0,"key":"SMITH"},{"data":"Prepared","floor":32.0,"key":"SMITH"},{"data":"Phantasmal Killer","floor":40.0,"key":"SMITH"},{"floor":49.0,"key":"RECALL"},{"data":"Well Laid Plans","floor":53.0,"key":"SMITH"}],"circlet_count":0,"master_deck":["AscendersBane","Defend_G+1","Defend_G+1","Defend_G+1","Defend_G+1","Defend_G+1","Survivor+1","Neutralize","Reflex+1","Dagger Throw","Terror+1","Bouncing Flask+1","Calculated Gamble+1","Masterful Stab+1","Footwork+1","Adrenaline","All Out Attack+1","Setup+1","Backflip+1","Wraith Form v2+1","Well Laid Plans+1","HandOfGreed+1","Blur","Calculated Gamble+1","Masterful Stab+1","Phantasmal Killer+1","Prepared+1","Venomology","Leg Sweep","Corpse Explosion","Predator+1","Footwork","Reflex","Noxious Fumes","Malaise"],"relics":["Ring of the Snake","aspiration:Nostalgia","animator:LivingPicture","Golden Idol","Molten Egg 2","Blood Vial","Anchor","Tough Bandages","Coffee Dripper","MawBank","Question Card","Tiny Chest","CaptainsWheel","SacredBark","Unceasing Top","aspiration:ChemicalBlood","Strawberry","Pear","Toy Ornithopter","The Specimen","Torii"],"acts_visited":["Exordium","TheCity","TheBeyond","TheEnding"],"potions_floor_usage":[56,56,56,56,56],"damage_taken":[{"damage":2.0,"enemies":"Small Slimes","floor":1.0,"turns":3.0},{"damage":12.0,"enemies":"Jaw Worm","floor":2.0,"turns":10.0},{"damage":0.0,"enemies":"2 Louse","floor":3.0,"turns":3.0},{"damage":2.0,"enemies":"Looter","floor":4.0,"turns":5.0},{"damage":2.0,"enemies":"Lagavulin","floor":6.0,"turns":7.0},{"damage":9.0,"enemies":"Gremlin Nob","floor":8.0,"turns":4.0},{"damage":0.0,"enemies":"3 Louse","floor":12.0,"turns":2.0},{"damage":0.0,"enemies":"3 Sentries","floor":14.0,"turns":9.0},{"damage":5.0,"enemies":"Hexaghost","floor":16.0,"turns":8.0},{"damage":0.0,"enemies":"Spheric Guardian","floor":18.0,"turns":3.0},{"damage":0.0,"enemies":"Shell Parasite","floor":19.0,"turns":1.0},{"damage":26.0,"enemies":"Shelled Parasite and Fungi","floor":20.0,"turns":5.0},{"damage":0.0,"enemies":"Snake Plant","floor":22.0,"turns":3.0},{"damage":0.0,"enemies":"Slavers","floor":25.0,"turns":6.0},{"damage":0.0,"enemies":"Book of Stabbing","floor":27.0,"turns":4.0},{"damage":2.0,"enemies":"Slavers","floor":30.0,"turns":6.0},{"damage":1.0,"enemies":"Sentry and Sphere","floor":31.0,"turns":7.0},{"damage":30.0,"enemies":"Champ","floor":33.0,"turns":13.0},{"damage":0.0,"enemies":"3 Darklings","floor":35.0,"turns":6.0},{"damage":0.0,"enemies":"3 Shapes","floor":36.0,"turns":4.0},{"damage":1.0,"enemies":"Transient","floor":37.0,"turns":6.0},{"damage":0.0,"enemies":"3 Darklings","floor":38.0,"turns":2.0},{"damage":0.0,"enemies":"Giant Head","floor":41.0,"turns":8.0},{"damage":8.0,"enemies":"Maw","floor":44.0,"turns":8.0},{"damage":0.0,"enemies":"Nemesis","floor":45.0,"turns":7.0},{"damage":0.0,"enemies":"Donu and Deca","floor":50.0,"turns":7.0},{"damage":41.0,"enemies":"Awakened One","floor":51.0,"turns":12.0},{"damage":1.0,"enemies":"Shield and Spear","floor":55.0,"turns":6.0},{"damage":146,"enemies":"The Heart","floor":56,"turns":13}],"seed_played":"8503773470893651253","potions_obtained":[{"floor":1.0,"key":"GhostInAJar"},{"floor":4.0,"key":"DistilledChaos"},{"floor":6.0,"key":"Block Potion"},{"floor":16.0,"key":"Fire Potion"},{"floor":20.0,"key":"DuplicationPotion"},{"floor":27.0,"key":"ColorlessPotion"},{"floor":31.0,"key":"Regen Potion"},{"floor":33.0,"key":"Dexterity Potion"},{"floor":35.0,"key":"Swift Potion"},{"floor":36.0,"key":"EntropicBrew"},{"floor":41.0,"key":"Explosive Potion"},{"floor":51.0,"key":"Fruit Juice"},{"floor":56,"key":"FearPotion"}],"is_trial":false,"path_per_floor":["M","M","M","M","?","E","T","E","T","?","R","M","?","E","R","B",null,"M","M","M","?","M","R","$","E","T","E","$","?","E","M","R","B",null,"M","M","M","M","?","R","E","$","T","M","E","$","T","?","R","B","B",null,"R","$","E","B",null],"character_chosen":"THE_SILENT","items_purchased":["HandOfGreed+1","Blur","aspiration:ChemicalBlood","Strawberry","Toy Ornithopter","Reflex","DuplicationPotion","Noxious Fumes"],"campfire_rested":1,"item_purchase_floors":[24,24,42,42,46,46,54,54],"current_hp_per_floor":[57,45,45,43,43,41,41,34,34,34,52,54,47,49,49,46,57,59,60,34,34,36,36,36,38,38,40,40,31,31,32,32,16,49,51,53,54,56,56,56,58,65,65,59,71,71,71,71,71,73,56,79,79,79,85,49],"gold":128,"neow_bonus":"NOSTALGIA","is_daily":false,"chose_seed":false,"campfire_upgraded":5,"win_rate":0.0,"timestamp":1611276789,"path_taken":["M","M","M","M","?","E","?","E","T","?","R","M","?","E","R","BOSS","M","M","M","?","M","R","$","E","T","E","$","?","E","M","R","BOSS","M","M","M","?","?","R","E","$","T","M","E","$","?","?","R","BOSS","BOSS","R","$","E","BOSS"],"items_purchased_type":["Card","Card","Relic","Relic","Relic","Card","Potion","Card"],"build_version":"2020-12-22","purchased_purges":3,"victory":true,"max_hp_per_floor":[66,66,66,66,60,60,60,60,60,60,60,60,60,60,60,60,60,60,60,60,60,60,60,60,60,60,60,60,60,60,60,60,60,60,60,60,60,60,60,60,60,67,67,67,77,77,77,77,77,77,87,87,87,87,87,87],"relic_stats":{"Blood Vial":45,"Tough Bandages":[867],"Torii":42,"counters":[29,178],"Golden Idol":206,"Tiny Chest":1,"MawBank":204,"Question Card":14,"obtain_stats":[{"Pear":45,"The Specimen":47,"Torii":55,"aspiration:Nostalgia":0,"Golden Idol":5,"SacredBark":34,"MawBank":25,"Question Card":26,"Blood Vial":7,"Anchor":8,"Tough Bandages":14,"CaptainsWheel":30,"Strawberry":42,"Molten Egg 2":6,"Tiny Chest":27,"animator:LivingPicture":0,"Coffee Dripper":17,"theSenshi:SailorFukuRelic":9,"Unceasing Top":41,"Toy Ornithopter":46,"Ring of the Snake":0,"aspiration:ChemicalBlood":42},{"Pear":25,"The Specimen":25,"Torii":28,"aspiration:Nostalgia":0,"Golden Idol":4,"SacredBark":18,"MawBank":14,"Question Card":14,"Blood Vial":5,"Anchor":6,"Tough Bandages":8,"CaptainsWheel":16,"Strawberry":23,"Molten Egg 2":5,"Tiny Chest":15,"animator:LivingPicture":0,"Coffee Dripper":9,"theSenshi:SailorFukuRelic":6,"Unceasing Top":23,"Toy Ornithopter":25,"Ring of the Snake":0,"aspiration:ChemicalBlood":23},{"Pear":140,"The Specimen":140,"Torii":165,"aspiration:Nostalgia":0,"Golden Idol":21,"SacredBark":99,"MawBank":69,"Question Card":69,"Blood Vial":28,"Anchor":32,"Tough Bandages":43,"CaptainsWheel":79,"Strawberry":125,"Molten Egg 2":28,"Tiny Chest":73,"animator:LivingPicture":0,"Coffee Dripper":51,"theSenshi:SailorFukuRelic":32,"Unceasing Top":125,"Toy Ornithopter":140,"Ring of the Snake":0,"aspiration:ChemicalBlood":125}],"Unceasing Top":[7],"Toy Ornithopter":37,"Ring of the Snake":[58]},"card_choices":[{"not_picked":["Setup","Deadly Poison"],"picked":"Reflex","floor":1.0},{"not_picked":["Bane","Sucker Punch"],"picked":"Dagger Throw","floor":2.0},{"not_picked":["Quick Slash","Flying Knee"],"picked":"Terror","floor":3.0},{"not_picked":["Outmaneuver","Cloak And Dagger"],"picked":"Bouncing Flask","floor":4.0},{"not_picked":["PiercingWail","Dagger Throw+1"],"picked":"Calculated Gamble","floor":6.0},{"not_picked":["Leg Sweep","Concentrate"],"picked":"Masterful Stab+1","floor":8.0},{"not_picked":["Bouncing Flask","Deadly Poison","Quick Slash+1"],"picked":"SKIP","floor":12.0},{"not_picked":["Bullet Time","Prepared"],"picked":"Footwork","floor":14.0},{"not_picked":["Doppelganger","Bullet Time"],"picked":"Adrenaline","floor":16.0},{"not_picked":["Deflect+1","Choke+1"],"picked":"All Out Attack+1","floor":18.0},{"not_picked":["Deadly Poison","Sucker Punch+1"],"picked":"Setup+1","floor":19.0},{"not_picked":["Deflect","Calculated Gamble"],"picked":"Backflip+1","floor":20.0},{"not_picked":["Underhanded Strike+1","PiercingWail"],"picked":"Well Laid Plans","floor":22.0},{"not_picked":["Slice+1","Backstab+1"],"picked":"Calculated Gamble","floor":25.0},{"not_picked":["Quick Slash+1","Eviscerate+1","Acrobatics"],"picked":"Masterful Stab+1","floor":27.0},{"not_picked":["Bane+1","Noxious Fumes","Sucker Punch+1"],"picked":"Phantasmal Killer","floor":30.0},{"not_picked":["Dagger Spray+1","Poisoned Stab+1","Blade Dance+1"],"picked":"Prepared","floor":31.0},{"not_picked":["After Image","A Thousand Cuts","Burst"],"picked":"Venomology","floor":33.0},{"not_picked":["Accuracy","Dagger Spray+1","Flechettes+1"],"picked":"Leg Sweep","floor":35.0},{"not_picked":["Bane+1","Deadly Poison","Quick Slash+1"],"picked":"Corpse Explosion","floor":36.0},{"not_picked":["Deflect","Blade Dance+1","Dagger Throw+1"],"picked":"Predator+1","floor":37.0},{"not_picked":["Poisoned Stab+1","Doppelganger","Cloak And Dagger"],"picked":"Footwork","floor":38.0},{"not_picked":["Dagger Throw+1","Setup","Blade Dance","Distraction"],"picked":"SKIP","floor":41.0},{"not_picked":["Prepared","Flying Knee+1","Dash+1","Underhanded Strike+1"],"picked":"SKIP","floor":45.0},{"not_picked":["Dagger Spray+1","Bane+1","All Out Attack+1"],"picked":"Malaise","floor":55.0}],"player_experience":1082277,"relics_obtained":[{"floor":6.0,"key":"Molten Egg 2"},{"floor":7.0,"key":"Blood Vial"},{"floor":8.0,"key":"Anchor"},{"floor":9.0,"key":"theSenshi:SailorFukuRelic"},{"floor":14.0,"key":"Tough Bandages"},{"floor":25.0,"key":"MawBank"},{"floor":26.0,"key":"Question Card"},{"floor":27.0,"key":"Tiny Chest"},{"floor":30.0,"key":"CaptainsWheel"},{"floor":41.0,"key":"Unceasing Top"},{"floor":45.0,"key":"Pear"},{"floor":47.0,"key":"The Specimen"},{"floor":55.0,"key":"Torii"}],"event_choices":[{"damage_healed":0.0,"max_hp_gain":0.0,"max_hp_loss":6.0,"gold_gain":0.0,"event_name":"Golden Idol","player_choice":"Lose Max HP","floor":5.0,"gold_loss":0.0,"damage_taken":0.0,"relics_obtained":["Golden Idol"]},{"cards_removed":["Strike_G"],"damage_healed":0.0,"max_hp_gain":0.0,"max_hp_loss":0.0,"gold_gain":0.0,"event_name":"Golden Wing","player_choice":"Card Removal","floor":13.0,"gold_loss":0.0,"damage_taken":7.0},{"damage_healed":0.0,"max_hp_gain":0.0,"max_hp_loss":0.0,"gold_gain":0.0,"cards_transformed":["Strike_G"],"event_name":"Transmorgrifier","player_choice":"Transformed","floor":21.0,"gold_loss":0.0,"damage_taken":0.0,"cards_obtained":["Wraith Form v2"]},{"damage_healed":0.0,"max_hp_gain":0.0,"max_hp_loss":0.0,"gold_gain":0.0,"event_name":"Wheel of Change","player_choice":"Damaged","floor":29.0,"gold_loss":0.0,"damage_taken":9.0},{"damage_healed":0.0,"max_hp_gain":0.0,"max_hp_loss":0.0,"gold_gain":0.0,"event_name":"Upgrade Shrine","player_choice":"Upgraded","floor":39.0,"gold_loss":0.0,"damage_taken":0.0,"cards_upgraded":["Calculated Gamble"]},{"damage_healed":0.0,"max_hp_gain":0.0,"max_hp_loss":0.0,"gold_gain":0.0,"event_name":"Tomb of Lord Red Mask","player_choice":"Ignored","floor":48.0,"gold_loss":0.0,"damage_taken":0.0}],"is_beta":false,"boss_relics":[{"not_picked":["Ectoplasm","Velvet Choker"],"picked":"Coffee Dripper"},{"not_picked":["aspiration:DefectSkillbook","Black Star"],"picked":"SacredBark"}],"items_purged_floors":[24,42,46],"is_endless":false,"potions_floor_spawned":[1,4,6,16,19,20,27,31,33,35,36,41,44],"ascension_level":20}}