{"host":"6rz02yiipefhcw4r","time":1611281539,"event":{"mods":["2.2 Compatiblity","BaseMod","Block Reminder","Colored Map","DeckTracker","Googly Eyes","Minty Spire (QoL Compilation)","Quick Restart","Rare Cards Sparkle","StSLib"],"gold_per_floor":[114,389,138,155,155,155,188,188,188,213,233,249,279,297,297,372,372,392,392,410,51,71,104,104,122,148,158,24,24,24,24],"floor_reached":30,"language":"ENG","playtime":1437,"items_purged":["Regret","Strike_B"],"score":575,"play_id":"70588635-fb11-4936-a295-bee9797d114f","local_time":"20210122001219","is_ascension_mode":true,"campfire_choices":[{"data":"Glacier","floor":6,"key":"SMITH"},{"data":"Capacitor","floor":8,"key":"SMITH"},{"floor":15,"key":"REST"},{"floor":24,"key":"REST"}],"circlet_count":0,"master_deck":["AscendersBane","Strike_B+1","Strike_B+1","Defend_B","Defend_B","Defend_B","Defend_B","Zap","Dualcast","Sweeping Beam","Glacier+1","Capacitor+1","Cold Snap","Glacier+1","Consume","Self Repair","Cold Snap","Compile Driver","Coolheaded","Darkness","Echo Form","Genetic Algorithm","Coolheaded","Defragment","Defragment","Defragment","Self Repair","Loop","Loop","Capacitor","Coolheaded"],"relics":["Cracked Core","NeowsBlessing","Whetstone","The Courier","Bag of Preparation","Torii","Philosopher\u0027s Stone","DollysMirror","Anchor","Nunchaku","Pear"],"acts_visited":["Exordium","TheCity"],"potions_floor_usage":[10,12,14,14,14,16,22,23,30],"damage_taken":[{"damage":0,"enemies":"Jaw Worm","floor":1,"turns":1},{"damage":0,"enemies":"Cultist","floor":4,"turns":1},{"damage":0,"enemies":"Gremlin Nob","floor":7,"turns":1},{"damage":17,"enemies":"3 Sentries","floor":10,"turns":7},{"damage":1,"enemies":"Small Slimes","floor":11,"turns":5},{"damage":17,"enemies":"Gremlin Gang","floor":12,"turns":6},{"damage":37,"enemies":"Gremlin Nob","floor":13,"turns":5},{"damage":0,"enemies":"Exordium Wildlife","floor":14,"turns":1},{"damage":16,"enemies":"Slime Boss","floor":16,"turns":7},{"damage":11,"enemies":"Spheric Guardian","floor":18,"turns":7},{"damage":14,"enemies":"Chosen","floor":20,"turns":6},{"damage":20,"enemies":"3 Cultists","floor":22,"turns":10},{"damage":27,"enemies":"Book of Stabbing","floor":23,"turns":10},{"damage":2,"enemies":"Snake Plant","floor":25,"turns":9},{"damage":22,"enemies":"Shelled Parasite and Fungi","floor":27,"turns":13},{"damage":57,"enemies":"Slavers","floor":30,"turns":4}],"seed_played":"3271439425293743227","potions_obtained":[{"floor":4,"key":"SpeedPotion"},{"floor":7,"key":"Explosive Potion"},{"floor":10,"key":"LiquidMemories"},{"floor":13,"key":"EntropicBrew"},{"floor":16,"key":"ColorlessPotion"},{"floor":18,"key":"Dexterity Potion"},{"floor":23,"key":"CultistPotion"},{"floor":25,"key":"Weak Potion"}],"is_trial":false,"path_per_floor":["M","?","$","M","?","R","E","R","T","E","M","M","E","M","R","B",null,"M","?","M","$","M","E","R","M","T","M","$","?","E"],"character_chosen":"DEFECT","items_purchased":["Glacier","Capacitor","Cold Snap","Defragment","Defragment","DollysMirror","Self Repair","Loop","Capacitor","Coolheaded"],"campfire_rested":2,"item_purchase_floors":[3,3,3,21,21,21,21,28,28,28],"current_hp_per_floor":[64,64,64,64,64,64,64,64,64,47,53,43,6,6,27,11,56,52,52,38,38,32,12,33,45,45,44,44,54,0,0],"gold":24,"neow_bonus":"THREE_ENEMY_KILL","is_daily":false,"chose_seed":false,"campfire_upgraded":2,"win_rate":0.0,"timestamp":1611281539,"path_taken":["M","?","$","?","?","R","E","R","T","E","?","M","E","M","R","BOSS","M","?","?","$","M","E","R","M","T","M","$","?","E"],"items_purchased_type":["Card","Card","Card","Card","Card","Relic","Card","Card","Card","Card"],"build_version":"2020-12-22","purchased_purges":2,"victory":false,"max_hp_per_floor":[71,71,71,71,71,71,71,71,71,71,71,71,71,71,71,71,71,71,71,71,71,71,71,71,71,71,71,71,81,81,81],"card_choices":[{"not_picked":["Turbo","Steam"],"picked":"Sweeping Beam","floor":1},{"not_picked":["Beam Cell","Sunder"],"picked":"Glacier","floor":4},{"not_picked":["Leap","Sweeping Beam"],"picked":"Consume","floor":7},{"not_picked":["Buffer","Conserve Battery"],"picked":"Self Repair","floor":10},{"not_picked":["Steam","Coolheaded"],"picked":"Cold Snap","floor":11},{"not_picked":["FTL","Streamline"],"picked":"Compile Driver","floor":12},{"not_picked":["Rip and Tear","Seek"],"picked":"Coolheaded","floor":13},{"not_picked":["Turbo","Steam"],"picked":"Darkness","floor":14},{"not_picked":["Meteor Strike","Machine Learning"],"picked":"Echo Form","floor":16},{"not_picked":["Cold Snap","Beam Cell"],"picked":"Genetic Algorithm","floor":18},{"not_picked":["Hologram","Steam"],"picked":"Coolheaded","floor":20},{"not_picked":["Leap+1","Fusion","Reprogram"],"picked":"SKIP","floor":22},{"not_picked":["Turbo","Streamline+1","Rip and Tear+1"],"picked":"SKIP","floor":23},{"not_picked":["Biased Cognition","Leap"],"picked":"Loop","floor":25},{"not_picked":["Gash+1","Hello World","Stack"],"picked":"SKIP","floor":27}],"player_experience":711976,"relics_obtained":[{"floor":7,"key":"Whetstone"},{"floor":9,"key":"The Courier"},{"floor":10,"key":"Bag of Preparation"},{"floor":13,"key":"Torii"},{"floor":23,"key":"Anchor"},{"floor":26,"key":"Nunchaku"}],"event_choices":[{"damage_healed":0,"gold_gain":275,"player_choice":"Desecrate","damage_taken":0,"max_hp_gain":0,"max_hp_loss":0,"event_name":"Golden Shrine","floor":2,"gold_loss":0,"cards_obtained":["Regret"]},{"damage_healed":0,"gold_gain":0,"player_choice":"Forge","damage_taken":0,"max_hp_gain":0,"max_hp_loss":0,"event_name":"Accursed Blacksmith","floor":5,"gold_loss":0,"cards_upgraded":["Glacier"]},{"cards_removed":["Strike_B"],"damage_healed":0,"gold_gain":0,"player_choice":"Purged","damage_taken":0,"max_hp_gain":0,"max_hp_loss":0,"event_name":"Purifier","floor":19,"gold_loss":0},{"damage_healed":0,"gold_gain":0,"player_choice":"Gave Potion","damage_taken":0,"relics_obtained":["Pear"],"max_hp_gain":0,"max_hp_loss":0,"event_name":"WeMeetAgain","floor":29,"gold_loss":0}],"is_beta":false,"boss_relics":[{"not_picked":["Black Star","Nuclear Battery"],"picked":"Philosopher\u0027s Stone"}],"items_purged_floors":[3,21],"is_endless":false,"potions_floor_spawned":[4,7,10,13,16,18,23,25],"killed_by":"Slavers","ascension_level":19}}