{"host":"41y51qpuw3tri6uv","time":1611296102,"event":{"mods":["AchievementEnabler","BaseMod","Bestiary","Better Altar","Better Match","Better Note","Better Sensory Stone","Better Skull","Better Third Choice","Better Vampires","Colored Map","Colored Powertips","DeckTracker","Minty Spire (QoL Compilation)","Permanent Neow","Quick Restart","Random Character Button","StSLib","SuperFastMode","Synergy Search","Thieving Mod"],"gold_per_floor":[117,11,31,31,31,66,83,116,116,116,130,130,230,256,256,352,352,352,352,352,26,26,26,26,26,26,26,26,26,26,26,26,26,26,26,26,26,26,26,26,26,26,26,26,26,26,26,26,26,26],"floor_reached":51,"language":"ENG","playtime":1896,"items_purged":["Strike_R"],"score":1051,"play_id":"6341f39e-00b1-47fd-ad00-1fc9a0098327","local_time":"20210122011502","is_ascension_mode":true,"campfire_choices":[{"data":"Whirlwind","floor":10.0,"key":"SMITH"},{"data":"Armaments","floor":12.0,"key":"SMITH"},{"data":"Inflame","floor":15.0,"key":"SMITH"},{"data":"Barricade","floor":23.0,"key":"SMITH"},{"data":"True Grit","floor":25.0,"key":"SMITH"},{"data":"Heavy Blade","floor":28.0,"key":"SMITH"},{"data":"Heavy Blade","floor":32.0,"key":"SMITH"},{"floor":49,"key":"REST"}],"circlet_count":0,"master_deck":["Strike_R+1","Strike_R+1","Defend_R+1","Defend_R+1","Defend_R+1","Defend_R+1","Bash+1","Inflame+1","Cleave+1","Iron Wave+1","Armaments+1","Whirlwind+1","Shrug It Off+1","Metallicize+1","Battle Trance+1","Metallicize+1","Barricade+1","Feel No Pain+1","True Grit+1","Thunderclap+1","Ghostly Armor+1","Heavy Blade+1","Heavy Blade+1","Limit Break+1"],"relics":["Burning Blood","Vajra","Regal Pillow","Letter Opener","Bronze Scales","Dead Branch","Ectoplasm","Lantern","Sling","Shuriken","Darkstone Periapt","Smiling Mask","InkBottle","PreservedInsect","Tiny Chest","Philosopher\u0027s Stone","Mark of the Bloom","Paper Frog","The Courier","Molten Egg 2","Sundial","Bag of Preparation","TungstenRod","Juzu Bracelet"],"acts_visited":["Exordium","TheCity","TheBeyond"],"potions_floor_usage":[40,42,50,50,50],"damage_taken":[{"damage":7.0,"enemies":"Small Slimes","floor":1.0,"turns":4.0},{"damage":6.0,"enemies":"2 Louse","floor":3.0,"turns":3.0},{"damage":21.0,"enemies":"Gremlin Nob","floor":6.0,"turns":4.0},{"damage":6.0,"enemies":"Cultist","floor":7.0,"turns":3.0},{"damage":19.0,"enemies":"3 Sentries","floor":8.0,"turns":6.0},{"damage":0.0,"enemies":"Gremlin Gang","floor":11.0,"turns":1.0},{"damage":10.0,"enemies":"Lagavulin","floor":14.0,"turns":4.0},{"damage":18.0,"enemies":"The Guardian","floor":16.0,"turns":11.0},{"damage":7.0,"enemies":"3 Byrds","floor":18.0,"turns":3.0},{"damage":16.0,"enemies":"Spheric Guardian","floor":19.0,"turns":4.0},{"damage":14.0,"enemies":"Shelled Parasite and Fungi","floor":20.0,"turns":6.0},{"damage":0.0,"enemies":"Snecko","floor":22.0,"turns":2.0},{"damage":0.0,"enemies":"Gremlin Leader","floor":24.0,"turns":6.0},{"damage":19.0,"enemies":"Slavers","floor":27.0,"turns":3.0},{"damage":3.0,"enemies":"Gremlin Leader","floor":31.0,"turns":5.0},{"damage":6.0,"enemies":"Champ","floor":33.0,"turns":12.0},{"damage":6.0,"enemies":"Orb Walker","floor":35.0,"turns":4.0},{"damage":0,"enemies":"Giant Head","floor":40,"turns":3},{"damage":1,"enemies":"3 Darklings","floor":41,"turns":3},{"damage":0,"enemies":"Reptomancer","floor":42,"turns":2},{"damage":58,"enemies":"Nemesis","floor":44,"turns":6},{"damage":5,"enemies":"Giant Head","floor":46,"turns":4},{"damage":6,"enemies":"Donu and Deca","floor":50,"turns":6}],"seed_played":"3119311226950418305","potions_obtained":[{"floor":1.0,"key":"Regen Potion"},{"floor":7.0,"key":"AttackPotion"},{"floor":8.0,"key":"SmokeBomb"},{"floor":16.0,"key":"AttackPotion"},{"floor":18.0,"key":"BloodPotion"},{"floor":20.0,"key":"FearPotion"},{"floor":31.0,"key":"SneckoOil"},{"floor":33.0,"key":"AttackPotion"},{"floor":40,"key":"Fruit Juice"},{"floor":41,"key":"Dexterity Potion"},{"floor":48,"key":"Strength Potion"}],"is_trial":false,"path_per_floor":["M","$","M","$","?","E","M","E","T","R","M","R","?","E","R","B",null,"M","M","M","$","M","R","E","R","T","E","R","?","$","E","R","B",null,"M","?","$","?","?","E","M","E","T","E","T","E","?","?","R","B",null],"character_chosen":"IRONCLAD","items_purchased":["Cleave","Iron Wave","Shuriken"],"campfire_rested":1,"item_purchase_floors":[2,2,21],"current_hp_per_floor":[79,79,79,79,63,48,48,35,35,35,41,41,41,46,46,34,80,79,69,77,77,80,80,80,80,80,67,67,67,67,70,70,70,80,80,80,80,80,80,80,79,79,79,21,21,16,16,16,16,10],"gold":26,"neow_bonus":"REMOVE_CARD","is_daily":false,"chose_seed":false,"campfire_upgraded":7,"win_rate":0.0,"timestamp":1611296102,"path_taken":["M","$","M","$","?","E","M","E","T","R","M","R","?","E","R","BOSS","M","?","M","$","?","R","E","R","T","E","R","?","$","E","R","BOSS","M","?","$","?","?","E","M","E","T","E","?","E","?","?","R","BOSS"],"items_purchased_type":["Card","Card","Relic"],"build_version":"2020-12-22","purchased_purges":1,"victory":true,"max_hp_per_floor":[80,80,80,80,80,80,80,80,80,80,80,80,80,80,80,80,80,80,80,80,80,80,80,80,80,80,80,80,80,80,80,80,80,80,80,80,80,80,80,85,85,85,85,85,85,85,85,85,85,85],"card_choices":[{"not_picked":["Burning Pact","Power Through","Clash"],"picked":"SKIP","floor":1.0},{"not_picked":["Sword Boomerang","Warcry"],"picked":"Armaments","floor":3.0},{"not_picked":["Flex","Combust"],"picked":"Shrug It Off","floor":6.0},{"not_picked":["Feel No Pain","Rampage"],"picked":"Pommel Strike","floor":7.0},{"not_picked":["Infernal Blade","Shrug It Off"],"picked":"Metallicize","floor":8.0},{"not_picked":["Iron Wave","Ghostly Armor"],"picked":"Battle Trance","floor":11.0},{"not_picked":["Iron Wave","Cleave"],"picked":"Metallicize","floor":14.0},{"not_picked":["Juggernaut","Bludgeon"],"picked":"Barricade","floor":16.0},{"not_picked":["Battle Trance","Clash"],"picked":"Feel No Pain+1","floor":18.0},{"not_picked":["Searing Blow","Clothesline"],"picked":"True Grit","floor":19.0},{"not_picked":["Armaments","Seeing Red"],"picked":"Thunderclap","floor":20.0},{"not_picked":["Havoc+1","Pummel+1"],"picked":"Ghostly Armor+1","floor":22.0},{"not_picked":["Fire Breathing+1","Dual Wield","Intimidate+1"],"picked":"SKIP","floor":24.0},{"not_picked":["Iron Wave","Combust+1"],"picked":"Heavy Blade","floor":27.0},{"not_picked":["Power Through","Seeing Red"],"picked":"Heavy Blade","floor":31.0},{"not_picked":["Offering","Exhume"],"picked":"Limit Break","floor":33.0},{"not_picked":["Perfected Strike+1","Seeing Red+1","Dark Embrace+1"],"picked":"SKIP","floor":35.0},{"not_picked":["Power Through+1","Rage","Whirlwind"],"picked":"SKIP","floor":40},{"not_picked":["True Grit","Sword Boomerang","Clothesline+1"],"picked":"SKIP","floor":41},{"not_picked":["Battle Trance","Armaments+1","Flame Barrier"],"picked":"SKIP","floor":42},{"not_picked":["Hemokinesis+1","Carnage+1","Sword Boomerang+1"],"picked":"SKIP","floor":44},{"not_picked":["Brutality","Flex","Headbutt+1"],"picked":"SKIP","floor":46}],"player_experience":122376,"relics_obtained":[{"floor":6.0,"key":"Regal Pillow"},{"floor":8.0,"key":"Letter Opener"},{"floor":9.0,"key":"Bronze Scales"},{"floor":14.0,"key":"Dead Branch"},{"floor":24.0,"key":"Darkstone Periapt"},{"floor":26.0,"key":"Smiling Mask"},{"floor":27.0,"key":"InkBottle"},{"floor":31.0,"key":"Tiny Chest"},{"floor":40,"key":"The Courier"},{"floor":42,"key":"Molten Egg 2"},{"floor":43,"key":"Sundial"},{"floor":44,"key":"Bag of Preparation"},{"floor":45,"key":"TungstenRod"},{"floor":46,"key":"Juzu Bracelet"}],"event_choices":[{"damage_healed":79.0,"max_hp_gain":0.0,"max_hp_loss":80.0,"gold_gain":0.0,"event_name":"betterThird:BetterShining","player_choice":"Upgrade","floor":5.0,"gold_loss":0.0,"damage_taken":16.0,"cards_upgraded":["Bash","Iron Wave"]},{"damage_healed":0.0,"max_hp_gain":0.0,"max_hp_loss":0.0,"gold_gain":100.0,"event_name":"Wheel of Change","player_choice":"Gold","floor":13.0,"gold_loss":0.0,"damage_taken":0.0},{"cards_removed":["Strike_R"],"damage_healed":0.0,"max_hp_gain":0.0,"max_hp_loss":0.0,"gold_gain":0.0,"event_name":"betterNote:BetterNote","player_choice":"Give","floor":29.0,"gold_loss":0.0,"damage_taken":0.0,"cards_obtained":["None"]},{"damage_healed":0.0,"max_hp_gain":0.0,"max_hp_loss":0.0,"gold_gain":0.0,"event_name":"MindBloom","player_choice":"Upgrade","floor":36.0,"gold_loss":0.0,"damage_taken":0.0,"cards_upgraded":["Strike_R","Strike_R","Strike_R","Defend_R","Defend_R","Defend_R","Defend_R","Cleave","Shrug It Off","Pommel Strike","Metallicize","Battle Trance","Metallicize","Thunderclap","Limit Break"],"relics_obtained":["Mark of the Bloom"]},{"cards_removed":["Pommel Strike"],"damage_healed":0,"gold_gain":0,"player_choice":"Removed Attack","damage_taken":0,"max_hp_gain":0,"max_hp_loss":0,"event_name":"Falling","floor":38,"gold_loss":0},{"cards_removed":["Strike_R"],"damage_healed":0,"gold_gain":0,"player_choice":"Purged","damage_taken":0,"max_hp_gain":0,"max_hp_loss":0,"event_name":"Purifier","floor":39,"gold_loss":0},{"damage_healed":0,"gold_gain":100,"player_choice":"Pray","damage_taken":0,"max_hp_gain":0,"max_hp_loss":0,"event_name":"Golden Shrine","floor":47,"gold_loss":0},{"damage_healed":0,"gold_gain":0,"player_choice":"Got Potions","damage_taken":0,"max_hp_gain":0,"max_hp_loss":0,"event_name":"Lab","floor":48,"gold_loss":0}],"is_beta":false,"boss_relics":[{"not_picked":["Tiny House","Coffee Dripper"],"picked":"Ectoplasm"},{"not_picked":["Runic Cube","SacredBark"],"picked":"Philosopher\u0027s Stone"}],"items_purged_floors":[21],"is_endless":false,"potions_floor_spawned":[1,7,8,16,18,20,31,33,40,41],"ascension_level":2}}