{"host":"ws4mzzemcqsz5e2k","time":1611314170,"event":{"mods":["Act Like it!","BaseMod","Better Synergies","Colored Powertips","Downfall","Minty Spire (QoL Compilation)","Quick Restart","Relic Stats","StSLib","没有小屋子和绿帽子啦"],"gold_per_floor":[99,110,110,129,129,129,156,56,66,82,99,99,9,21,35,134,134,34,54,54,85,85,97,145,161,46,57,92,106,6,25,35,137,137,137,151,162,319,339,339,339,356,379,429,480,330,330,344,361,361,361,392,61,61,61,61],"floor_reached":57,"language":"ZHS","playtime":3935,"items_purged":["bronze:Strike","bronze:Strike","downfall:Malfunctioning","bronze:Defend","bronze:Defend"],"score":1195,"play_id":"fc2dbe29-7366-4e02-9f0d-b5de3e260f0b","local_time":"20210122191610","is_ascension_mode":false,"campfire_choices":[{"floor":1.0,"key":"RECALL"},{"data":"bronze:Goto","floor":8.0,"key":"SMITH"},{"data":"bronze:BugBarrage","floor":12.0,"key":"SMITH"},{"data":"bronze:Repair","floor":18.0,"key":"SMITH"},{"data":"bronze:FineTuning","floor":30.0,"key":"SMITH"},{"data":"bronze:FineTuning","floor":35.0,"key":"SMITH"},{"data":"bronze:FineTuning","floor":40.0,"key":"SMITH"},{"data":"bronze:Mutator","floor":47,"key":"SMITH"},{"floor":54,"key":"REST"}],"circlet_count":0,"master_deck":["bronze:Replicate","bronze:Goto+1","bronze:ChosenStrike","bronze:BugBarrage+1","bronze:Repair+1","bronze:Repulsor","bronze:Iterate+1","RitualDagger+1","bronze:BuggyMess+1","bronze:FineTuning+1","bronze:Mutator+1","bronze:FineTuning+1","bronze:FineTuning+1","bronze:ForLoop+1","bronze:AlphaBuild+1","bronze:Backtrace+1","bronze:BugBarrage+1","bronze:BuggyMess+1","bronze:ItsAFeature","bronze:Return","bronze:Virus"],"relics":["bronze:BronzeCore","downfall:HeartBlessingRed","Philosopher\u0027s Stone","downfall:HeartBlessingBlue","Red Mask","Centennial Puzzle","InkBottle","downfall:HeartBlessingGreen","Astrolabe","Sundial","Boot","Du-Vu Doll","Mango","FossilizedHelix","Bag of Preparation"],"acts_visited":["Exordium","TheCity","TheBeyond","TheEnding"],"potions_floor_usage":[48,55,55],"damage_taken":[{"damage":0.0,"enemies":"Small Slimes","floor":2.0,"turns":3.0},{"damage":7.0,"enemies":"2 Louse","floor":4.0,"turns":3.0},{"damage":1.0,"enemies":"Jaw Worm","floor":9.0,"turns":3.0},{"damage":8.0,"enemies":"Red Slaver","floor":10.0,"turns":2.0},{"damage":8.0,"enemies":"Gremlin Gang","floor":11.0,"turns":3.0},{"damage":1.0,"enemies":"downfall:FleeingMerchant","floor":13.0,"turns":4.0},{"damage":0.0,"enemies":"Exordium Thugs","floor":14.0,"turns":3.0},{"damage":7.0,"enemies":"Blue Slaver","floor":15.0,"turns":2.0},{"damage":65.0,"enemies":"DF_ARCHETYPE_STREAMLINE","floor":16.0,"turns":7.0},{"damage":25.0,"enemies":"Spheric Guardian","floor":19.0,"turns":4.0},{"damage":8.0,"enemies":"Masked Bandits","floor":21.0,"turns":3.0},{"damage":6.0,"enemies":"3 Byrds","floor":23.0,"turns":3.0},{"damage":14.0,"enemies":"3 Cultists","floor":25.0,"turns":3.0},{"damage":15.0,"enemies":"downfall:FleeingMerchant","floor":26.0,"turns":4.0},{"damage":0.0,"enemies":"Snecko","floor":27.0,"turns":3.0},{"damage":10.0,"enemies":"Book of Stabbing","floor":28.0,"turns":2.0},{"damage":0.0,"enemies":"Sentry and Sphere","floor":29.0,"turns":2.0},{"damage":8.0,"enemies":"Cultist and Chosen","floor":31.0,"turns":3.0},{"damage":29.0,"enemies":"Snecko","floor":32.0,"turns":5.0},{"damage":9.0,"enemies":"IC_MUSHROOM_ARCHETYPE","floor":33.0,"turns":3.0},{"damage":8.0,"enemies":"Orb Walker","floor":36.0,"turns":2.0},{"damage":0.0,"enemies":"3 Shapes","floor":37.0,"turns":2.0},{"damage":0.0,"enemies":"downfall:FleeingMerchant","floor":38.0,"turns":2.0},{"damage":12.0,"enemies":"Jaw Worm Horde","floor":39.0,"turns":5.0},{"damage":0.0,"enemies":"Writhing Mass","floor":42.0,"turns":1.0},{"damage":0,"enemies":"Writhing Mass","floor":44,"turns":4},{"damage":0,"enemies":"2 Orb Walkers","floor":45,"turns":1},{"damage":32,"enemies":"3 Darklings","floor":48,"turns":5},{"damage":0,"enemies":"Maw","floor":49,"turns":3},{"damage":75,"enemies":"SI_POISON_ARCHETYPE","floor":50,"turns":7},{"damage":49,"enemies":"downfall:CharBossMerchant","floor":52,"turns":4},{"damage":30,"enemies":"downfall:NeowBoss","floor":55,"turns":9},{"damage":105,"enemies":"downfall:NeowBossFinal","floor":56,"turns":5}],"seed_played":"4972788888160973598","potions_obtained":[{"floor":4.0,"key":"Fire Potion"},{"floor":9.0,"key":"DistilledChaos"},{"floor":11.0,"key":"Strength Potion"},{"floor":14.0,"key":"bronze:BurnAndBuffPotion"},{"floor":25.0,"key":"bronze:BurnAndBuffPotion"},{"floor":27.0,"key":"DistilledChaos"},{"floor":31.0,"key":"ColorlessPotion"},{"floor":33.0,"key":"FairyPotion"},{"floor":49,"key":"Strength Potion"}],"is_trial":false,"path_per_floor":["R","M","?","M","?","?","T","R","M","M","M","R","$","M","M","B",null,"R","M","?","?","?","M","T","M","$","M","E","M","R","M","M","B",null,"R","M","M","$","M","R","T","M","T","?","?","$","R","M","M","B",null,"E","$","R","B","B",null],"character_chosen":"THE_AUTOMATON","items_purchased":["Swift Potion","Bag of Preparation"],"campfire_rested":1,"item_purchase_floors":[38,53],"current_hp_per_floor":[77,77,77,70,75,75,75,75,74,66,58,58,64,71,71,13,82,92,73,67,69,69,73,73,69,65,76,76,76,76,78,59,60,92,92,84,84,92,92,92,92,92,92,92,106,106,106,88,100,35,106,66,66,97,67,31],"gold":61,"neow_bonus":"TEN_PERCENT_HP_BONUS","is_daily":false,"chose_seed":false,"campfire_upgraded":7,"win_rate":0.0,"timestamp":1611314170,"path_taken":["R","M","?","M","?","?","T","R","M","M","M","R","$","M","M","BOSS","R","M","?","?","?","?","T","?","$","M","E","M","R","M","M","BOSS","R","?","M","$","M","R","T","M","?","?","?","$","R","M","M","BOSS","E","$","R","BOSS","BOSS"],"items_purchased_type":["Potion","Relic"],"build_version":"2020-12-22","purchased_purges":5,"victory":true,"max_hp_per_floor":[77,77,77,77,82,82,82,82,82,82,82,82,82,82,82,82,82,92,92,92,92,92,92,92,92,92,92,92,92,92,92,92,92,92,92,92,92,92,92,92,92,92,92,92,106,106,106,106,106,106,106,106,106,106,106,106],"relic_stats":{"Centennial Puzzle":[39],"counters":[33,115],"Sundial":[12],"Astrolabe":["bronze:ForLoop","bronze:AlphaBuild","bronze:Backtrace"],"Bag of Preparation":[4],"Boot":[76],"obtain_stats":[{"bronze:BronzeCore":0,"downfall:HeartBlessingRed":8,"Astrolabe":34,"downfall:HeartBlessingGreen":30,"Mango":45,"Bag of Preparation":53,"Boot":43,"Du-Vu Doll":44,"Centennial Puzzle":24,"downfall:HeartBlessingBlue":18,"Sundial":41,"Philosopher\u0027s Stone":17,"Red Mask":21,"InkBottle":28,"FossilizedHelix":52},{"bronze:BronzeCore":0,"downfall:HeartBlessingRed":2,"Astrolabe":20,"downfall:HeartBlessingGreen":17,"Mango":27,"Bag of Preparation":31,"Boot":25,"Du-Vu Doll":26,"Centennial Puzzle":12,"downfall:HeartBlessingBlue":9,"Sundial":24,"Philosopher\u0027s Stone":9,"Red Mask":11,"InkBottle":16,"FossilizedHelix":31},{"bronze:BronzeCore":0,"downfall:HeartBlessingRed":6,"Astrolabe":65,"downfall:HeartBlessingGreen":54,"Mango":82,"Bag of Preparation":101,"Boot":77,"Du-Vu Doll":81,"Centennial Puzzle":40,"downfall:HeartBlessingBlue":30,"Sundial":76,"Philosopher\u0027s Stone":30,"Red Mask":37,"InkBottle":52,"FossilizedHelix":101}],"InkBottle":[30]},"card_choices":[{"not_picked":["bronze:WildBeam","bronze:ForLoop","bronze:Overload"],"picked":"SKIP","floor":2.0},{"not_picked":["bronze:Deprecate","bronze:Boost","bronze:BronzeOrb"],"picked":"SKIP","floor":4.0},{"not_picked":["bronze:Safeguard","bronze:Deprecate"],"picked":"bronze:BugBarrage","floor":9.0},{"not_picked":["bronze:BronzeOrb","bronze:WhirlingStrike","bronze:NullPointer"],"picked":"SKIP","floor":10.0},{"not_picked":["bronze:NullPointer","bronze:BitShift"],"picked":"bronze:Repair","floor":11.0},{"not_picked":["bronze:Break","bronze:Shell","bronze:DelayedGuard"],"picked":"SKIP","floor":13.0},{"not_picked":["bronze:Branch","bronze:Fortify"],"picked":"bronze:Repulsor","floor":14.0},{"not_picked":["bronze:Backtrace","bronze:GetLatest","bronze:BronzeOrb"],"picked":"SKIP","floor":15.0},{"not_picked":["bronze:NullPointer","bronze:BronzeOrb+1"],"picked":"bronze:Iterate","floor":19.0},{"not_picked":["bronze:Philosophize","bronze:Iterate"],"picked":"bronze:BuggyMess+1","floor":21.0},{"not_picked":["bronze:Shell+1","bronze:Overheat+1"],"picked":"bronze:FineTuning","floor":23.0},{"not_picked":["bronze:DelayedSlice+1","bronze:DigitalCarnage","bronze:Turbo"],"picked":"SKIP","floor":25.0},{"not_picked":["bronze:Branch","bronze:BuggyMess"],"picked":"bronze:Mutator","floor":26.0},{"not_picked":["bronze:WhirlingStrike","bronze:Shield","bronze:OilSpill"],"picked":"SKIP","floor":27.0},{"not_picked":["bronze:Branch","bronze:Shield","bronze:DelayedGuard"],"picked":"SKIP","floor":28.0},{"not_picked":["bronze:Fortify","bronze:Branch+1"],"picked":"bronze:FineTuning","floor":29.0},{"not_picked":["bronze:BronzeOrb","bronze:WhirlingStrike","bronze:DelayedGuard"],"picked":"SKIP","floor":31.0},{"not_picked":["bronze:Iterate","bronze:Turbo"],"picked":"bronze:FineTuning","floor":32.0},{"not_picked":["bronze:DelayedSlice+1","bronze:Repulsor+1","bronze:Overheat+1"],"picked":"SKIP","floor":36.0},{"not_picked":["bronze:Branch+1","bronze:Repulsor+1"],"picked":"bronze:BugBarrage+1","floor":37.0},{"not_picked":["bronze:WildBeam","bronze:GetLatest"],"picked":"bronze:BuggyMess+1","floor":38.0},{"not_picked":["bronze:WhirlingStrike","bronze:Frontload+1","bronze:Turbo+1"],"picked":"SKIP","floor":39.0},{"not_picked":["bronze:BuggyMess+1","bronze:Frontload+1","bronze:ShipIt"],"picked":"SKIP","floor":42.0},{"not_picked":["bronze:Repulsor","bronze:Turbo+1"],"picked":"bronze:ItsAFeature","floor":45},{"not_picked":["bronze:ClassDefault+1","bronze:Turbo+1"],"picked":"bronze:Return","floor":48},{"not_picked":["bronze:Invalidate","bronze:Overload+1","bronze:Turbo+1"],"picked":"SKIP","floor":49},{"not_picked":["bronze:BurnOut","bronze:BuggyMess"],"picked":"bronze:Virus","floor":52}],"player_experience":1636304,"relics_obtained":[{"floor":21.0,"key":"Red Mask"},{"floor":24.0,"key":"Centennial Puzzle"},{"floor":28.0,"key":"InkBottle"},{"floor":41.0,"key":"Sundial"},{"floor":43.0,"key":"Boot"},{"floor":44,"key":"Du-Vu Doll"},{"floor":45,"key":"Mango"},{"floor":52,"key":"FossilizedHelix"}],"event_choices":[{"damage_healed":0.0,"max_hp_gain":5.0,"max_hp_loss":0.0,"gold_gain":0.0,"event_name":"Big Fish","player_choice":"Donut","floor":5.0,"gold_loss":0.0,"damage_taken":0.0},{"damage_healed":0.0,"max_hp_gain":0.0,"max_hp_loss":0.0,"gold_gain":0.0,"event_name":"Masked Bandits","player_choice":"Fought Bandits","floor":21.0,"gold_loss":0.0,"damage_taken":0.0},{"damage_healed":0,"gold_gain":0,"player_choice":"Fight","damage_taken":0,"max_hp_gain":0,"max_hp_loss":0,"event_name":"Mysterious Sphere","floor":45,"gold_loss":0}],"is_beta":false,"boss_relics":[{"not_picked":["Velvet Choker","Calling Bell"],"picked":"Philosopher\u0027s Stone"},{"not_picked":["Cursed Key","Black Star"],"picked":"Astrolabe"}],"items_purged_floors":[13,26,38,46,53],"is_endless":false,"potions_floor_spawned":[4,9,11,14,15,25,27,31,32,33,42,45,49],"ascension_level":0}}