{"host":"jscggscbx0p7706o","time":1611290822,"event":{"mods":["AchievementEnabler","BaseMod","Block Reminder","Colored Powertips","Minty Spire (QoL Compilation)","Permanent Neow","Quick Restart","StSLib"],"gold_per_floor":[360,371,371,113,124,3,3,31,43,112,131,149,168,168,186,205,205,205,308,308,325,103,123,223,236,262,262,281,281,316,363,380,380,400,419,318,318,421,421,439,439,439,214,231,231,261,373,385,411,437,460,87,101,101,101],"floor_reached":56,"language":"ENG","playtime":2711,"items_purged":["Strike_B","Strike_B","Strike_B","Strike_B","Defend_B"],"score":954,"play_id":"f34f05e2-a04c-4e71-9889-fc99280ef052","local_time":"20210122124702","is_ascension_mode":false,"campfire_choices":[{"data":"Defragment","floor":7.0,"key":"SMITH"},{"data":"Chill","floor":17.0,"key":"SMITH"},{"data":"Loop","floor":18.0,"key":"SMITH"},{"data":"Zap","floor":27.0,"key":"SMITH"},{"data":"Creative AI","floor":33.0,"key":"SMITH"},{"data":"Defragment","floor":37.0,"key":"SMITH"},{"data":"Sunder","floor":45,"key":"SMITH"},{"data":"Lockon","floor":54,"key":"SMITH"}],"circlet_count":0,"master_deck":["Defend_B","Defend_B","Defend_B","Zap+1","Dualcast+1","Defragment+1","Sunder+1","Chill+1","Coolheaded+1","Defragment+1","BootSequence+1","Conserve Battery+1","Coolheaded+1","Loop+1","Meteor Strike","Chaos+1","Conserve Battery+1","Creative AI+1","Hologram+1","White Noise+1","Defragment+1","Amplify+1","Electrodynamics+1","Hologram+1","Conserve Battery+1","Echo Form","Lockon+1","White Noise+1"],"relics":["Cracked Core","Membership Card","Toxic Egg 2","Incense Burner","Pear","Nuclear Battery","TungstenRod","Potion Belt","White Beast Statue","Akabeko","Sozu","Torii","Oddly Smooth Stone","OrangePellets","MawBank","Ice Cream","DataDisk","FossilizedHelix"],"acts_visited":["Exordium","TheCity","TheBeyond"],"potions_floor_usage":[40,40],"damage_taken":[{"damage":0.0,"enemies":"2 Louse","floor":1.0,"turns":2.0},{"damage":0.0,"enemies":"Cultist","floor":2.0,"turns":4.0},{"damage":1.0,"enemies":"Jaw Worm","floor":5.0,"turns":3.0},{"damage":16.0,"enemies":"Gremlin Nob","floor":8.0,"turns":4.0},{"damage":3.0,"enemies":"Lots of Slimes","floor":9.0,"turns":4.0},{"damage":0.0,"enemies":"Exordium Wildlife","floor":11.0,"turns":5.0},{"damage":0.0,"enemies":"Red Slaver","floor":12.0,"turns":4.0},{"damage":2.0,"enemies":"3 Louse","floor":13.0,"turns":3.0},{"damage":0.0,"enemies":"Exordium Thugs","floor":15.0,"turns":4.0},{"damage":0.0,"enemies":"Large Slime","floor":16.0,"turns":5.0},{"damage":23.0,"enemies":"Slime Boss","floor":19.0,"turns":15.0},{"damage":1.0,"enemies":"3 Byrds","floor":21.0,"turns":7.0},{"damage":7.0,"enemies":"Spheric Guardian","floor":23.0,"turns":4.0},{"damage":0.0,"enemies":"3 Cultists","floor":25.0,"turns":8.0},{"damage":7.0,"enemies":"Book of Stabbing","floor":26.0,"turns":8.0},{"damage":7.0,"enemies":"Sentry and Sphere","floor":28.0,"turns":6.0},{"damage":0.0,"enemies":"Slavers","floor":30.0,"turns":8.0},{"damage":0.0,"enemies":"Snecko","floor":32.0,"turns":6.0},{"damage":9.0,"enemies":"Cultist and Chosen","floor":34.0,"turns":9.0},{"damage":0.0,"enemies":"Sentry and Sphere","floor":35.0,"turns":7.0},{"damage":0.0,"enemies":"Champ","floor":38.0,"turns":6.0},{"damage":10,"enemies":"3 Shapes","floor":40,"turns":7},{"damage":0,"enemies":"Orb Walker","floor":44,"turns":4},{"damage":0,"enemies":"Giant Head","floor":46,"turns":13},{"damage":0,"enemies":"Sphere and 2 Shapes","floor":49,"turns":4},{"damage":8,"enemies":"Spire Growth","floor":50,"turns":6},{"damage":0,"enemies":"4 Shapes","floor":51,"turns":4},{"damage":0,"enemies":"Sphere and 2 Shapes","floor":53,"turns":4},{"damage":0,"enemies":"Donu and Deca","floor":55,"turns":6}],"seed_played":"-4137675951193141000","potions_obtained":[{"floor":1.0,"key":"PowerPotion"},{"floor":2.0,"key":"PowerPotion"},{"floor":8.0,"key":"ColorlessPotion"},{"floor":13.0,"key":"Dexterity Potion"},{"floor":23.0,"key":"Block Potion"},{"floor":25.0,"key":"DuplicationPotion"},{"floor":30.0,"key":"Explosive Potion"},{"floor":32.0,"key":"Block Potion"},{"floor":34.0,"key":"Explosive Potion"},{"floor":35.0,"key":"Regen Potion"}],"is_trial":false,"path_per_floor":["M","M","?","$","M","$","R","E","M","T","M","M","M","?","M","M","R","R","B",null,"M","$","M","?","M","E","R","M","?","E","T","M","R","M","M","$","R","B",null,"M","T","?","$","M","R","E","?","T","M","M","M","$","M","R","B",null],"character_chosen":"DEFECT","items_purchased":["Membership Card","Defragment","Sunder","Toxic Egg 2","Conserve Battery+1","TungstenRod","Amplify+1","Oddly Smooth Stone","OrangePellets","Echo Form","Lockon","DataDisk","FossilizedHelix"],"campfire_rested":0,"item_purchase_floors":[4,4,4,6,22,22,36,43,43,52,52,52,52],"current_hp_per_floor":[68,68,68,68,67,67,67,51,48,58,58,58,56,56,56,56,56,56,33,78,77,77,70,70,70,63,63,56,56,56,56,56,56,47,47,47,47,47,78,68,68,68,68,68,68,68,68,68,68,60,60,60,60,60,60],"gold":101,"neow_bonus":"TWO_FIFTY_GOLD","is_daily":false,"chose_seed":false,"campfire_upgraded":8,"win_rate":0.0,"timestamp":1611290822,"path_taken":["M","M","?","$","M","$","R","E","M","T","?","M","?","?","M","M","R","R","BOSS","M","$","M","?","?","E","R","M","?","E","T","M","R","?","M","$","R","BOSS","BOSS","M","?","?","$","?","R","E","?","T","M","M","M","?","M","R","BOSS"],"items_purchased_type":["Relic","Card","Card","Relic","Card","Relic","Card","Relic","Relic","Card","Card","Relic","Relic"],"build_version":"2020-12-22","purchased_purges":5,"victory":true,"max_hp_per_floor":[68,68,68,68,68,68,68,68,68,78,78,78,78,78,78,78,78,78,78,78,78,78,78,78,78,78,78,78,78,78,78,78,78,78,78,78,78,78,78,78,78,78,78,78,78,78,78,78,78,78,78,78,78,78,78],"card_choices":[{"not_picked":["Aggregate","Turbo","Gash"],"picked":"SKIP","floor":1.0},{"not_picked":["Doom and Gloom","Cold Snap","Stack"],"picked":"SKIP","floor":2.0},{"not_picked":["Compile Driver","Turbo"],"picked":"Chill","floor":5.0},{"not_picked":["Hologram+1","Melter"],"picked":"Coolheaded+1","floor":8.0},{"not_picked":["Cold Snap","Heatsinks"],"picked":"Defragment","floor":9.0},{"not_picked":["Turbo+1","Undo+1"],"picked":"BootSequence+1","floor":11.0},{"not_picked":["Go for the Eyes","Barrage"],"picked":"Conserve Battery+1","floor":12.0},{"not_picked":["Aggregate+1","Beam Cell"],"picked":"Coolheaded+1","floor":13.0},{"not_picked":["Leap+1","Skim+1"],"picked":"Loop","floor":15.0},{"not_picked":["Cold Snap","Doom and Gloom","Recycle+1"],"picked":"SKIP","floor":16.0},{"not_picked":["Rainbow+1","Buffer"],"picked":"Meteor Strike","floor":19.0},{"not_picked":["Sweeping Beam","White Noise+1"],"picked":"Chaos+1","floor":21.0},{"not_picked":["Redo+1","Streamline","FTL"],"picked":"SKIP","floor":23.0},{"not_picked":["Ball Lightning","Conserve Battery+1","Auto Shields+1"],"picked":"SKIP","floor":25.0},{"not_picked":["Coolheaded+1","Consume+1","Beam Cell"],"picked":"SKIP","floor":26.0},{"not_picked":["Reprogram+1","Cold Snap","Conserve Battery+1"],"picked":"SKIP","floor":28.0},{"not_picked":["Go for the Eyes+1","Streamline"],"picked":"Creative AI","floor":30.0},{"not_picked":["Steam+1","Gash+1"],"picked":"Hologram+1","floor":32.0},{"not_picked":["Cold Snap","Steam+1"],"picked":"White Noise+1","floor":34.0},{"not_picked":["Leap+1","Doom and Gloom"],"picked":"Defragment","floor":35.0},{"not_picked":["Hyperbeam","Rainbow+1"],"picked":"Electrodynamics","floor":38},{"not_picked":["Conserve Battery+1","Hologram+1","Chill+1"],"picked":"SKIP","floor":40},{"not_picked":["Conserve Battery+1","Chill+1"],"picked":"Hologram+1","floor":40},{"not_picked":["Beam Cell+1","Aggregate+1","Redo+1"],"picked":"SKIP","floor":44},{"not_picked":["Streamline","Go for the Eyes+1","Blizzard+1"],"picked":"SKIP","floor":46},{"not_picked":["Sweeping Beam+1","Genetic Algorithm+1","Coolheaded+1"],"picked":"SKIP","floor":49},{"not_picked":["Sweeping Beam","Stack+1"],"picked":"Conserve Battery+1","floor":50},{"not_picked":["Coolheaded+1","Barrage+1","Genetic Algorithm+1"],"picked":"SKIP","floor":51},{"not_picked":["Electrodynamics","Coolheaded+1"],"picked":"White Noise+1","floor":53}],"player_experience":337978,"relics_obtained":[{"floor":8.0,"key":"Incense Burner"},{"floor":10.0,"key":"Pear"},{"floor":26.0,"key":"Potion Belt"},{"floor":30.0,"key":"White Beast Statue"},{"floor":31.0,"key":"Akabeko"},{"floor":41,"key":"Torii"},{"floor":46,"key":"MawBank"},{"floor":48,"key":"Ice Cream"}],"event_choices":[{"damage_healed":0.0,"max_hp_gain":0.0,"max_hp_loss":0.0,"gold_gain":0.0,"event_name":"The Woman in Blue","player_choice":"Bought 0 Potions","floor":3.0,"gold_loss":0.0,"damage_taken":0.0},{"damage_healed":0.0,"max_hp_gain":0.0,"max_hp_loss":0.0,"gold_gain":0.0,"event_name":"Living Wall","player_choice":"Grow","floor":14.0,"gold_loss":0.0,"damage_taken":0.0,"cards_upgraded":["Defragment"]},{"damage_healed":0.0,"max_hp_gain":0.0,"max_hp_loss":0.0,"gold_gain":100.0,"event_name":"Golden Shrine","player_choice":"Pray","floor":24.0,"gold_loss":0.0,"damage_taken":0.0},{"damage_healed":0.0,"max_hp_gain":0.0,"max_hp_loss":0.0,"gold_gain":0.0,"event_name":"Accursed Blacksmith","player_choice":"Forge","floor":29.0,"gold_loss":0.0,"damage_taken":0.0,"cards_upgraded":["Dualcast"]},{"damage_healed":0,"gold_gain":0,"player_choice":"Upgraded","damage_taken":0,"max_hp_gain":0,"max_hp_loss":0,"event_name":"Upgrade Shrine","floor":42,"gold_loss":0,"cards_upgraded":["Electrodynamics"]},{"damage_healed":0,"gold_gain":100,"player_choice":"Pray","damage_taken":0,"max_hp_gain":0,"max_hp_loss":0,"event_name":"Golden Shrine","floor":47,"gold_loss":0}],"is_beta":false,"boss_relics":[{"not_picked":["Calling Bell","FrozenCore"],"picked":"Nuclear Battery"},{"not_picked":["Coffee Dripper","Astrolabe"],"picked":"Sozu"}],"items_purged_floors":[4,22,36,43,52],"is_endless":false,"potions_floor_spawned":[1,2,8,9,13,16,23,25,30,32,34,35,38,40,44,46,49,50,51,53],"ascension_level":0}}