{"host":"srk2drlvga69hbot","time":1611308920,"event":{"mods":["BaseMod","Colored Map","Colored Powertips","Highlight Path","Minty Spire (QoL Compilation)","Quick Restart","Rare Cards Sparkle","Relic Stats"],"gold_per_floor":[115,65,65,42,62,62,88,101,101,115,128,128,155,172,172,172,172],"floor_reached":16,"language":"ZHS","playtime":915,"items_purged":[],"score":151,"play_id":"8744b3db-9219-4617-b97b-44eafdf032bf","local_time":"20210122174840","is_ascension_mode":true,"campfire_choices":[{"data":"Neutralize","floor":6,"key":"SMITH"},{"data":"Cloak And Dagger","floor":12,"key":"SMITH"},{"floor":15,"key":"REST"}],"circlet_count":0,"master_deck":["Strike_G","Strike_G","Strike_G","Defend_G","Defend_G","Defend_G","Defend_G","Defend_G","Survivor","Neutralize+1","Cloak And Dagger+1","Dash","Outmaneuver","PiercingWail","Underhanded Strike","Tactician","Tactician","Prepared"],"relics":["Ring of the Snake","NeowsBlessing","Sundial","Omamori","FossilizedHelix"],"acts_visited":["Exordium"],"potions_floor_usage":[10,16,16,16],"damage_taken":[{"damage":0,"enemies":"Cultist","floor":1,"turns":1},{"damage":0,"enemies":"Jaw Worm","floor":5,"turns":1},{"damage":0,"enemies":"3 Sentries","floor":7,"turns":1},{"damage":0,"enemies":"Small Slimes","floor":8,"turns":3},{"damage":0,"enemies":"Looter","floor":10,"turns":4},{"damage":5,"enemies":"Red Slaver","floor":11,"turns":5},{"damage":32,"enemies":"Lagavulin","floor":13,"turns":14},{"damage":6,"enemies":"Large Slime","floor":14,"turns":8},{"damage":54,"enemies":"The Guardian","floor":16,"turns":20}],"seed_played":"-8483853605117980749","potions_obtained":[{"floor":5,"key":"Poison Potion"},{"floor":8,"key":"EssenceOfSteel"},{"floor":10,"key":"Swift Potion"},{"floor":14,"key":"Energy Potion"}],"is_trial":false,"path_per_floor":["M","?","?","$","M","R","E","M","T","M","M","R","E","M","R","B"],"character_chosen":"THE_SILENT","items_purchased":["Outmaneuver"],"campfire_rested":1,"item_purchase_floors":[4],"current_hp_per_floor":[70,70,70,70,70,70,70,70,70,70,65,65,33,27,48,0,0],"gold":172,"neow_bonus":"THREE_ENEMY_KILL","is_daily":false,"chose_seed":false,"campfire_upgraded":2,"win_rate":0.0,"timestamp":1611308920,"path_taken":["M","?","?","$","?","R","E","M","T","M","?","R","E","?","R","BOSS"],"items_purchased_type":["Card"],"build_version":"2020-12-22","purchased_purges":0,"victory":false,"max_hp_per_floor":[70,70,70,70,70,70,70,70,70,70,70,70,70,70,70,70,70],"relic_stats":{"counters":[9,57],"Sundial":[10],"obtain_stats":[{"NeowsBlessing":0,"Sundial":7,"Omamori":9,"FossilizedHelix":13,"Ring of the Snake":0},{"NeowsBlessing":0,"Sundial":3,"Omamori":4,"FossilizedHelix":7,"Ring of the Snake":0},{"NeowsBlessing":0,"Sundial":3,"Omamori":6,"FossilizedHelix":29,"Ring of the Snake":0}],"Ring of the Snake":[18]},"card_choices":[{"not_picked":["Sucker Punch","Riddle With Holes"],"picked":"Cloak And Dagger","floor":1},{"not_picked":["Deflect","Deadly Poison"],"picked":"PiercingWail","floor":5},{"not_picked":["Flying Knee","Prepared","Eviscerate"],"picked":"SKIP","floor":7},{"not_picked":["Backflip","Sucker Punch"],"picked":"Underhanded Strike","floor":8},{"not_picked":["Dash","Distraction"],"picked":"Tactician","floor":10},{"not_picked":["Deadly Poison","Footwork"],"picked":"Tactician","floor":11},{"not_picked":["Burst","Accuracy"],"picked":"Prepared","floor":13},{"not_picked":["Caltrops","Blade Dance","Flechettes"],"picked":"SKIP","floor":14}],"player_experience":134432,"relics_obtained":[{"floor":7,"key":"Sundial"},{"floor":9,"key":"Omamori"},{"floor":13,"key":"FossilizedHelix"}],"event_choices":[{"cards_removed":["Strike_G"],"damage_healed":0,"gold_gain":0,"player_choice":"Card Removal","damage_taken":0,"max_hp_gain":0,"max_hp_loss":0,"event_name":"The Cleric","floor":2,"gold_loss":50},{"damage_healed":0,"gold_gain":0,"cards_transformed":["Strike_G"],"player_choice":"Transformed","damage_taken":0,"max_hp_gain":0,"max_hp_loss":0,"event_name":"Transmorgrifier","floor":3,"gold_loss":0,"cards_obtained":["Dash"]}],"is_beta":false,"boss_relics":[],"items_purged_floors":[],"is_endless":false,"potions_floor_spawned":[5,8,10,14],"killed_by":"The Guardian","ascension_level":2}}