{"host":"3pcjltfiofc9y6qs","time":1611321524,"event":{"mods":["BaseMod","Colored Map","Downfall","Minty Spire (QoL Compilation)","Permanent Neow","Relic Stats","StSLib"],"gold_per_floor":[99,112,130,61,73,22,22,22,36,36,101,128,142,174,186,186,186,186],"floor_reached":16,"language":"ENG","playtime":1762,"items_purged":[],"score":112,"play_id":"b944a70b-a602-4fd2-a961-843b1575c10c","local_time":"20210122141844","is_ascension_mode":false,"campfire_choices":[{"data":"Guardian:TwinSlam","floor":1.0,"key":"SMITH"},{"data":"Guardian:ShieldCharger","floor":8.0,"key":"SMITH"},{"data":"Guardian:Emergency","floor":10.0,"key":"SMITH"}],"circlet_count":0,"master_deck":["Guardian:Strike_Guardian","Guardian:Strike_Guardian","Guardian:Strike_Guardian","Guardian:Strike_Guardian","Guardian:Defend_Guardian","Guardian:Defend_Guardian","Guardian:Defend_Guardian","Guardian:Defend_Guardian","Guardian:CurlUp","Guardian:TwinSlam+1","Guardian:PiercingHide","Guardian:Recover","Guardian:ShieldCharger+1","Guardian:Suspension","Guardian:Repulse","Guardian:Emergency+1","Guardian:SphericShield","Guardian:Gem_Yellow","Guardian:PolyBeam","Guardian:RollAttack"],"relics":["Guardian:ModeShifter","Sundial","Strawberry","Art of War","Akabeko"],"acts_visited":["Exordium"],"potions_floor_usage":[14,15,16],"damage_taken":[{"damage":0.0,"enemies":"Cultist","floor":2.0,"turns":4.0},{"damage":3.0,"enemies":"2 Louse","floor":3.0,"turns":3.0},{"damage":0.0,"enemies":"downfall:FleeingMerchant","floor":4.0,"turns":4.0},{"damage":6.0,"enemies":"Jaw Worm","floor":5.0,"turns":4.0},{"damage":3.0,"enemies":"downfall:FleeingMerchant","floor":6.0,"turns":4.0},{"damage":10.0,"enemies":"Lots of Slimes","floor":9.0,"turns":4.0},{"damage":16.0,"enemies":"Gremlin Nob","floor":11.0,"turns":7.0},{"damage":5.0,"enemies":"Lagavulin","floor":12.0,"turns":8.0},{"damage":10.0,"enemies":"Exordium Thugs","floor":13.0,"turns":5.0},{"damage":22,"enemies":"3 Sentries","floor":14,"turns":12},{"damage":1,"enemies":"Exordium Wildlife","floor":15,"turns":2},{"damage":14,"enemies":"IC_STATUS_ARCHETYPE","floor":16,"turns":4}],"seed_played":"14636608975475317","potions_obtained":[{"floor":3.0,"key":"Ancient Potion"},{"floor":5.0,"key":"bronze:BurnAndBuffPotion"},{"floor":9.0,"key":"Guardian:DefensiveModePotion"},{"floor":12.0,"key":"SkillPotion"},{"floor":15,"key":"bronze:BurnAndBuffPotion"}],"is_trial":false,"path_per_floor":["R","M","M","$","M","$","T","R","M","R","?","E","M","E","M","B"],"character_chosen":"GUARDIAN","items_purchased":["Guardian:Suspension","Guardian:Emergency"],"campfire_rested":0,"item_purchase_floors":[4,6],"current_hp_per_floor":[80,80,77,77,71,68,68,68,58,58,49,44,34,12,11,0,0,0],"gold":186,"neow_bonus":"THREE_CARDS","is_daily":false,"chose_seed":false,"campfire_upgraded":3,"win_rate":0.0,"timestamp":1611321524,"path_taken":["R","M","M","$","M","$","T","R","?","R","?","E","M","E","M","BOSS"],"items_purchased_type":["Card","Card"],"build_version":"2020-12-22","purchased_purges":0,"victory":false,"max_hp_per_floor":[80,80,80,80,80,80,80,80,80,80,87,87,87,87,87,87,87,87],"relic_stats":{"counters":[12,61],"Sundial":[6],"Art of War":[3],"obtain_stats":[{"Sundial":7,"Strawberry":11,"Guardian:ModeShifter":0,"Art of War":12,"Akabeko":14},{"Sundial":5,"Strawberry":7,"Guardian:ModeShifter":0,"Art of War":8,"Akabeko":10},{"Sundial":19,"Strawberry":30,"Guardian:ModeShifter":0,"Art of War":38,"Akabeko":55}]},"card_choices":[{"not_picked":["Guardian:ShieldCharger","Guardian:Gem_Purple"],"picked":"Guardian:PiercingHide","floor":0.0},{"not_picked":["Guardian:PrimingBeam","Guardian:Gem_Cyan"],"picked":"Guardian:Recover","floor":2.0},{"not_picked":["Guardian:TimeCapacitor","Guardian:PiercingHide"],"picked":"Guardian:ShieldCharger","floor":3.0},{"not_picked":["Guardian:DonusPower","Guardian:Incinerate"],"picked":"Guardian:Gem_Fragmented","floor":4.0},{"not_picked":["Guardian:ShieldCharger","Guardian:CrystalBeam"],"picked":"Guardian:Repulse","floor":5.0},{"not_picked":["Guardian:TemporalStrike","Guardian:VentSteam"],"picked":"Guardian:Gem_Fragmented","floor":6.0},{"not_picked":["Guardian:PiercingHide","Guardian:ChargeCore"],"picked":"Guardian:SphericShield","floor":9.0},{"not_picked":["Guardian:SentryBeam","Guardian:Recover"],"picked":"Guardian:Gem_Yellow","floor":11.0},{"not_picked":["Guardian:Recover","Guardian:WalkerClaw","Guardian:TemporalStrike"],"picked":"SKIP","floor":12.0},{"not_picked":["Guardian:Reroute","Guardian:Gem_Green"],"picked":"Guardian:PolyBeam","floor":13.0},{"not_picked":["Guardian:DonusPower","Guardian:EvasiveProtocol"],"picked":"Guardian:RollAttack","floor":14},{"not_picked":["Guardian:BronzeOrb","Guardian:PrismaticBarrier","Guardian:RollAttack"],"picked":"SKIP","floor":15}],"player_experience":436418,"relics_obtained":[{"floor":7.0,"key":"Sundial"},{"floor":11.0,"key":"Strawberry"},{"floor":12.0,"key":"Art of War"},{"floor":14,"key":"Akabeko"}],"event_choices":[],"is_beta":false,"boss_relics":[],"items_purged_floors":[],"is_endless":false,"potions_floor_spawned":[3,5,9,12,15],"killed_by":"IC_STATUS_ARCHETYPE","ascension_level":0}}