{"host":"i2ir6b55gxkcwpt4","time":1611348827,"event":{"mods":["BaseMod","Colored Map","Colored Powertips","Downfall","Minty Spire (QoL Compilation)","StSLib"],"gold_per_floor":[99,99,99,374,374,401,401,401,411,439,439,289,289,307,323,424,424,424,442,442,462,26,126,171,236,286,286,45,71,71,97,108,108,108,108],"floor_reached":33,"language":"ZHS","playtime":3031,"items_purged":["Regret","downfall:Icky"],"score":389,"play_id":"a4d16204-6d8c-41f2-9cf7-b129fe56d336","local_time":"20210123045347","is_ascension_mode":false,"campfire_choices":[{"data":"sneckomod:CheapStock","floor":13,"key":"SMITH"},{"data":"expansioncontent:QuickStudy","floor":27,"key":"SMITH"},{"data":"expansioncontent:DashGenerateEvil","floor":30,"key":"SMITH"}],"circlet_count":0,"master_deck":["sneckomod:Strike","sneckomod:Strike","sneckomod:Strike","sneckomod:Defend","sneckomod:Defend","sneckomod:Defend+1","sneckomod:TailWhip","sneckomod:SnekBite","Guardian:StasisStrike","sneckomod:Rotation+1","sneckomod:QuickMove","sneckomod:CheapStock+1","sneckomod:DiceBoulder","sneckomod:IronFang","Guardian:Orbwalk","sneckomod:UnknownRarePower","sneckomod:QuickBite","sneckomod:Mudshield","Guardian:Incinerate","sneckomod:Unknown0Cost+1","Slimebound:CheckThePlaybook","sneckomod:SnekBeam+1","sneckomod:DefensiveFlair","expansioncontent:QuickStudy+1","sneckomod:UnknownCommonSkill+1","sneckomod:RainOfDice+1","hexamod:SixthSeal","sneckomod:MorePower+1","expansioncontent:DashGenerateEvil+1","sneckomod:DangerNoodle","sneckomod:Nope","sneckomod:UnknownDexterity+1","sneckomod:Nope","sneckomod:Unknown3Cost+1","sneckomod:UnknownRareAttack","sneckomod:QuickMove+1"],"relics":["sneckomod:SneckoSoul","downfall:HeartsMalice","White Beast Statue","Vajra","Gambling Chip","Snecko Eye","Lee\u0027s Waffle","downfall:CloakOfManyFaces","CultistMask","FaceOfCleric","NlothsMask","GremlinMask","SsserpentHead","War Paint","Anchor","Sundial"],"acts_visited":["Exordium","TheCity"],"potions_floor_usage":[9,16,16,16,23,25,29,29,29,33,33],"damage_taken":[{"damage":0,"enemies":"Jaw Worm","floor":2,"turns":1},{"damage":0,"enemies":"Small Slimes","floor":5,"turns":1},{"damage":0,"enemies":"3 Sentries","floor":6,"turns":1},{"damage":0,"enemies":"Cultist","floor":8,"turns":1},{"damage":4,"enemies":"Blue Slaver","floor":9,"turns":3},{"damage":44,"enemies":"Lagavulin","floor":10,"turns":6},{"damage":13,"enemies":"Lots of Slimes","floor":14,"turns":5},{"damage":3,"enemies":"Exordium Wildlife","floor":15,"turns":5},{"damage":48,"enemies":"DF_ARCHETYPE_STREAMLINE","floor":16,"turns":8},{"damage":19,"enemies":"Shell Parasite","floor":19,"turns":4},{"damage":31,"enemies":"Shelled Parasite and Fungi","floor":21,"turns":4},{"damage":34,"enemies":"downfall:FleeingMerchant","floor":22,"turns":4},{"damage":13,"enemies":"downfall:FaceTrader","floor":23,"turns":6},{"damage":32,"enemies":"Centurion and Healer","floor":25,"turns":4},{"damage":4,"enemies":"downfall:FleeingMerchant","floor":28,"turns":3},{"damage":18,"enemies":"Book of Stabbing","floor":29,"turns":5},{"damage":7,"enemies":"Gremlin Leader","floor":31,"turns":6},{"damage":5,"enemies":"Snake Plant","floor":32,"turns":2},{"damage":133,"enemies":"IC_MUSHROOM_ARCHETYPE","floor":33,"turns":11}],"seed_played":"-6787021744691606711","potions_obtained":[{"floor":8,"key":"Weak Potion"},{"floor":9,"key":"Fire Potion"},{"floor":10,"key":"Strength Potion"},{"floor":14,"key":"LiquidBronze"},{"floor":15,"key":"Strength Potion"},{"floor":16,"key":"Fire Potion"},{"floor":19,"key":"SmokeBomb"},{"floor":21,"key":"Swift Potion"},{"floor":22,"key":"SpeedPotion"},{"floor":23,"key":"Dexterity Potion"},{"floor":25,"key":"SkillPotion"},{"floor":26,"key":"downfall:CursedFountainPotion"},{"floor":29,"key":"FairyPotion"},{"floor":31,"key":"Explosive Potion"},{"floor":32,"key":"Explosive Potion"}],"is_trial":false,"path_per_floor":["R","M","?","?","M","E","T","M","M","E","R","?","R","M","M","B",null,"R","M","?","M","$","?","T","M","?","R","$","E","R","E","M","B"],"character_chosen":"THE_SNECKO","items_purchased":["Lee\u0027s Waffle","expansioncontent:QuickStudy","expansioncontent:DashGenerateEvil","sneckomod:DangerNoodle","War Paint","sneckomod:Nope"],"campfire_rested":0,"item_purchase_floors":[22,22,28,28,28,28],"current_hp_per_floor":[90,90,90,90,90,90,90,90,86,42,42,100,100,87,84,36,100,100,81,81,50,107,94,94,63,63,63,60,53,53,57,53,0,0,0],"gold":108,"neow_bonus":"THREE_ENEMY_KILL","is_daily":false,"chose_seed":false,"campfire_upgraded":3,"win_rate":0.0,"timestamp":1611348827,"path_taken":["R","M","?","?","?","E","T","M","M","E","R","?","R","?","M","BOSS","R","M","?","M","$","?","T","?","?","R","?","E","R","E","M","BOSS"],"items_purchased_type":["Relic","Card","Card","Card","Relic","Card"],"build_version":"2020-12-22","purchased_purges":2,"victory":false,"max_hp_per_floor":[90,90,90,90,90,90,90,90,90,90,90,100,100,100,100,100,100,100,100,100,100,107,107,107,108,108,108,109,110,110,111,112,112,112,112],"card_choices":[{"not_picked":["sneckomod:UnknownCommonSkill","sneckomod:UnknownBlock"],"picked":"sneckomod:Rotation","floor":2},{"not_picked":["sneckomod:RainOfDice","sneckomod:UnknownCommonSkill"],"picked":"sneckomod:QuickMove","floor":5},{"not_picked":["sneckomod:Rotation","sneckomod:Unknown1Cost"],"picked":"sneckomod:CheapStock","floor":6},{"not_picked":["sneckomod:SoulDraw","sneckomod:Unknown1Cost"],"picked":"sneckomod:DiceBoulder","floor":8},{"not_picked":["sneckomod:UnknownCommonSkill","sneckomod:MasterEye"],"picked":"sneckomod:IronFang","floor":9},{"not_picked":["sneckomod:QuickMove","sneckomod:CheapStock"],"picked":"sneckomod:Unknown1Cost","floor":10},{"not_picked":["sneckomod:UnknownBlock","sneckomod:MasterEye"],"picked":"sneckomod:UnknownRarePower","floor":14},{"not_picked":["sneckomod:UnknownCommonSkill","sneckomod:IronFang"],"picked":"sneckomod:QuickBite","floor":15},{"not_picked":["sneckomod:Unknown3Cost","sneckomod:Cheat"],"picked":"sneckomod:Mudshield","floor":16},{"not_picked":["sneckomod:RainOfDice","sneckomod:DiceCrush"],"picked":"sneckomod:Unknown0Cost+1","floor":19},{"not_picked":["sneckomod:Rotation","sneckomod:UnknownClassHEXA_GHOST_PURPLE"],"picked":"sneckomod:SnekBeam+1","floor":21},{"not_picked":["sneckomod:UnknownVulnerable","sneckomod:UnknownWeak"],"picked":"sneckomod:DefensiveFlair","floor":22},{"not_picked":["sneckomod:IronFang","sneckomod:MasterEye"],"picked":"sneckomod:UnknownCommonSkill","floor":23},{"not_picked":["sneckomod:MasterEye","sneckomod:QuickBite"],"picked":"sneckomod:RainOfDice+1","floor":25},{"not_picked":["hexamod:FourthSeal","hexamod:SecondSeal"],"picked":"hexamod:SixthSeal","floor":28},{"not_picked":["sneckomod:WideSting","sneckomod:SoulDraw"],"picked":"sneckomod:MorePower","floor":28},{"not_picked":["sneckomod:UnknownDraw+1","sneckomod:UnknownClassGUARDIAN+1"],"picked":"sneckomod:UnknownDexterity+1","floor":29},{"not_picked":["sneckomod:UnknownBlock","sneckomod:UnknownClassHEXA_GHOST_PURPLE"],"picked":"sneckomod:Nope","floor":29},{"not_picked":["sneckomod:UnknownDraw+1","sneckomod:UnknownExhaust+1"],"picked":"sneckomod:Unknown3Cost+1","floor":31},{"not_picked":["sneckomod:SnekBeam","sneckomod:SoulRoll"],"picked":"sneckomod:UnknownRareAttack","floor":31},{"not_picked":["sneckomod:UnknownClassTHE_BRONZE_AUTOMATON","sneckomod:SoulDraw"],"picked":"sneckomod:QuickMove+1","floor":32}],"player_experience":81138,"relics_obtained":[{"floor":6,"key":"White Beast Statue"},{"floor":7,"key":"Vajra"},{"floor":10,"key":"Gambling Chip"},{"floor":23,"key":"downfall:CloakOfManyFaces"},{"floor":29,"key":"Anchor"},{"floor":31,"key":"Sundial"}],"event_choices":[],"is_beta":false,"boss_relics":[{"not_picked":["Coffee Dripper","bronze:MakeshiftBattery"],"picked":"Snecko Eye"}],"items_purged_floors":[22,28],"is_endless":false,"potions_floor_spawned":[8,9,10,14,15,16,19,21,22,23,25,28,29,31,32],"killed_by":"IC_MUSHROOM_ARCHETYPE","ascension_level":0}}