{"host":"niswhwhgsjiy5edg","time":1611345467,"event":{"mods":["AchievementEnabler","BaseMod","Downfall","Minty Spire (QoL Compilation)","Shop Mod","StSLib"],"gold_per_floor":[367,379,319,141,141,174,174,174,174,174,174,174,207,9,9,9,9],"floor_reached":16,"language":"ENG","playtime":1351,"items_purged":["Strike_R","Strike_R"],"score":120,"play_id":"58a57e7c-3401-4e7d-8ec5-2b77409b484b","local_time":"20210122195747","is_ascension_mode":true,"campfire_choices":[{"floor":8,"key":"REST"},{"floor":10,"key":"REST"},{"floor":12,"key":"REST"},{"floor":15,"key":"REST"}],"circlet_count":0,"master_deck":["Strike_R","Strike_R","Strike_R","Defend_R","Defend_R","Defend_R","Defend_R","Bash","Writhe","Rage+1","Pommel Strike","Disarm","Warcry","Flex","Whirlwind"],"relics":["Burning Blood","Lantern","Potion Belt","Incense Burner","Toxic Egg 2","Smiling Mask","Chemical X"],"acts_visited":["Exordium"],"potions_floor_usage":[16],"damage_taken":[{"damage":11,"enemies":"2 Louse","floor":1,"turns":3},{"damage":16,"enemies":"Cultist","floor":2,"turns":4},{"damage":54,"enemies":"3 Sentries","floor":6,"turns":11},{"damage":26,"enemies":"Lagavulin","floor":13,"turns":9},{"damage":83,"enemies":"Hexaghost","floor":16,"turns":17}],"seed_played":"-5294229860912479884","potions_obtained":[{"floor":6,"key":"sneckomod:MuddlingPotion"},{"floor":13,"key":"SpeedPotion"}],"is_trial":false,"path_per_floor":["M","M","?","$","T","E","?","R","T","R","?","R","E","$","R","B"],"character_chosen":"IRONCLAD","items_purchased":["Disarm","Warcry","Chemical X"],"campfire_rested":4,"item_purchase_floors":[4,4,14],"current_hp_per_floor":[75,65,65,65,65,17,17,41,41,65,65,80,60,60,80,0,0],"gold":9,"neow_bonus":"TWO_FIFTY_GOLD","is_daily":false,"chose_seed":false,"campfire_upgraded":0,"win_rate":0.0,"timestamp":1611345467,"path_taken":["M","M","?","$","?","E","?","R","T","R","?","R","E","$","R","BOSS"],"items_purchased_type":["Card","Card","Relic"],"build_version":"2020-12-22","purchased_purges":2,"victory":false,"max_hp_per_floor":[80,80,80,80,80,80,80,80,80,80,80,80,80,80,80,80,80],"card_choices":[{"not_picked":["Thunderclap","Headbutt"],"picked":"Rage","floor":1},{"not_picked":["Heavy Blade","Dark Embrace"],"picked":"Pommel Strike","floor":2},{"not_picked":["Reckless Charge","Twin Strike"],"picked":"Flex","floor":6},{"not_picked":["Combust","Carnage"],"picked":"Whirlwind","floor":13}],"player_experience":768068,"relics_obtained":[{"floor":5,"key":"Potion Belt"},{"floor":6,"key":"Incense Burner"},{"floor":9,"key":"Toxic Egg 2"},{"floor":13,"key":"Smiling Mask"}],"event_choices":[{"damage_healed":0,"gold_gain":0,"player_choice":"Paid Gold","damage_taken":0,"relics_obtained":["Lantern"],"max_hp_gain":0,"max_hp_loss":0,"event_name":"WeMeetAgain","floor":3,"gold_loss":60},{"damage_healed":0,"gold_gain":0,"player_choice":"Ignored","damage_taken":0,"max_hp_gain":0,"max_hp_loss":0,"event_name":"Shining Light","floor":7,"gold_loss":0},{"damage_healed":0,"gold_gain":0,"player_choice":"Forge","damage_taken":0,"max_hp_gain":0,"max_hp_loss":0,"event_name":"Accursed Blacksmith","floor":11,"gold_loss":0,"cards_upgraded":["Rage"]}],"is_beta":false,"boss_relics":[],"items_purged_floors":[4,14],"is_endless":false,"potions_floor_spawned":[6,13],"killed_by":"Hexaghost","ascension_level":3}}