{"host":"April","time":1611295174,"event":{"mods":["BaseMod","Minty Spire (QoL Compilation)"],"gold_per_floor":[118,118,118,137,153,197,197,211,211,225,263,284,284,318,318,449,449,465,14,113,137,155,195,218,218,218,218,218,258,258,285,285,422,494,524,533,567,592,624,667,667,719,719,749,749,772,35,35,35],"floor_reached":48,"language":"ENG","playtime":3967,"items_purged":[],"score":656,"play_id":"0ba1ce5f-8fc7-4ec2-bd96-8d1dc46f7041","local_time":"20210121215934","is_ascension_mode":true,"campfire_choices":[{"floor":7.0,"key":"REST"},{"floor":13.0,"key":"REST"},{"data":"White Noise","floor":15.0,"key":"SMITH"},{"floor":27.0,"key":"REST"},{"floor":32.0,"key":"REST"},{"floor":41.0,"key":"REST"},{"floor":45.0,"key":"REST"}],"circlet_count":0,"master_deck":["Strike_B+1","Strike_B+1","Strike_B+1","Strike_B+1","Defend_B+1","Defend_B+1","Defend_B+1","Defend_B+1","Zap","Dualcast","Go for the Eyes","Capacitor","Cold Snap","Coolheaded","Ball Lightning","Capacitor","Seek","Auto Shields","White Noise+1","Core Surge","Cold Snap","Apotheosis","Undo","Blizzard","FTL","Sunder","Meteor Strike","Glacier+1","White Noise","Turbo","Amplify","Rainbow","Defragment+1","Seek","Conserve Battery","Darkness+1","Hologram+1","Fission","Steam+1","Melter+1"],"relics":["Cracked Core","Golden Idol","Tiny Chest","Matryoshka","Darkstone Periapt","Fusion Hammer","Centennial Puzzle","Blood Vial","Nloth\u0027s Gift","Anchor","CeramicFish","Regal Pillow","Bird Faced Urn","Eternal Feather","Tiny House","Potion Belt","Cables","Lizard Tail","The Courier","Dream Catcher","TheAbacus","Emotion Chip","CaptainsWheel"],"acts_visited":["Exordium","TheCity","TheBeyond"],"potions_floor_usage":[],"damage_taken":[{"damage":7.0,"enemies":"Small Slimes","floor":1.0,"turns":3.0},{"damage":0.0,"enemies":"Jaw Worm","floor":4.0,"turns":3.0},{"damage":0.0,"enemies":"2 Louse","floor":5.0,"turns":3.0},{"damage":22.0,"enemies":"Gremlin Nob","floor":6.0,"turns":4.0},{"damage":8.0,"enemies":"Looter","floor":8.0,"turns":4.0},{"damage":0.0,"enemies":"Red Slaver","floor":10.0,"turns":1.0},{"damage":18.0,"enemies":"Lagavulin","floor":11.0,"turns":7.0},{"damage":11.0,"enemies":"3 Louse","floor":12.0,"turns":2.0},{"damage":13.0,"enemies":"Gremlin Nob","floor":14.0,"turns":4.0},{"damage":20.0,"enemies":"Hexaghost","floor":16.0,"turns":9.0},{"damage":13.0,"enemies":"2 Thieves","floor":18.0,"turns":4.0},{"damage":2.0,"enemies":"Chosen","floor":21.0,"turns":3.0},{"damage":7.0,"enemies":"Snake Plant","floor":22.0,"turns":4.0},{"damage":24.0,"enemies":"Book of Stabbing","floor":23.0,"turns":5.0},{"damage":5.0,"enemies":"Sentry and Sphere","floor":24.0,"turns":7.0},{"damage":25.0,"enemies":"Gremlin Leader","floor":29.0,"turns":9.0},{"damage":0.0,"enemies":"Cultist and Chosen","floor":31.0,"turns":6.0},{"damage":10.0,"enemies":"Champ","floor":33.0,"turns":8.0},{"damage":9.0,"enemies":"Orb Walker","floor":35.0,"turns":4.0},{"damage":56.0,"enemies":"3 Darklings","floor":37.0,"turns":5.0},{"damage":19.0,"enemies":"Maw","floor":39.0,"turns":7.0},{"damage":5.0,"enemies":"Nemesis","floor":40.0,"turns":7.0},{"damage":0.0,"enemies":"Giant Head","floor":42.0,"turns":10.0},{"damage":0.0,"enemies":"Writhing Mass","floor":44.0,"turns":5.0},{"damage":7.0,"enemies":"Spire Growth","floor":46.0,"turns":6.0},{"damage":0,"enemies":"Nemesis","floor":48,"turns":1}],"seed_played":"-6453600262350486786","potions_obtained":[{"floor":0.0,"key":"Swift Potion"},{"floor":0.0,"key":"SteroidPotion"},{"floor":0.0,"key":"PowerPotion"},{"floor":1.0,"key":"Fire Potion"},{"floor":6.0,"key":"SmokeBomb"},{"floor":10.0,"key":"BlessingOfTheForge"},{"floor":16.0,"key":"Block Potion"},{"floor":18.0,"key":"SkillPotion"},{"floor":21.0,"key":"EssenceOfDarkness"},{"floor":29.0,"key":"DistilledChaos"},{"floor":34.0,"key":"EssenceOfSteel"},{"floor":39.0,"key":"PotionOfCapacity"},{"floor":40.0,"key":"SpeedPotion"},{"floor":42.0,"key":"DuplicationPotion"}],"is_trial":false,"path_per_floor":["M","?","?","M","M","E","R","M","T","M","E","M","R","E","R","B",null,"M","$","?","M","M","E","M","?","T","R","T","E","?","M","R","B",null,"M","?","M","T","M","E","R","E","T","M","R","M","$","E"],"character_chosen":"DEFECT","items_purchased":["Centennial Puzzle","Apotheosis","Undo","Blizzard","Dream Catcher","TheAbacus","Emotion Chip","CaptainsWheel"],"campfire_rested":6,"item_purchase_floors":[19,19,19,19,47,47,47,47],"current_hp_per_floor":[68,50,55,55,55,33,57,49,49,49,31,20,44,31,31,11,80,67,67,67,65,58,34,31,31,31,55,55,38,38,52,80,76,85,78,78,41,41,34,41,85,85,85,85,85,85,85,85,85],"gold":35,"neow_bonus":"THREE_SMALL_POTIONS","is_daily":false,"chose_seed":false,"campfire_upgraded":1,"win_rate":0.0,"timestamp":1611295174,"path_taken":["M","?","?","M","M","E","R","M","T","M","E","?","R","E","R","BOSS","M","$","?","M","M","E","M","?","T","R","?","E","?","M","R","BOSS","M","?","?","?","M","E","R","E","T","M","R","M","$","E"],"items_purchased_type":["Relic","Card","Card","Card","Relic","Relic","Relic","Relic"],"build_version":"2020-12-18","purchased_purges":0,"victory":false,"max_hp_per_floor":[75,75,80,80,80,80,80,80,80,80,80,80,80,80,80,80,80,80,80,80,80,80,80,80,80,80,80,80,80,80,80,80,80,85,85,85,85,85,85,85,85,85,85,85,85,85,85,85,85],"card_choices":[{"not_picked":["Turbo","Leap"],"picked":"Go for the Eyes","floor":1.0},{"not_picked":["Cold Snap","All For One"],"picked":"Capacitor","floor":4.0},{"not_picked":["Double Energy","Ball Lightning"],"picked":"Cold Snap","floor":5.0},{"not_picked":["Leap","Heatsinks"],"picked":"Coolheaded","floor":6.0},{"not_picked":["Steam Power","Stack"],"picked":"Ball Lightning","floor":8.0},{"not_picked":["Compile Driver","Gash"],"picked":"Capacitor","floor":10.0},{"not_picked":["FTL","Compile Driver"],"picked":"Seek","floor":11.0},{"not_picked":["Storm","Rebound"],"picked":"Auto Shields","floor":12.0},{"not_picked":["Fission","Scrape"],"picked":"White Noise","floor":14.0},{"not_picked":["Hyperbeam","All For One"],"picked":"Core Surge","floor":16.0},{"not_picked":["Barrage","Rebound+1"],"picked":"Cold Snap","floor":18.0},{"not_picked":["Leap","Barrage"],"picked":"FTL","floor":21.0},{"not_picked":["Scrape","Streamline+1"],"picked":"Sunder","floor":22.0},{"not_picked":["Storm","Lockon"],"picked":"Meteor Strike","floor":23.0},{"not_picked":["Recycle","Chill"],"picked":"Glacier","floor":24.0},{"not_picked":["Leap+1","Machine Learning"],"picked":"White Noise","floor":29.0},{"not_picked":["Undo","Reprogram"],"picked":"Turbo","floor":31.0},{"not_picked":["Reboot","All For One"],"picked":"Amplify","floor":33.0},{"not_picked":["Leap","Turbo"],"picked":"Rainbow","floor":34.0},{"not_picked":["Conserve Battery","Ball Lightning+1"],"picked":"Defragment+1","floor":35.0},{"not_picked":["Go for the Eyes+1","Steam Power"],"picked":"Conserve Battery","floor":37.0},{"not_picked":["Stack+1","Redo"],"picked":"Darkness+1","floor":39.0},{"not_picked":["Skim","Steam+1"],"picked":"Hologram+1","floor":40.0},{"not_picked":["Cold Snap","Blizzard+1"],"picked":"Fission","floor":42.0},{"not_picked":["BootSequence+1","Self Repair+1"],"picked":"Steam+1","floor":44.0},{"not_picked":["Heatsinks","Conserve Battery"],"picked":"Melter+1","floor":46.0}],"player_experience":2586323,"relics_obtained":[{"floor":6.0,"key":"Tiny Chest"},{"floor":9.0,"key":"Bronze Scales"},{"floor":11.0,"key":"Matryoshka"},{"floor":14.0,"key":"Darkstone Periapt"},{"floor":23.0,"key":"Blood Vial"},{"floor":26.0,"key":"Anchor"},{"floor":26.0,"key":"CeramicFish"},{"floor":28.0,"key":"Regal Pillow"},{"floor":28.0,"key":"Bird Faced Urn"},{"floor":29.0,"key":"Eternal Feather"},{"floor":38.0,"key":"Potion Belt"},{"floor":40.0,"key":"Cables"},{"floor":42.0,"key":"Lizard Tail"},{"floor":43.0,"key":"The Courier"}],"event_choices":[{"damage_healed":0.0,"max_hp_gain":0.0,"max_hp_loss":0.0,"gold_gain":0.0,"event_name":"Golden Idol","player_choice":"Take Damage","floor":2.0,"gold_loss":0.0,"damage_taken":18.0,"relics_obtained":["Golden Idol"]},{"damage_healed":0.0,"max_hp_gain":5.0,"max_hp_loss":0.0,"gold_gain":0.0,"event_name":"Big Fish","player_choice":"Donut","floor":3.0,"gold_loss":0.0,"damage_taken":0.0},{"damage_healed":0.0,"max_hp_gain":0.0,"max_hp_loss":0.0,"gold_gain":99.0,"event_name":"Nest","player_choice":"Stole From Cult","floor":20.0,"gold_loss":0.0,"damage_taken":0.0},{"damage_healed":0.0,"max_hp_gain":0.0,"max_hp_loss":0.0,"gold_gain":0.0,"event_name":"N\u0027loth","player_choice":"Traded Relic","floor":25.0,"relics_lost":["Bronze Scales"],"gold_loss":0.0,"damage_taken":0.0,"relics_obtained":["Nloth\u0027s Gift"]},{"damage_healed":0.0,"max_hp_gain":0.0,"max_hp_loss":0.0,"gold_gain":0.0,"event_name":"Back to Basics","player_choice":"Simplicity","floor":30.0,"gold_loss":0.0,"damage_taken":0.0,"cards_upgraded":["Strike_B","Strike_B","Strike_B","Strike_B","Defend_B","Defend_B","Defend_B","Defend_B"]},{"damage_healed":0.0,"max_hp_gain":0.0,"max_hp_loss":0.0,"gold_gain":0.0,"event_name":"Duplicator","player_choice":"Copied","floor":36.0,"gold_loss":0.0,"damage_taken":0.0,"cards_obtained":["Seek"]}],"is_beta":true,"boss_relics":[{"not_picked":["Astrolabe","Calling Bell"],"picked":"Fusion Hammer"},{"not_picked":["Coffee Dripper","Velvet Choker"],"picked":"Tiny House"}],"items_purged_floors":[],"is_endless":false,"potions_floor_spawned":[1,6,10,16,18,21,29,39,40,42],"killed_by":"Nemesis","ascension_level":1}}