{"host":"3a5itcmwo6ddh3id","time":1611350387,"event":{"mods":["BaseMod","Colored Map","Colored Powertips","Minty Spire (QoL Compilation)","Relic Stats"],"gold_per_floor":[111,122,122,48,59,59,94,94,145,159,171,171,197,211,211,289,289,306,322,6,25,25,50,50,50,132,132,17,17,48,48,48,48,48],"floor_reached":33,"language":"ENG","playtime":2105,"items_purged":["Strike_G"],"score":636,"play_id":"77a7d3c5-6536-46ff-bf05-834f0ce746b9","local_time":"20210122151947","is_ascension_mode":true,"campfire_choices":[{"data":"Crippling Poison","floor":6.0,"key":"SMITH"},{"data":"Neutralize","floor":8.0,"key":"SMITH"},{"data":"Dash","floor":12.0,"key":"SMITH"},{"data":"Footwork","floor":15.0,"key":"SMITH"},{"data":"Wraith Form v2","floor":25,"key":"SMITH"},{"floor":27,"key":"REST"},{"data":"Footwork","floor":29,"key":"SMITH"},{"data":"Well Laid Plans","floor":32,"key":"SMITH"}],"circlet_count":0,"master_deck":["AscendersBane","Strike_G","Defend_G","Defend_G","Defend_G","Defend_G","Defend_G","Survivor","Neutralize+1","Blade Dance","Crippling Poison+1","Poisoned Stab","Blade Dance","Infinite Blades","Terror","Leg Sweep","Dash+1","Deadly Poison","Footwork+1","Wraith Form v2+1","Acrobatics","Backstab","Decay","Footwork+1","Concentrate","Finisher+1","Well Laid Plans+1","Tools of the Trade"],"relics":["Ring of the Snake","MealTicket","PreservedInsect","Bottled Tornado","Philosopher\u0027s Stone","Calipers","Molten Egg 2","Singing Bowl","HornCleat"],"acts_visited":["Exordium","TheCity"],"potions_floor_usage":[33,33],"damage_taken":[{"damage":2.0,"enemies":"Cultist","floor":1.0,"turns":6.0},{"damage":0.0,"enemies":"Small Slimes","floor":2.0,"turns":5.0},{"damage":7.0,"enemies":"2 Louse","floor":5.0,"turns":3.0},{"damage":7.0,"enemies":"Lagavulin","floor":7.0,"turns":5.0},{"damage":8.0,"enemies":"Blue Slaver","floor":10.0,"turns":3.0},{"damage":7.0,"enemies":"2 Fungi Beasts","floor":11.0,"turns":4.0},{"damage":0.0,"enemies":"Gremlin Nob","floor":13.0,"turns":3.0},{"damage":0.0,"enemies":"Lots of Slimes","floor":14.0,"turns":5.0},{"damage":3.0,"enemies":"Hexaghost","floor":16.0,"turns":9.0},{"damage":23.0,"enemies":"Chosen","floor":18.0,"turns":4.0},{"damage":4.0,"enemies":"Shell Parasite","floor":19.0,"turns":6.0},{"damage":27.0,"enemies":"Sentry and Sphere","floor":21.0,"turns":8.0},{"damage":3.0,"enemies":"Gremlin Leader","floor":23.0,"turns":7.0},{"damage":13,"enemies":"Book of Stabbing","floor":30,"turns":6},{"damage":76,"enemies":"Collector","floor":33,"turns":12}],"seed_played":"-1267832045672168175","potions_obtained":[{"floor":1.0,"key":"Strength Potion"},{"floor":2.0,"key":"LiquidMemories"},{"floor":7.0,"key":"Explosive Potion"},{"floor":14.0,"key":"Explosive Potion"},{"floor":19.0,"key":"SpeedPotion"},{"floor":30,"key":"Fire Potion"}],"is_trial":false,"path_per_floor":["M","M","?","$","M","R","E","R","T","M","M","R","E","M","R","B",null,"M","M","$","M","?","E","?","R","T","R","$","R","E","?","R","B"],"character_chosen":"THE_SILENT","items_purchased":["Poisoned Stab","Blade Dance","Calipers","Well Laid Plans"],"campfire_rested":1,"item_purchase_floors":[4,4,20,28],"current_hp_per_floor":[63,63,63,63,56,56,49,49,49,41,34,34,34,34,34,31,62,39,35,50,23,23,20,20,20,20,41,56,56,43,43,43,0,0],"gold":48,"neow_bonus":"TEN_PERCENT_HP_BONUS","is_daily":false,"chose_seed":false,"campfire_upgraded":7,"win_rate":0.0,"timestamp":1611350387,"path_taken":["M","?","?","$","M","R","E","R","T","M","M","R","E","?","R","BOSS","M","M","$","?","?","E","?","R","T","R","$","R","E","?","R","BOSS"],"items_purchased_type":["Card","Card","Relic","Card"],"build_version":"2020-12-22","purchased_purges":1,"victory":false,"max_hp_per_floor":[72,72,72,72,72,72,72,72,72,72,72,72,72,72,72,72,72,72,72,72,72,72,72,72,72,72,72,72,72,72,72,72,72,72],"relic_stats":{"Singing Bowl":0,"counters":[15,86],"MealTicket":30,"PreservedInsect":126,"obtain_stats":[{"Calipers":20,"HornCleat":30,"Singing Bowl":26,"MealTicket":7,"Philosopher\u0027s Stone":17,"Molten Egg 2":23,"PreservedInsect":9,"Bottled Tornado":13,"Ring of the Snake":0},{"Calipers":11,"HornCleat":14,"Singing Bowl":13,"MealTicket":4,"Philosopher\u0027s Stone":9,"Molten Egg 2":13,"PreservedInsect":4,"Bottled Tornado":7,"Ring of the Snake":0},{"Calipers":53,"HornCleat":74,"Singing Bowl":68,"MealTicket":19,"Philosopher\u0027s Stone":43,"Molten Egg 2":68,"PreservedInsect":19,"Bottled Tornado":29,"Ring of the Snake":0}],"Ring of the Snake":[30]},"card_choices":[{"not_picked":["Backstab","Outmaneuver"],"picked":"Blade Dance","floor":1.0},{"not_picked":["Expertise","Cloak And Dagger"],"picked":"Crippling Poison","floor":2.0},{"not_picked":["Underhanded Strike","Outmaneuver"],"picked":"Infinite Blades","floor":5.0},{"not_picked":["Blade Dance","Outmaneuver"],"picked":"Terror","floor":7.0},{"not_picked":["Backflip","Expertise"],"picked":"Leg Sweep","floor":10.0},{"not_picked":["Bouncing Flask","Riddle With Holes"],"picked":"Dash","floor":11.0},{"not_picked":["Dagger Spray","Sucker Punch"],"picked":"Deadly Poison","floor":13.0},{"not_picked":["Outmaneuver","Masterful Stab"],"picked":"Footwork","floor":14.0},{"not_picked":["Tools of the Trade","Unload"],"picked":"Wraith Form v2","floor":16.0},{"not_picked":["Prepared","Underhanded Strike","Cloak And Dagger"],"picked":"SKIP","floor":18.0},{"not_picked":["Quick Slash+1","Outmaneuver"],"picked":"Acrobatics","floor":19.0},{"not_picked":["Tactician","Blade Dance"],"picked":"Backstab","floor":21.0},{"not_picked":["PiercingWail","Reflex+1"],"picked":"Footwork","floor":23},{"not_picked":["Phantasmal Killer","Expertise+1"],"picked":"Tools of the Trade","floor":30}],"player_experience":1093199,"relics_obtained":[{"floor":7.0,"key":"MealTicket"},{"floor":9.0,"key":"PreservedInsect"},{"floor":13.0,"key":"Bottled Tornado"},{"floor":23,"key":"Molten Egg 2"},{"floor":26,"key":"Singing Bowl"},{"floor":30,"key":"HornCleat"}],"event_choices":[{"cards_removed":["Strike_G"],"damage_healed":0.0,"max_hp_gain":0.0,"max_hp_loss":0.0,"gold_gain":0.0,"event_name":"Purifier","player_choice":"Purged","floor":3.0,"gold_loss":0.0,"damage_taken":0.0},{"damage_healed":0.0,"max_hp_gain":0.0,"max_hp_loss":0.0,"gold_gain":0.0,"event_name":"Forgotten Altar","player_choice":"Smashed Altar","floor":22.0,"gold_loss":0.0,"damage_taken":0.0,"cards_obtained":["Decay"]},{"damage_healed":0,"gold_gain":0,"cards_transformed":["Strike_G","Strike_G"],"player_choice":"Became Test Subject","damage_taken":0,"max_hp_gain":0,"max_hp_loss":0,"event_name":"Drug Dealer","floor":24,"gold_loss":0,"cards_obtained":["Concentrate","Finisher"]}],"is_beta":false,"boss_relics":[{"not_picked":["Ectoplasm","Busted Crown"],"picked":"Philosopher\u0027s Stone"}],"items_purged_floors":[28],"is_endless":false,"potions_floor_spawned":[1,2,7,14,19,30],"killed_by":"Collector","ascension_level":20}}