{"host":"c6uvvgqwlxq4k23y","time":1611337290,"event":{"mods":["Arknights The Spire","BaseMod","CapriCore","DeckTracker","Hermit","Minty Spire (QoL Compilation)","StSLib","SuperFastMode","The Cursed"],"gold_per_floor":[113,133,208,227,227,256,275,287,287,301,315,315,334,349,349,349,349],"floor_reached":16,"language":"KOR","playtime":433,"items_purged":[],"score":108,"play_id":"c188267d-8cfe-4a6c-a86d-e004204155bd","local_time":"20210123024130","is_ascension_mode":false,"campfire_choices":[{"data":"ats:Echo Reverb","floor":12.0,"key":"SMITH"},{"floor":15.0,"key":"REST"}],"circlet_count":0,"master_deck":["ats:Strike C","ats:Strike G","ats:Strike S","ats:Armor Crushing Shot","ats:Defend","ats:Defend","ats:Defend","ats:Defend","ats:Emotion Absorption","ats:Consecutive Shot Auto","ats:Explosion Area Strengthen","ats:Closed Bolt Burst Fire","ats:Apocalypse","ats:Echo Reverb+1","ats:Volcano"],"relics":["ats:Sanity","NeowsBlessing","ats:Originium","MealTicket","FossilizedHelix"],"acts_visited":["Exordium"],"potions_floor_usage":[],"damage_taken":[{"damage":0.0,"enemies":"2 Louse","floor":1.0,"turns":1.0},{"damage":0.0,"enemies":"Cultist","floor":2.0,"turns":1.0},{"damage":0.0,"enemies":"Jaw Worm","floor":4.0,"turns":1.0},{"damage":26.0,"enemies":"Lagavulin","floor":6.0,"turns":6.0},{"damage":8.0,"enemies":"Lots of Slimes","floor":7.0,"turns":4.0},{"damage":2.0,"enemies":"2 Fungi Beasts","floor":8.0,"turns":3.0},{"damage":10.0,"enemies":"3 Louse","floor":10.0,"turns":3.0},{"damage":5.0,"enemies":"Looter","floor":11.0,"turns":3.0},{"damage":7.0,"enemies":"Blue Slaver","floor":13.0,"turns":3.0},{"damage":0.0,"enemies":"3 Louse","floor":14.0,"turns":2.0},{"damage":39,"enemies":"Hexaghost","floor":16,"turns":9}],"seed_played":"4464132761854274144","potions_obtained":[{"floor":2.0,"key":"SteroidPotion"},{"floor":7.0,"key":"LiquidMemories"},{"floor":8.0,"key":"SpeedPotion"},{"floor":10.0,"key":"Energy Potion"}],"is_trial":false,"path_per_floor":["M","M","?","M","?","E","M","M","T","M","M","R","M","M","R","B"],"character_chosen":"DOCTOR_CLASS","items_purchased":[],"campfire_rested":1,"item_purchase_floors":[],"current_hp_per_floor":[72,72,61,61,61,35,27,30,30,20,20,20,18,23,44,15,15],"gold":349,"neow_bonus":"THREE_ENEMY_KILL","is_daily":false,"chose_seed":false,"campfire_upgraded":1,"win_rate":0.0,"timestamp":1611337290,"path_taken":["M","M","?","M","?","E","M","M","T","M","M","R","?","M","R","BOSS"],"items_purchased_type":[],"build_version":"2020-12-22","purchased_purges":0,"victory":false,"max_hp_per_floor":[72,72,72,72,72,72,72,72,72,72,72,72,72,72,72,72,72],"card_choices":[{"not_picked":["ats:Part Time Job","ats:Explosion Area Strengthen"],"picked":"ats:Consecutive Shot Auto","floor":1.0},{"not_picked":["ats:Automatic Cover","ats:Revitalization"],"picked":"ats:Explosion Area Strengthen","floor":2.0},{"not_picked":["ats:Assault Order","ats:Curse Doll"],"picked":"ats:Closed Bolt Burst Fire","floor":4.0},{"not_picked":["ats:Hammer On","ats:Curse Doll","ats:Chain Hook"],"picked":"SKIP","floor":6.0},{"not_picked":["ats:Guardian Obelisk","ats:Sunburst"],"picked":"ats:Apocalypse","floor":7.0},{"not_picked":["ats:Directed Diagnosis","ats:Ignite"],"picked":"ats:Echo Reverb","floor":8.0},{"not_picked":["ats:Composite Medical Shells","ats:Sunburst","ats:Charging Defense"],"picked":"SKIP","floor":10.0},{"not_picked":["ats:Curse Doll","ats:Shadow Raid","ats:Flexible Camouflage"],"picked":"SKIP","floor":11.0},{"not_picked":["ats:Chain Hook","ats:Composite Medical Shells","ats:Automatic Cover"],"picked":"SKIP","floor":13.0},{"not_picked":["ats:Chain Hook","ats:Composite Medical Shells","ats:Automatic Cover"],"picked":"SKIP","floor":13.0},{"not_picked":["ats:Leaping Hammer","ats:Ignite"],"picked":"ats:Volcano","floor":14.0}],"player_experience":327794,"relics_obtained":[{"floor":6.0,"key":"ats:Originium"},{"floor":6.0,"key":"MealTicket"},{"floor":9.0,"key":"FossilizedHelix"}],"event_choices":[{"damage_healed":0.0,"max_hp_gain":0.0,"max_hp_loss":0.0,"gold_gain":75.0,"event_name":"World of Goop","player_choice":"Gather Gold","floor":3.0,"gold_loss":0.0,"damage_taken":11.0},{"cards_removed":["ats:Strike V"],"damage_healed":0.0,"max_hp_gain":0.0,"max_hp_loss":0.0,"gold_gain":0.0,"event_name":"Wheel of Change","player_choice":"Card Removal","floor":5.0,"gold_loss":0.0,"damage_taken":0.0}],"is_beta":false,"boss_relics":[],"items_purged_floors":[],"is_endless":false,"potions_floor_spawned":[2,7,8,10],"killed_by":"Hexaghost","ascension_level":0}}