{"host":"lnnm69al9x392px5","time":1611305349,"event":{"mods":["BaseMod","Downfall","Minty Spire (QoL Compilation)","StSLib"],"gold_per_floor":[99,129,149,149,164,181,181,197,197,209,228,263,263,263,273,372,372,372,392,1,13,28,42,67,67,67,52,52,37,72,72,92,190,240,240,251,266,320,320,320,320,370,67,67,82,102,118,132,144,144,144,144],"floor_reached":50,"language":"ENG","playtime":2999,"items_purged":["Slimebound:Defend_Slimebound","Slimebound:Defend_Slimebound"],"score":548,"play_id":"678b552b-26b9-486d-8967-6d34b5163c2d","local_time":"20210122004909","is_ascension_mode":false,"campfire_choices":[{"data":"Slimebound:Split","floor":1,"key":"SMITH"},{"data":"Slimebound:PrepareCrush","floor":9,"key":"SMITH"},{"data":"Slimebound:HauntingLick","floor":13,"key":"SMITH"},{"data":"Slimebound:SplitMire","floor":18,"key":"SMITH"},{"data":"Slimebound:FormOfPuddle","floor":28,"key":"SMITH"},{"data":"Slimebound:SplitSpecialist","floor":35,"key":"SMITH"},{"data":"expansioncontent:Chronoboost","floor":40,"key":"SMITH"}],"circlet_count":0,"master_deck":["Slimebound:Strike_Slimebound","Slimebound:Strike_Slimebound","Slimebound:Tackle","Slimebound:Defend_Slimebound+1","Slimebound:Defend_Slimebound","Slimebound:Split+1","Slimebound:CorrosiveSpit","Slimebound:ItLooksTasty","Slimebound:HauntingLick+1","Slimebound:SplitMire+1","Slimebound:PrepareCrush+1","Slimebound:LeechEnergy","Slimebound:DisruptingSlam","Slimebound:Equalize+1","Slimebound:DisruptingSlam+1","Slimebound:MassFeed+1","Slimebound:SplitSpecialist+1","Slimebound:LeechEnergy+1","Slimebound:Repurpose","Slimebound:LevelUp","Slimebound:ServeAndProtect","Slimebound:FormOfPuddle+1","Slimebound:LeadByExample+1","Slimebound:GrowthPunch+1","Slimebound:RainOfGoop+1","Slimebound:MegaLick","Slimebound:FormOfPuddle","Slimebound:SlimeBrawl+1","Slimebound:SlimeSlap+1","Slimebound:FinishingTackle+1","Slimebound:AcidTongue+1","Slimebound:Replication+1","expansioncontent:PolyBeam+1","expansioncontent:Chronoboost+1","expansioncontent:Chronoboost","Slimebound:Schlurp","Slimebound:TagTeam+1","expansioncontent:DashGenerateEvil+1","Slimebound:LeadByExample","Slimebound:HauntingLick+1","Slimebound:SamplingLick+1","Slimebound:MassRepurpose","Slimebound:TongueLash+1","Slimebound:Teamwork"],"relics":["Slimebound:AbsorbEndCombat","Orichalcum","Pear","Molten Egg 2","Runic Pyramid","Slimebound:AggressiveSlimeRelic","Tiny Chest","Red Mask","Regal Pillow","Tiny House","War Paint","Bag of Marbles","Prayer Wheel","Lee\u0027s Waffle","CaptainsWheel"],"acts_visited":["Exordium","TheCity","TheBeyond"],"potions_floor_usage":[16,16,33],"damage_taken":[{"damage":0,"enemies":"Small Slimes","floor":3,"turns":3},{"damage":1,"enemies":"Jaw Worm","floor":5,"turns":4},{"damage":0,"enemies":"2 Louse","floor":6,"turns":2},{"damage":11,"enemies":"Exordium Thugs","floor":8,"turns":3},{"damage":7,"enemies":"Red Slaver","floor":10,"turns":2},{"damage":4,"enemies":"Blue Slaver","floor":11,"turns":2},{"damage":18,"enemies":"3 Sentries","floor":12,"turns":4},{"damage":2,"enemies":"Lots of Slimes","floor":15,"turns":4},{"damage":25,"enemies":"IC_STATUS_ARCHETYPE","floor":16,"turns":6},{"damage":4,"enemies":"Spheric Guardian","floor":19,"turns":3},{"damage":7,"enemies":"downfall:FleeingMerchant","floor":20,"turns":4},{"damage":27,"enemies":"Snecko","floor":21,"turns":5},{"damage":15,"enemies":"Sentry and Sphere","floor":22,"turns":4},{"damage":15,"enemies":"Centurion and Healer","floor":23,"turns":6},{"damage":7,"enemies":"downfall:FleeingMerchant","floor":27,"turns":4},{"damage":0,"enemies":"downfall:FleeingMerchant","floor":29,"turns":4},{"damage":44,"enemies":"Masked Bandits","floor":30,"turns":4},{"damage":3,"enemies":"Snecko","floor":32,"turns":3},{"damage":13,"enemies":"WA_ARCHETYPE_CALM","floor":33,"turns":10},{"damage":4,"enemies":"Orb Walker","floor":36,"turns":2},{"damage":15,"enemies":"3 Darklings","floor":37,"turns":7},{"damage":3,"enemies":"3 Darklings","floor":42,"turns":5},{"damage":0,"enemies":"downfall:FleeingMerchant","floor":43,"turns":1},{"damage":31,"enemies":"Maw","floor":45,"turns":9},{"damage":16,"enemies":"4 Shapes","floor":46,"turns":5},{"damage":25,"enemies":"3 Darklings","floor":47,"turns":5},{"damage":25,"enemies":"Sphere and 2 Shapes","floor":48,"turns":3},{"damage":18,"enemies":"Transient","floor":49,"turns":5},{"damage":112,"enemies":"DF_ARCHETYPE_ORBS","floor":50,"turns":9}],"seed_played":"3782712245934882169","potions_obtained":[{"floor":5,"key":"SkillPotion"},{"floor":10,"key":"Weak Potion"},{"floor":11,"key":"champ:CounterPotion"},{"floor":16,"key":"Block Potion"},{"floor":22,"key":"LiquidBronze"},{"floor":33,"key":"Fruit Juice"},{"floor":34,"key":"EssenceOfSteel"},{"floor":42,"key":"Slimebound:SlimedPotion"},{"floor":46,"key":"ColorlessPotion"},{"floor":49,"key":"DuplicationPotion"}],"is_trial":false,"path_per_floor":["R","?","M","?","M","M","T","M","R","M","M","E","R","?","M","B",null,"R","M","$","M","M","M","T","?","?","$","R","$","?","T","M","B",null,"R","M","M","?","?","R","T","?","$","T","M","M","M","M","M","B"],"character_chosen":"SLIMEBOUND","items_purchased":["Slimebound:AggressiveSlimeRelic","Slimebound:Repurpose","Slimebound:LevelUp","Lee\u0027s Waffle","Slimebound:TagTeam+1","expansioncontent:DashGenerateEvil","Slimebound:LeadByExample"],"campfire_rested":0,"item_purchase_floors":[20,20,20,43,43,43,43],"current_hp_per_floor":[65,65,65,65,65,65,75,68,68,63,67,55,55,55,63,46,75,75,75,72,55,58,65,65,65,65,78,78,83,61,61,70,70,97,97,96,87,87,77,77,77,80,104,104,84,88,77,66,56,0,0,0],"gold":144,"neow_bonus":"RANDOM_COMMON_RELIC","is_daily":false,"chose_seed":false,"campfire_upgraded":7,"win_rate":0.0,"timestamp":1611305349,"path_taken":["R","?","M","?","M","M","T","M","R","M","M","E","R","?","M","BOSS","R","M","$","M","M","M","T","?","?","$","R","$","?","?","M","BOSS","R","M","M","?","?","R","T","?","$","?","M","?","M","M","M","BOSS"],"items_purchased_type":["Relic","Card","Card","Relic","Card","Card","Card"],"build_version":"2020-12-22","purchased_purges":2,"victory":false,"max_hp_per_floor":[65,65,65,65,65,65,75,75,75,75,75,75,75,75,75,75,75,75,75,75,75,79,83,83,83,83,83,83,83,87,87,87,92,97,97,97,97,97,97,97,97,97,104,104,108,108,108,108,108,108,108,108],"card_choices":[{"not_picked":["Slimebound:SlimeTap","Slimebound:PressTheAttack"],"picked":"Slimebound:ItLooksTasty","floor":3},{"not_picked":["Slimebound:SlimeSpikes","Slimebound:FormOfPuddle"],"picked":"Slimebound:HauntingLick","floor":5},{"not_picked":["Slimebound:FinishingTackle","Slimebound:LivingWall"],"picked":"Slimebound:SplitMire","floor":6},{"not_picked":["Slimebound:ItLooksTasty","Slimebound:AcidTongue"],"picked":"Slimebound:PrepareCrush","floor":8},{"not_picked":["Slimebound:FormOfPuddle","Slimebound:SplitLeeching"],"picked":"Slimebound:LeechEnergy","floor":10},{"not_picked":["Slimebound:SplitMire","Slimebound:ComboTackle"],"picked":"Slimebound:DisruptingSlam","floor":11},{"not_picked":["Slimebound:DuplicatedForm","Slimebound:Grow"],"picked":"Slimebound:Equalize+1","floor":12},{"not_picked":["Slimebound:GoopTackle+1","Slimebound:ServeAndProtect"],"picked":"Slimebound:DisruptingSlam+1","floor":15},{"not_picked":["Slimebound:LeechLife+1","Slimebound:FirmFortitude"],"picked":"Slimebound:MassFeed+1","floor":16},{"not_picked":["Slimebound:PressTheAttack+1","Slimebound:LeechingTouch+1"],"picked":"Slimebound:SplitSpecialist","floor":19},{"not_picked":["Slimebound:DivideAndConquer+1","Slimebound:SplitBruiser"],"picked":"Slimebound:LeechEnergy+1","floor":20},{"not_picked":["Slimebound:SlimeSpikes+1","Slimebound:SplitMire+1"],"picked":"Slimebound:ServeAndProtect","floor":21},{"not_picked":["Slimebound:Chomp+1","Slimebound:GrowthPunch+1"],"picked":"Slimebound:FormOfPuddle","floor":22},{"not_picked":["Slimebound:LevelUp","Slimebound:Dissolve"],"picked":"Slimebound:LeadByExample","floor":23},{"not_picked":["Slimebound:LeechEnergy+1","Slimebound:DisruptingSlam+1"],"picked":"Slimebound:RainOfGoop+1","floor":27},{"not_picked":["Slimebound:PressTheAttack+1","Slimebound:Schlurp"],"picked":"Slimebound:MegaLick","floor":29},{"not_picked":["Slimebound:Replication","Slimebound:Schlurp"],"picked":"Slimebound:FormOfPuddle","floor":30},{"not_picked":["Slimebound:ItLooksTasty+1","Slimebound:RainOfGoop"],"picked":"Slimebound:SlimeBrawl","floor":32},{"not_picked":["Slimebound:LeechLife+1","Slimebound:FirmFortitude"],"picked":"Slimebound:SlimeSlap+1","floor":33},{"not_picked":["Slimebound:SplitBruiser","Slimebound:LeechingTouch+1"],"picked":"Slimebound:FinishingTackle+1","floor":34},{"not_picked":["Slimebound:RollThrough+1","Slimebound:ItLooksTasty+1"],"picked":"Slimebound:AcidTongue+1","floor":36},{"not_picked":["Slimebound:SamplingLick+1","Slimebound:Prepare"],"picked":"Slimebound:Replication+1","floor":37},{"not_picked":["expansioncontent:GuardianWhirl+1","expansioncontent:AwakenDeath"],"picked":"expansioncontent:PolyBeam+1","floor":39},{"not_picked":["expansioncontent:Hexaburn","expansioncontent:GuardianWhirl+1"],"picked":"expansioncontent:Chronoboost","floor":39},{"not_picked":["expansioncontent:AwakenDeath","expansioncontent:GuardianWhirl+1"],"picked":"expansioncontent:Chronoboost","floor":39},{"not_picked":["Slimebound:PressTheAttack+1","Slimebound:SlimeTap+1"],"picked":"Slimebound:Schlurp","floor":43},{"not_picked":["Slimebound:GoopTackle+1","Slimebound:PressTheAttack+1"],"picked":"Slimebound:HauntingLick+1","floor":45},{"not_picked":["Slimebound:FinishingTackle+1","Slimebound:LeechEnergy+1","Slimebound:SlimeSpikes+1"],"picked":"SKIP","floor":45},{"not_picked":["Slimebound:FinishingTackle+1","Slimebound:SlimeTap"],"picked":"Slimebound:SamplingLick+1","floor":46},{"not_picked":["Slimebound:RejuvenatingLick","Slimebound:PressTheAttack+1","Slimebound:SplitBruiser+1"],"picked":"SKIP","floor":46},{"not_picked":["Slimebound:ServeAndProtect+1","Slimebound:ViciousTackle+1"],"picked":"Slimebound:MassRepurpose","floor":47},{"not_picked":["Slimebound:HauntingLick+1","Slimebound:SplitBruiser+1"],"picked":"Slimebound:TongueLash+1","floor":47},{"not_picked":["Slimebound:SamplingLick+1","Slimebound:DisruptingSlam+1"],"picked":"Slimebound:Teamwork","floor":48},{"not_picked":["Slimebound:SlimeSpikes","Slimebound:LeechEnergy+1","Slimebound:Schlurp+1"],"picked":"SKIP","floor":48},{"not_picked":["Slimebound:HauntingLick","Slimebound:SplitLeeching+1","Slimebound:ProtectTheBoss+1"],"picked":"SKIP","floor":49},{"not_picked":["Slimebound:DisruptingSlam+1","Slimebound:SplitMire+1","Slimebound:GoopSpray"],"picked":"SKIP","floor":49}],"player_experience":237563,"relics_obtained":[{"floor":7,"key":"Pear"},{"floor":12,"key":"Molten Egg 2"},{"floor":24,"key":"Tiny Chest"},{"floor":30,"key":"Red Mask"},{"floor":31,"key":"Regal Pillow"},{"floor":38,"key":"War Paint"},{"floor":41,"key":"Bag of Marbles"},{"floor":42,"key":"Prayer Wheel"},{"floor":44,"key":"CaptainsWheel"}],"event_choices":[{"cards_removed":["Slimebound:Strike_Slimebound"],"damage_healed":0,"gold_gain":0,"player_choice":"Card Removal","damage_taken":0,"max_hp_gain":0,"max_hp_loss":0,"event_name":"The Cleric","floor":14,"gold_loss":0},{"damage_healed":0,"gold_gain":0,"player_choice":"Ignored","damage_taken":0,"max_hp_gain":0,"max_hp_loss":0,"event_name":"Vampires","floor":25,"gold_loss":0},{"damage_healed":0,"gold_gain":0,"player_choice":"Read","damage_taken":0,"max_hp_gain":0,"max_hp_loss":0,"event_name":"The Library","floor":26,"gold_loss":0,"cards_obtained":["Slimebound:GrowthPunch"]},{"damage_healed":0,"gold_gain":0,"player_choice":"Fought Bandits","damage_taken":0,"max_hp_gain":0,"max_hp_loss":0,"event_name":"Masked Bandits","floor":30,"gold_loss":0}],"is_beta":false,"boss_relics":[{"not_picked":["Busted Crown","Sozu"],"picked":"Runic Pyramid"},{"not_picked":["Slimebound:TarBlob","Velvet Choker"],"picked":"Tiny House"}],"items_purged_floors":[20,43],"is_endless":false,"potions_floor_spawned":[5,10,11,12,16,22,30,33,36,42,46,49],"killed_by":"DF_ARCHETYPE_ORBS","ascension_level":0}}