{"host":"6p0attdrtjqaih7v","time":1611284730,"event":{"mods":["2.2 Compatiblity","AchievementEnabler","Bard","BaseMod","Better Skull","Better Third Choice","Colored Powertips","Hermit","Highlight Path","Jorbs\u0027s Wanderer Trilogy","Key Reminder","Minty Spire (QoL Compilation)","Permanent Neow","Quick Restart","Random Character Button","Relic Stats","Replay The Spire","Robot Space Explorer","StSLib"],"gold_per_floor":[118,135,147,46,61,87,87,120,147,147,112,137,137,137,137,213,213,224,253,7,27,27,27],"floor_reached":22,"language":"ENG","playtime":982,"items_purged":["Strike_G"],"score":404,"play_id":"2f929bb3-b1d1-46c9-ae95-14a8179156fb","local_time":"20210121220530","is_ascension_mode":true,"campfire_choices":[{"data":"Skewer","floor":7,"key":"SMITH"},{"data":"Dramatic Entrance","floor":10,"key":"SMITH"},{"data":"Deadly Poison","floor":13,"key":"SMITH"},{"data":"Terror","floor":15,"key":"SMITH"}],"circlet_count":0,"master_deck":["AscendersBane","Strike_G","Strike_G+1","Strike_G","Strike_G","Defend_G","Defend_G","Defend_G","Defend_G","Defend_G+1","Survivor","Neutralize","Venomology+1","Skewer+1","ReplayTheSpireMod:Speed Training","Poisoned Stab","Dramatic Entrance+1","Terror+1","Poisoned Stab","Acrobatics","Deadly Poison+1","Tools of the Trade+1","Cloak And Dagger","Deadly Poison+1","Backflip"],"relics":["Ring of the Snake","Anchor","Regal Pillow","Blood Vial","Simple Rune","GremlinMask","HoveringKite","Red Mask","Guide Book"],"acts_visited":["Exordium","TheCity"],"potions_floor_usage":[3,3,6,6,6,8,12,12,16,16,19,19,19,21,22],"damage_taken":[{"damage":0,"enemies":"Jaw Worm","floor":1,"turns":6},{"damage":6,"enemies":"Cultist","floor":2,"turns":3},{"damage":0,"enemies":"2 Louse","floor":3,"turns":4},{"damage":4,"enemies":"Exordium Thugs","floor":5,"turns":4},{"damage":15,"enemies":"Lagavulin","floor":6,"turns":5},{"damage":8,"enemies":"Gremlin Nob","floor":8,"turns":3},{"damage":14,"enemies":"3 Sentries","floor":12,"turns":8},{"damage":27,"enemies":"Hexaghost","floor":16,"turns":9},{"damage":11,"enemies":"2 Thieves","floor":18,"turns":3},{"damage":28,"enemies":"Masked Bandits","floor":19,"turns":4},{"damage":17,"enemies":"3 Byrds","floor":21,"turns":5},{"damage":10,"enemies":"Sentry and Sphere","floor":22,"turns":2}],"seed_played":"4249956813587098210","potions_obtained":[{"floor":8,"key":"Adrenaline Potion"},{"floor":12,"key":"Energy Potion"},{"floor":16,"key":"Languid Potion"},{"floor":18,"key":"SkillPotion"}],"is_trial":false,"path_per_floor":["M","M","M","$","M","E","R","E","T","R","?","E","R","?","R","B",null,"M","?","$","M","M"],"character_chosen":"THE_SILENT","items_purchased":["Dramatic Entrance","Guide Book"],"campfire_rested":0,"item_purchase_floors":[4,20],"current_hp_per_floor":[59,53,53,53,49,34,34,26,26,26,42,30,30,30,30,5,51,42,16,16,1,0,0],"gold":27,"neow_bonus":"ONE_RANDOM_RARE_CARD","is_daily":false,"chose_seed":false,"campfire_upgraded":4,"win_rate":0.0,"timestamp":1611284730,"path_taken":["M","M","M","$","M","E","R","E","T","R","?","E","R","?","R","BOSS","M","?","$","M","M"],"items_purchased_type":["Card","Relic"],"build_version":"2020-12-22","purchased_purges":1,"victory":false,"max_hp_per_floor":[66,66,66,66,66,66,66,66,66,66,66,66,66,66,66,66,66,66,66,66,66,66,66],"relic_stats":{"Blood Vial":12,"Regal Pillow":0,"counters":[12,56],"HoveringKite":[7],"obtain_stats":[{"Blood Vial":9,"Anchor":6,"Regal Pillow":8,"Guide Book":20,"HoveringKite":17,"Simple Rune":12,"GremlinMask":14,"Red Mask":19,"Ring of the Snake":0},{"Blood Vial":6,"Anchor":5,"Regal Pillow":6,"Guide Book":10,"HoveringKite":8,"Simple Rune":7,"GremlinMask":7,"Red Mask":10,"Ring of the Snake":0},{"Blood Vial":25,"Anchor":22,"Regal Pillow":25,"Guide Book":49,"HoveringKite":42,"Simple Rune":33,"GremlinMask":33,"Red Mask":49,"Ring of the Snake":0}],"Ring of the Snake":[24]},"card_choices":[{"not_picked":["Dodge and Roll","Backflip"],"picked":"Skewer","floor":1},{"not_picked":["Underhanded Strike","Bane"],"picked":"ReplayTheSpireMod:Speed Training","floor":2},{"not_picked":["Dodge and Roll","Backflip"],"picked":"Poisoned Stab","floor":3},{"not_picked":["Flying Knee","Catalyst"],"picked":"Terror","floor":5},{"not_picked":["Dagger Spray","Reflex"],"picked":"Poisoned Stab","floor":6},{"not_picked":["Terror","Toxin Wave"],"picked":"Acrobatics","floor":8},{"not_picked":["Concentrate","Blade Dance"],"picked":"Deadly Poison","floor":12},{"not_picked":["Night Terror","Venomology"],"picked":"Tools of the Trade","floor":16},{"not_picked":["Outmaneuver","Flying Knee"],"picked":"Cloak And Dagger","floor":18},{"not_picked":["Acrobatics","Slice"],"picked":"Deadly Poison+1","floor":19},{"not_picked":["Slice","Masterful Stab"],"picked":"Backflip","floor":21}],"player_experience":908572,"relics_obtained":[{"floor":6,"key":"Anchor"},{"floor":8,"key":"Regal Pillow"},{"floor":9,"key":"Blood Vial"},{"floor":12,"key":"Simple Rune"},{"floor":19,"key":"Red Mask"}],"event_choices":[{"damage_healed":16,"gold_gain":0,"player_choice":"Healed","damage_taken":0,"max_hp_gain":0,"max_hp_loss":0,"event_name":"The Cleric","floor":11,"gold_loss":35},{"damage_healed":0,"gold_gain":0,"player_choice":"Trade","damage_taken":0,"relics_obtained":["GremlinMask"],"max_hp_gain":0,"max_hp_loss":0,"event_name":"FaceTrader","floor":14,"gold_loss":0},{"damage_healed":0,"gold_gain":0,"player_choice":"Fought Bandits","damage_taken":0,"max_hp_gain":0,"max_hp_loss":0,"event_name":"Masked Bandits","floor":19,"gold_loss":0}],"is_beta":false,"boss_relics":[{"not_picked":["Coffee Dripper","Ring of the Serpent"],"picked":"HoveringKite"}],"items_purged_floors":[20],"is_endless":false,"potions_floor_spawned":[8,12,16,18],"killed_by":"Sentry and Sphere","ascension_level":20}}