{"host":"qjk3wp69zu6hw4kx","time":1611352463,"event":{"mods":["BaseMod","Curses Come First","Downfall","Googly Eyes","Minty Spire (QoL Compilation)","Replay The Spire","StSLib"],"gold_per_floor":[0,18,32,182,201,126,126,136,156,168,268,168,185,205,221,221,221,221],"floor_reached":16,"language":"ENG","playtime":1915,"items_purged":[],"score":98,"play_id":"b97a5ca1-5ce1-44e5-bfea-3bd8ab3d9ab4","local_time":"20210122235423","is_ascension_mode":false,"campfire_choices":[{"floor":1.0,"key":"RECALL"},{"data":"hexamod:FastForward","floor":6.0,"key":"SMITH"},{"floor":12,"key":"REST"}],"circlet_count":0,"master_deck":["hexamod:Strike","hexamod:Strike","hexamod:Strike","hexamod:Strike","hexamod:Defend","hexamod:Defend","hexamod:Defend","hexamod:Defend","hexamod:Sear","hexamod:Float","hexamod:FastForward+1","hexamod:HauntingEcho","Madness","hexamod:Rewind","hexamod:GhostLash","hexamod:Hexaguard","hexamod:SpectersWail","hexamod:SoulSteal","hexamod:TimeOfNeed","hexamod:EtherealExpedition"],"relics":["hexamod:SpiritBrand","Peace Pipe","downfall:HeartBlessingRed","downfall:GremlinWheel","downfall:HeartBlessingBlue","Sundial"],"acts_visited":["Exordium"],"potions_floor_usage":[11,16,16],"damage_taken":[{"damage":0.0,"enemies":"Jaw Worm","floor":2.0,"turns":3.0},{"damage":0.0,"enemies":"2 Louse","floor":3.0,"turns":4.0},{"damage":0.0,"enemies":"Cultist","floor":5.0,"turns":3.0},{"damage":1.0,"enemies":"Large Slime","floor":8.0,"turns":4.0},{"damage":5.0,"enemies":"3 Louse","floor":9.0,"turns":3.0},{"damage":4.0,"enemies":"Large Slime","floor":10.0,"turns":5.0},{"damage":43,"enemies":"Large Slime","floor":11,"turns":6},{"damage":1,"enemies":"2 Fungi Beasts","floor":13,"turns":3},{"damage":17,"enemies":"Exordium Wildlife","floor":14,"turns":4},{"damage":6,"enemies":"Large Slime","floor":15,"turns":4},{"damage":39,"enemies":"DF_ARCHETYPE_STREAMLINE","floor":16,"turns":6}],"seed_played":"-7430494992806461531","potions_obtained":[{"floor":3.0,"key":"EssenceOfSteel"},{"floor":10,"key":"Elixir"},{"floor":13,"key":"sneckomod:MuddlingPotion"},{"floor":15,"key":"hexamod:EctoCoolerPotion"}],"is_trial":false,"path_per_floor":["R","M","M","?","M","R","T","M","M","M","?","R","M","M","M","B"],"character_chosen":"THE_SPIRIT","items_purchased":[],"campfire_rested":1,"item_purchase_floors":[],"current_hp_per_floor":[70,70,70,70,70,70,70,69,64,60,17,51,50,33,27,0,0,0],"gold":221,"neow_bonus":"ONE_RARE_RELIC","is_daily":false,"chose_seed":false,"campfire_upgraded":1,"win_rate":0.0,"timestamp":1611352463,"path_taken":["R","M","M","?","M","R","T","M","M","M","?","R","M","?","M","BOSS"],"items_purchased_type":[],"build_version":"2020-12-22","purchased_purges":0,"victory":false,"max_hp_per_floor":[70,70,70,70,70,70,70,70,70,70,70,80,80,80,80,80,80,80],"card_choices":[{"not_picked":["hexamod:SpectersWail","hexamod:Firestarter"],"picked":"hexamod:FastForward","floor":2.0},{"not_picked":["hexamod:RecurringNightmare","hexamod:GhostOfSpirePresent"],"picked":"hexamod:HauntingEcho","floor":3.0},{"not_picked":["hexamod:SwordOfDarkness","hexamod:EtherealExpedition"],"picked":"hexamod:Rewind","floor":5.0},{"not_picked":["hexamod:RainOfEmbers","hexamod:SwordOfDarkness"],"picked":"hexamod:GhostLash","floor":8.0},{"not_picked":["hexamod:SpectralAdrenaline","hexamod:SwordOfDarkness"],"picked":"hexamod:Hexaguard","floor":9.0},{"not_picked":["hexamod:Firestarter","hexamod:ThermalTransfer"],"picked":"hexamod:SpectersWail","floor":10},{"not_picked":["hexamod:Firestarter","hexamod:Rewind"],"picked":"hexamod:SoulSteal","floor":13},{"not_picked":["hexamod:ChargedBarrage","hexamod:ShieldOfDarkness"],"picked":"hexamod:TimeOfNeed","floor":14},{"not_picked":["hexamod:DynamicBlow","hexamod:BacktrackSmack"],"picked":"hexamod:EtherealExpedition","floor":15}],"player_experience":374804,"relics_obtained":[{"floor":11,"key":"downfall:GremlinWheel"},{"floor":12,"key":"Sundial"}],"event_choices":[{"damage_healed":0,"gold_gain":0,"player_choice":"Relic","damage_taken":0,"max_hp_gain":0,"max_hp_loss":0,"event_name":"Wheel of Change","floor":12,"gold_loss":0}],"is_beta":false,"boss_relics":[],"items_purged_floors":[],"is_endless":false,"potions_floor_spawned":[3,10,13,15],"killed_by":"DF_ARCHETYPE_STREAMLINE","ascension_level":0}}