{"host":"bg8va46pgqgvtzim","time":1611301056,"event":{"mods":["BaseMod","Minty Spire (QoL Compilation)","Quick Restart","StSLib","SuperFastMode"],"gold_per_floor":[31,65,117,168,204,204,255,255,255,348,399,399,217,270,270,398,398,435,478,281,196,302,361,361,361,388,424,424,489,544,605,605,732,732,750,842,917,572,614,664,544,601,601,655,655,723,723,945,945,995,995,995,3,33,33],"floor_reached":56,"language":"ZHS","playtime":2253,"items_purged":["Pain","Strike_G","Phantasmal Killer","Unload","All Out Attack+1"],"score":1627,"play_id":"5b6076e9-bca5-48b3-82a1-3eb0662d1a33","local_time":"20210122153736","is_ascension_mode":true,"campfire_choices":[{"data":"HandOfGreed","floor":6.0,"key":"SMITH"},{"data":"Neutralize","floor":8.0,"key":"SMITH"},{"data":"Noxious Fumes","floor":15.0,"key":"SMITH"},{"floor":24.0,"key":"REST"},{"floor":32.0,"key":"RECALL"},{"floor":45.0,"key":"REST"},{"floor":49,"key":"REST"},{"floor":52,"key":"REST"}],"circlet_count":0,"master_deck":["Survivor","Neutralize+1","HandOfGreed+1","Dagger Throw+1","Noxious Fumes+1","Terror","Acrobatics","Tools of the Trade","After Image","Undo","Core Surge","Body Slam+1","Creative AI","Phantasmal Killer","Leg Sweep","Reflex","Backflip","Night Terror","Warcry+1","After Image","True Grit","Master of Strategy","Impatience"],"relics":["Ring of the Snake","Akabeko","The Courier","Gremlin Horn","WarpedTongs","Lee\u0027s Waffle","InkBottle","Fusion Hammer","PrismaticShard","Pear","Red Mask","White Beast Statue","Vajra","StrikeDummy","Pandora\u0027s Box","Torii","Lantern","DollysMirror","Pen Nib","Strawberry","Singing Bowl","Membership Card","Ice Cream","Calipers","Incense Burner","Whetstone","Toy Ornithopter","Bag of Preparation","Anchor","Pocketwatch","Snake Skull","Centennial Puzzle"],"acts_visited":["Exordium","TheCity","TheBeyond","TheEnding"],"potions_floor_usage":[55,55],"damage_taken":[{"damage":0.0,"enemies":"Jaw Worm","floor":1.0,"turns":3.0},{"damage":0.0,"enemies":"Cultist","floor":2.0,"turns":4.0},{"damage":0.0,"enemies":"2 Louse","floor":3.0,"turns":4.0},{"damage":10.0,"enemies":"Large Slime","floor":4.0,"turns":9.0},{"damage":9.0,"enemies":"Red Slaver","floor":5.0,"turns":6.0},{"damage":20.0,"enemies":"Lagavulin","floor":7.0,"turns":7.0},{"damage":6.0,"enemies":"3 Louse","floor":10.0,"turns":7.0},{"damage":0.0,"enemies":"Gremlin Nob","floor":11.0,"turns":2.0},{"damage":0.0,"enemies":"Lagavulin","floor":14.0,"turns":6.0},{"damage":0.0,"enemies":"The Guardian","floor":16.0,"turns":13.0},{"damage":7.0,"enemies":"Chosen","floor":18.0,"turns":5.0},{"damage":6.0,"enemies":"Spheric Guardian","floor":19.0,"turns":4.0},{"damage":20.0,"enemies":"Masked Bandits","floor":22.0,"turns":7.0},{"damage":4.0,"enemies":"Gremlin Leader","floor":23.0,"turns":6.0},{"damage":2.0,"enemies":"Snake Plant","floor":27.0,"turns":4.0},{"damage":0.0,"enemies":"Cultist and Chosen","floor":29.0,"turns":6.0},{"damage":0.0,"enemies":"Book of Stabbing","floor":30.0,"turns":7.0},{"damage":0.0,"enemies":"Chosen and Byrds","floor":31.0,"turns":6.0},{"damage":16.0,"enemies":"Automaton","floor":33.0,"turns":10.0},{"damage":0.0,"enemies":"3 Darklings","floor":35.0,"turns":5.0},{"damage":0.0,"enemies":"3 Shapes","floor":36.0,"turns":8.0},{"damage":0.0,"enemies":"Mind Bloom Boss Battle","floor":37.0,"turns":6.0},{"damage":0.0,"enemies":"Writhing Mass","floor":39.0,"turns":7.0},{"damage":6.0,"enemies":"Reptomancer","floor":40.0,"turns":7.0},{"damage":15.0,"enemies":"Nemesis","floor":42.0,"turns":5.0},{"damage":0.0,"enemies":"Giant Head","floor":44.0,"turns":5.0},{"damage":0.0,"enemies":"Sphere and 2 Shapes","floor":46.0,"turns":4.0},{"damage":19,"enemies":"Awakened One","floor":50,"turns":14},{"damage":15,"enemies":"Shield and Spear","floor":54,"turns":10},{"damage":29,"enemies":"The Heart","floor":55,"turns":14}],"seed_played":"-3483406786978756486","potions_obtained":[{"floor":3.0,"key":"Explosive Potion"},{"floor":4.0,"key":"AttackPotion"},{"floor":7.0,"key":"Swift Potion"},{"floor":10.0,"key":"Energy Potion"},{"floor":33.0,"key":"PowerPotion"},{"floor":35.0,"key":"SkillPotion"},{"floor":39.0,"key":"GhostInAJar"},{"floor":40.0,"key":"Ancient Potion"},{"floor":42.0,"key":"SpeedPotion"}],"is_trial":false,"path_per_floor":["M","M","M","M","M","R","E","R","T","M","E","?","$","E","R","B",null,"M","M","$","?","?","E","R","?","T","M","?","M","E","M","R","B",null,"M","M","?","$","M","E","$","E","T","E","R","M","?","?","R","B",null,"R","$","E","B",null],"character_chosen":"THE_SILENT","items_purchased":["Lee\u0027s Waffle","PrismaticShard","Lantern","DollysMirror","Membership Card","Ice Cream","Calipers","Incense Burner","Whetstone","Toy Ornithopter","Bag of Preparation","Anchor","Pocketwatch","Snake Skull"],"campfire_rested":4,"item_purchase_floors":[13,20,38,38,53,53,53,53,53,53,53,53,53,53],"current_hp_per_floor":[70,70,70,60,51,51,31,31,31,25,25,25,77,77,77,77,77,70,64,64,74,54,50,76,76,76,74,74,74,74,74,74,58,87,87,87,87,87,87,81,81,73,73,75,96,96,88,88,98,79,98,98,98,85,66],"gold":33,"neow_bonus":"RANDOM_COLORLESS_2","is_daily":false,"chose_seed":false,"campfire_upgraded":3,"win_rate":0.0,"timestamp":1611301056,"path_taken":["M","M","M","M","M","R","E","R","T","M","E","?","$","E","R","BOSS","M","M","$","?","?","E","R","?","T","?","?","M","E","M","R","BOSS","M","M","?","$","M","E","$","E","T","E","R","M","?","?","R","BOSS","R","$","E","BOSS"],"items_purchased_type":["Relic","Relic","Relic","Relic","Relic","Relic","Relic","Relic","Relic","Relic","Relic","Relic","Relic","Relic"],"build_version":"2020-12-22","purchased_purges":5,"victory":true,"max_hp_per_floor":[70,70,70,70,70,70,70,70,70,70,70,70,77,77,77,77,77,77,77,77,87,87,87,87,87,87,87,87,87,87,87,87,87,87,87,87,87,87,87,87,87,94,94,96,96,96,98,98,98,98,98,98,98,100,100],"card_choices":[{"not_picked":["Apotheosis","Magnetism"],"picked":"HandOfGreed","floor":0.0},{"not_picked":["Dagger Spray","Underhanded Strike"],"picked":"Dagger Throw","floor":1.0},{"not_picked":["Bane","Dash","Leg Sweep"],"picked":"SKIP","floor":2.0},{"not_picked":["Deadly Poison","Infinite Blades"],"picked":"Noxious Fumes","floor":3.0},{"not_picked":["Blur","Deadly Poison","Accuracy"],"picked":"SKIP","floor":4.0},{"not_picked":["Predator","Underhanded Strike"],"picked":"Terror","floor":5.0},{"not_picked":["Setup","Storm of Steel","Dagger Throw"],"picked":"SKIP","floor":7.0},{"not_picked":["Poisoned Stab","Slice"],"picked":"Acrobatics","floor":10.0},{"not_picked":["Grand Finale","Deflect","Cloak And Dagger"],"picked":"SKIP","floor":11.0},{"not_picked":["Cloak And Dagger","Outmaneuver","Dagger Throw"],"picked":"SKIP","floor":14.0},{"not_picked":["Storm of Steel","Die Die Die"],"picked":"Tools of the Trade","floor":16.0},{"not_picked":["Bane","Skewer+1","Masterful Stab"],"picked":"SKIP","floor":18.0},{"not_picked":["Slice+1","Cloak And Dagger"],"picked":"After Image","floor":19.0},{"not_picked":["Quick Slash","Redo"],"picked":"Undo","floor":22.0},{"not_picked":["PanicButton+1","Scrape","BowlingBash"],"picked":"SKIP","floor":23.0},{"not_picked":["Deflect","EmptyMind","Thunderclap+1"],"picked":"SKIP","floor":27.0},{"not_picked":["Heavy Blade","Barrage+1"],"picked":"Core Surge","floor":29.0},{"not_picked":["Noxious Fumes","Compile Driver+1","Conserve Battery"],"picked":"SKIP","floor":30.0},{"not_picked":["Coolheaded+1","Ball Lightning"],"picked":"Body Slam+1","floor":31.0},{"not_picked":["Fission","Venomology"],"picked":"Creative AI","floor":33.0},{"not_picked":["Sweeping Beam","Evaluate","Blade Dance+1"],"picked":"SKIP","floor":35.0},{"not_picked":["Dagger Spray+1","Streamline+1","Rip and Tear"],"picked":"SKIP","floor":36.0},{"not_picked":["Indignation+1","EmptyFist+1"],"picked":"Warcry+1","floor":37.0},{"not_picked":["Bandage Up+1","Amplify","Accuracy+1"],"picked":"SKIP","floor":39.0},{"not_picked":["PathToVictory","Blade Dance","SandsOfTime+1"],"picked":"SKIP","floor":40.0},{"not_picked":["Wallop+1","SashWhip","Impervious"],"picked":"SKIP","floor":42.0},{"not_picked":["Flex+1","Clothesline","Wild Strike"],"picked":"Singing Bowl","floor":44.0},{"not_picked":["Genetic Algorithm","Dark Shackles"],"picked":"True Grit","floor":46},{"not_picked":["Dramatic Entrance","HandOfGreed"],"picked":"Master of Strategy","floor":47},{"not_picked":["Dark Shackles","Deep Breath"],"picked":"Impatience","floor":47},{"not_picked":["Forethought","Blind","PanicButton"],"picked":"Singing Bowl","floor":47},{"not_picked":["Leap","Go for the Eyes+1","JustLucky"],"picked":"Singing Bowl","floor":54}],"player_experience":2303802,"relics_obtained":[{"floor":7.0,"key":"Akabeko"},{"floor":9.0,"key":"The Courier"},{"floor":11.0,"key":"Gremlin Horn"},{"floor":14.0,"key":"InkBottle"},{"floor":22.0,"key":"Red Mask"},{"floor":23.0,"key":"White Beast Statue"},{"floor":26.0,"key":"Vajra"},{"floor":30.0,"key":"StrikeDummy"},{"floor":37.0,"key":"Torii"},{"floor":40.0,"key":"Pen Nib"},{"floor":42.0,"key":"Strawberry"},{"floor":44.0,"key":"Singing Bowl"},{"floor":54,"key":"Centennial Puzzle"}],"event_choices":[{"damage_healed":0.0,"max_hp_gain":0.0,"max_hp_loss":0.0,"gold_gain":0.0,"event_name":"Accursed Blacksmith","player_choice":"Rummage","floor":12.0,"gold_loss":0.0,"damage_taken":0.0,"relics_obtained":["WarpedTongs"],"cards_obtained":["Pain"]},{"damage_healed":0.0,"max_hp_gain":0.0,"max_hp_loss":0.0,"gold_gain":0.0,"event_name":"Addict","player_choice":"Obtained Relic","floor":21.0,"gold_loss":85.0,"damage_taken":0.0,"relics_obtained":["Pear"]},{"damage_healed":0.0,"max_hp_gain":0.0,"max_hp_loss":0.0,"gold_gain":0.0,"event_name":"Masked Bandits","player_choice":"Fought Bandits","floor":22.0,"gold_loss":0.0,"damage_taken":0.0},{"cards_removed":["Strike_G"],"damage_healed":0.0,"max_hp_gain":0.0,"max_hp_loss":0.0,"gold_gain":0.0,"event_name":"Purifier","player_choice":"Purged","floor":25.0,"gold_loss":0.0,"damage_taken":0.0},{"damage_healed":0.0,"max_hp_gain":0.0,"max_hp_loss":0.0,"gold_gain":0.0,"event_name":"Vampires","player_choice":"Ignored","floor":28.0,"gold_loss":0.0,"damage_taken":0.0},{"damage_healed":0.0,"max_hp_gain":0.0,"max_hp_loss":0.0,"gold_gain":0.0,"event_name":"MindBloom","player_choice":"Fight","floor":37.0,"gold_loss":0.0,"damage_taken":0.0},{"damage_healed":0,"gold_gain":0,"player_choice":"Memory 3","damage_taken":10,"max_hp_gain":0,"max_hp_loss":0,"event_name":"SensoryStone","floor":47,"gold_loss":0},{"damage_healed":0,"gold_gain":222,"player_choice":"Wore Mask","damage_taken":0,"max_hp_gain":0,"max_hp_loss":0,"event_name":"Tomb of Lord Red Mask","floor":48,"gold_loss":0}],"is_beta":false,"boss_relics":[{"not_picked":["SacredBark","Tiny House"],"picked":"Fusion Hammer"},{"not_picked":["Sozu","Velvet Choker"],"picked":"Pandora\u0027s Box"}],"items_purged_floors":[13,20,38,41,53],"is_endless":false,"potions_floor_spawned":[3,4,7,10,14,16,18,27,29,30,31,33,35,36,37,39,40,42,44,46,54],"ascension_level":1}}