{"host":"yfdtuf6ojcxn06xg","time":1611296893,"event":{"mods":["2.2 Compatiblity","AchievementEnabler","BaseMod","Colored Map","Colored Powertips","Curses Come First","Hermit","JesterMod","Jorbs\u0027s Wanderer Trilogy","Minty Spire (QoL Compilation)","Quick Restart","Rare Cards Sparkle","Relic Stats","Replay The Spire","StSLib","The Cursed","The Disciple","The Hierophant","The Jungle","The Marked","The Necromancer","The Servant 0.9.4"],"gold_per_floor":[112,112,127,127,127,156,171,171,171,199,199,234,234,309,309,309,309,429,429,445,468,127,168,168,168],"floor_reached":24,"language":"ENG","playtime":711,"items_purged":["Strike_G"],"score":282,"play_id":"2c9dc31a-a5f5-41fa-9de0-23b11cc81d59","local_time":"20210122012813","is_ascension_mode":true,"campfire_choices":[{"data":"ReplayTheSpireMod:From All Sides","floor":8,"key":"SMITH"},{"data":"Crippling Poison","floor":13,"key":"SMITH"},{"floor":17,"key":"REST"}],"circlet_count":0,"master_deck":["Strike_G","Strike_G","Defend_G","Defend_G","Defend_G","Defend_G","Neutralize","Toxin Wave+1","Deadly Poison","m_Survivalism","Bane","ReplayTheSpireMod:From All Sides+1","Bouncing Flask","Crippling Poison+1","Replay:Bag of Tricks","Expertise","Envenom","Finesse","Deadly Poison"],"relics":["Ring of the Snake","NeowsBlessing","Replay:PocketPolymizer","Blue Candle","Smiling Mask","Golden Idol","Girya","Philosopher\u0027s Stone","Happy Flower","Red Mask"],"acts_visited":["Exordium","TheCity"],"potions_floor_usage":[10,18,24],"damage_taken":[{"damage":0,"enemies":"2 Louse","floor":1,"turns":1},{"damage":0,"enemies":"Jaw Worm","floor":3,"turns":1},{"damage":0,"enemies":"Lagavulin","floor":6,"turns":1},{"damage":1,"enemies":"Cultist","floor":7,"turns":3},{"damage":11,"enemies":"3 Sentries","floor":10,"turns":5},{"damage":6,"enemies":"Gremlin Nob","floor":12,"turns":3},{"damage":30,"enemies":"The Guardian","floor":18,"turns":7},{"damage":13,"enemies":"Shell Parasite","floor":20,"turns":4},{"damage":0,"enemies":"Spheric Guardian","floor":21,"turns":2},{"damage":47,"enemies":"Masked Bandits","floor":23,"turns":4},{"damage":5,"enemies":"Snake Plant","floor":24,"turns":1}],"seed_played":"3130373355619242334","potions_obtained":[{"floor":1,"key":"Swift Potion"},{"floor":6,"key":"Reflective Coating"},{"floor":23,"key":"Cursed Concoction"}],"is_trial":false,"path_per_floor":["M","?","M","?","?","E","M","R","T","E","?","E","R","?","PTL","PTL","R","B",null,"M","M","$","?","M"],"character_chosen":"THE_SILENT","items_purchased":["Happy Flower","Finesse","Deadly Poison"],"campfire_rested":1,"item_purchase_floors":[22,22,22],"current_hp_per_floor":[70,70,70,70,70,70,69,69,69,58,58,52,52,41,41,41,60,30,65,52,52,52,5,0,0],"gold":168,"neow_bonus":"THREE_ENEMY_KILL","is_daily":false,"chose_seed":false,"campfire_upgraded":2,"win_rate":0.0,"timestamp":1611296893,"path_taken":["M","?","M","?","?","E","?","R","T","E","?","E","R","?","PTL","PTL","R","BOSS","M","M","$","?","M"],"items_purchased_type":["Relic","Card","Card"],"build_version":"2020-12-22","purchased_purges":1,"victory":false,"max_hp_per_floor":[70,70,70,70,70,70,70,70,70,70,65,65,65,65,65,65,65,65,65,65,65,65,65,65,65],"relic_stats":{"Happy Flower":[1],"counters":[11,32],"Golden Idol":47,"Blue Candle":[0],"Smiling Mask":25,"obtain_stats":[{"Girya":12,"Replay:PocketPolymizer":6,"NeowsBlessing":0,"Happy Flower":22,"Golden Idol":11,"Blue Candle":9,"Philosopher\u0027s Stone":19,"Red Mask":23,"Smiling Mask":10,"Ring of the Snake":0},{"Girya":6,"Replay:PocketPolymizer":3,"NeowsBlessing":0,"Happy Flower":9,"Golden Idol":5,"Blue Candle":4,"Philosopher\u0027s Stone":7,"Red Mask":10,"Smiling Mask":5,"Ring of the Snake":0},{"Girya":14,"Replay:PocketPolymizer":3,"NeowsBlessing":0,"Happy Flower":27,"Golden Idol":11,"Blue Candle":6,"Philosopher\u0027s Stone":21,"Red Mask":31,"Smiling Mask":11,"Ring of the Snake":0}],"Ring of the Snake":[22]},"card_choices":[{"not_picked":["Blur","Sucker Punch"],"picked":"Toxin Wave","floor":1},{"not_picked":["Underhanded Strike","Flying Knee"],"picked":"Deadly Poison","floor":3},{"not_picked":["Finisher","Leg Sweep"],"picked":"Bane","floor":6},{"not_picked":["ReplayTheSpireMod:Shiv Toss","Flying Knee","Backflip"],"picked":"SKIP","floor":7},{"not_picked":["Underhanded Strike","Hidden Blade"],"picked":"Bouncing Flask","floor":10},{"not_picked":["Phantasmal Killer","Blade Dance"],"picked":"Crippling Poison","floor":12},{"not_picked":["Phantasmal Killer","Unload"],"picked":"Envenom","floor":18},{"not_picked":["Cloak And Dagger","Eviscerate","Dagger Throw"],"picked":"SKIP","floor":20},{"not_picked":["Expertise","Cloak And Dagger","Hidden Blade"],"picked":"SKIP","floor":21}],"player_experience":217235,"relics_obtained":[{"floor":6,"key":"Replay:PocketPolymizer"},{"floor":9,"key":"Blue Candle"},{"floor":10,"key":"Smiling Mask"},{"floor":12,"key":"Girya"},{"floor":23,"key":"Red Mask"}],"event_choices":[{"damage_healed":0,"gold_gain":0,"player_choice":"Forge","damage_taken":0,"max_hp_gain":0,"max_hp_loss":0,"event_name":"Accursed Blacksmith","floor":5,"gold_loss":0,"cards_upgraded":["Toxin Wave"]},{"damage_healed":0,"gold_gain":0,"player_choice":"Lose Max HP","damage_taken":0,"relics_obtained":["Golden Idol"],"max_hp_gain":0,"max_hp_loss":5,"event_name":"Golden Idol","floor":11,"gold_loss":0},{"damage_healed":0,"gold_gain":75,"player_choice":"Gather Gold","damage_taken":11,"max_hp_gain":0,"max_hp_loss":0,"event_name":"World of Goop","floor":14,"gold_loss":0},{"damage_healed":0,"gold_gain":0,"player_choice":"Fought Bandits","damage_taken":0,"max_hp_gain":0,"max_hp_loss":0,"event_name":"Masked Bandits","floor":23,"gold_loss":0}],"is_beta":false,"boss_relics":[{"not_picked":["Replay:Ancient Bell","Cursed Key"],"picked":"Philosopher\u0027s Stone"}],"items_purged_floors":[22],"is_endless":false,"potions_floor_spawned":[1,6,23],"killed_by":"Snake Plant","ascension_level":4}}