{"host":"l491xr9n6v7t2d5g","time":1611313839,"event":{"mods":["Act Like it!","Arknights The Spire","BaseMod","Gensokyo","Marisa£®ÏF”Í°°ƒß¿Ì…≥£©","Minty Spire (QoL Compilation)","StSLib","[IsaacMod]“‘»ˆº‚À˛"],"gold_per_floor":[109,159,170,170,37,70,70,70,96,58,75,75,25,54,54,54,54],"floor_reached":16,"language":"ZHS","playtime":836,"items_purged":["ats:Strike G","ats:Strike V"],"score":106,"play_id":"514eed05-57ae-466a-97fe-ae520b5ac424","local_time":"20210122191039","is_ascension_mode":false,"campfire_choices":[{"data":"ats:Emotion Absorption","floor":7,"key":"SMITH"},{"floor":12,"key":"REST"},{"floor":15,"key":"REST"}],"circlet_count":0,"master_deck":["ats:Strike C","ats:Strike S","ats:Armor Crushing Shot","ats:Defend","ats:Defend","ats:Defend","ats:Defend","ats:Emotion Absorption+1","ats:Explosion Area Strengthen","ats:Encircling Forest","ats:Closed Bolt Burst Fire","ats:Shell Defense","ats:Disruption Kick"],"relics":["ats:Sanity","HushsDoor","SteamSale","NeowsBlessing","Pear","Bag of Marbles","Gensokyo:PortableGap","ats:Originium","ForgetMeNow","Pen Nib","ats:Ability Aura","Boot","Pocketwatch"],"acts_visited":["Exordium"],"potions_floor_usage":[16],"damage_taken":[{"damage":0,"enemies":"Gensokyo:Gryphon","floor":1,"turns":1},{"damage":15,"enemies":"Hiden Room Battle","floor":2,"turns":2},{"damage":0,"enemies":"Gensokyo:2_Kodama","floor":3,"turns":1},{"damage":45,"enemies":"Gensokyo:Aya","floor":6,"turns":6},{"damage":4,"enemies":"Gensokyo:Python","floor":11,"turns":4},{"damage":21,"enemies":"Gensokyo:Cirno","floor":14,"turns":7},{"damage":42,"enemies":"Gensokyo:Reimu","floor":16,"turns":9}],"seed_played":"5199557871695006272","potions_obtained":[{"floor":6,"key":"ColorlessPotion"},{"floor":14,"key":"Regen Potion"}],"is_trial":false,"path_per_floor":["M","?","M","?","COS","E","R","?","T","$","M","R","$","E","R","B"],"character_chosen":"DOCTOR_CLASS","items_purchased":[],"campfire_rested":2,"item_purchase_floors":[],"current_hp_per_floor":[72,67,67,67,67,22,22,22,22,22,18,37,37,22,41,0,0],"gold":54,"neow_bonus":"THREE_ENEMY_KILL","is_daily":false,"chose_seed":false,"campfire_upgraded":1,"win_rate":0.0,"timestamp":1611313839,"path_taken":["M","?","?","?","COS","E","R","?","T","$","M","R","$","E","R","BOSS"],"items_purchased_type":[],"build_version":"2020-12-22","purchased_purges":2,"victory":false,"max_hp_per_floor":[72,82,82,74,71,68,68,68,68,65,65,65,65,65,65,65,65],"card_choices":[{"not_picked":[],"picked":"Bomb","floor":0},{"not_picked":["ats:Consecutive Shot Auto","ats:Blood Oath"],"picked":"ats:Explosion Area Strengthen","floor":1},{"not_picked":["ats:Revitalization","ats:Demon Strength"],"picked":"ats:Encircling Forest","floor":2},{"not_picked":["ats:Cat Scratch","ats:Sashimi Platter"],"picked":"ats:Closed Bolt Burst Fire","floor":3},{"not_picked":["ats:Explosion Area Strengthen","ats:Apocalypse"],"picked":"ats:Shell Defense","floor":6},{"not_picked":["ats:Cat Scratch","ats:Revitalization","ats:Beaten Up"],"picked":"SKIP","floor":11},{"not_picked":["ats:Poison Spread","ats:Sunburst"],"picked":"ats:Disruption Kick","floor":14}],"player_experience":179203,"relics_obtained":[{"floor":2,"key":"Pear"},{"floor":2,"key":"Bag of Marbles"},{"floor":6,"key":"ats:Originium"},{"floor":6,"key":"ForgetMeNow"},{"floor":9,"key":"Pen Nib"},{"floor":14,"key":"ats:Originium"},{"floor":14,"key":"ats:Ability Aura"}],"event_choices":[{"damage_healed":0,"gold_gain":0,"player_choice":"Fight","damage_taken":0,"max_hp_gain":0,"max_hp_loss":0,"event_name":"HidenRoomEvent","floor":2,"gold_loss":0}],"is_beta":false,"boss_relics":[],"items_purged_floors":[10,13],"is_endless":false,"potions_floor_spawned":[6,14],"killed_by":"Gensokyo:Reimu","ascension_level":0}}