{"host":"dk10vuzdqf3wivcv","time":1611273856,"event":{"mods":["Aspiration","Astrologer","BaseMod","Colored Map","Conspire","Downfall","Friendly Minions","Hermit","Hubris","Infinite Spire","Minty Spire (QoL Compilation)","StSLib","SuperFastMode","Td1madao Mod","The Animator","The Gatherer","The Jungle"],"gold_per_floor":[123,167,184,200,210,243,243,243,243,273,298,298,318,337,337,442,442,460,476,476,514,371,417,417,443,523,523,523,523,523],"floor_reached":29,"language":"ENG","playtime":2306,"items_purged":[],"score":300,"play_id":"5df8a963-4f4f-4e3d-8a3d-a63380f291df","local_time":"20210122010416","is_ascension_mode":false,"campfire_choices":[{"floor":8,"key":"RECALL"},{"data":"animator:AcuraAkari","floor":12,"key":"SMITH"},{"data":"animator:Guy","floor":15,"key":"SMITH"},{"data":"animator:TukaLunaMarceau","floor":24,"key":"SMITH"},{"floor":27,"key":"REST"},{"data":"animator:AcuraTooru","floor":27,"key":"SMITH"}],"circlet_count":0,"master_deck":["animator:Strike_HitsugiNoChaika+1","animator:Defend_HitsugiNoChaika+1","animator:Strike+1","animator:Strike+1","animator:Strike+1","animator:Defend+1","animator:Defend+1","animator:Defend+1","animator:AcuraAkari+1","animator:Gillette","animator:Viivi","animator:TukaLunaMarceau+1","animator:Fredrika","animator:Saitama","animator:AcuraTooru+1","animator:SilverFang","animator:Sonic","animator:Guy+1","animator:Saitama","animator:Fredrika+1","animator:LeleiLaLalena","animator:AcuraAkari+1","animator:Layla","animator:PinaCoLada","hubris:Fate"],"relics":["animator:LivingPicture","animator:TheMissingPiece","animator:PurgingStone","Boot","aspiration:DSix","infinitespire:Satchel","aspiration:SecretTechniqueScroll","aspiration:VileToxins","animator:BattleDrones","infinitespire:Magic Flask","Ornamental Fan"],"acts_visited":["Exordium","TheCity"],"potions_floor_usage":[6,10,11,16,18,23],"damage_taken":[{"damage":2,"enemies":"2 Louse","floor":1,"turns":3},{"damage":16,"enemies":"conspire:MimicChest","floor":2,"turns":4},{"damage":0,"enemies":"Small Slimes","floor":3,"turns":2},{"damage":0,"enemies":"Cultist","floor":4,"turns":3},{"damage":0,"enemies":"3 Louse","floor":5,"turns":3},{"damage":0,"enemies":"Gremlin Nob","floor":6,"turns":3},{"damage":6,"enemies":"Large Slime","floor":10,"turns":6},{"damage":15,"enemies":"Lagavulin","floor":11,"turns":9},{"damage":6,"enemies":"Lots of Slimes","floor":13,"turns":4},{"damage":0,"enemies":"Exordium Thugs","floor":14,"turns":4},{"damage":1,"enemies":"The Guardian","floor":16,"turns":10},{"damage":0,"enemies":"3 Byrds","floor":18,"turns":4},{"damage":0,"enemies":"Spheric Guardian","floor":19,"turns":7},{"damage":6,"enemies":"Snake Plant","floor":21,"turns":5},{"damage":29,"enemies":"Gremlin Leader","floor":23,"turns":6},{"damage":11,"enemies":"Nightmare","floor":25,"turns":5},{"damage":0,"enemies":"conspire:Head Lice","floor":29,"turns":2}],"seed_played":"-3600527752529435467","potions_obtained":[{"floor":2,"key":"SneckoOil"},{"floor":3,"key":"Regen Potion"},{"floor":5,"key":"FearPotion"},{"floor":6,"key":"Slimebound:ThreeZeroPotion"},{"floor":14,"key":"SteroidPotion"},{"floor":16,"key":"Block Potion"},{"floor":21,"key":"Explosive Potion"},{"floor":25,"key":"Fire Potion"}],"is_trial":false,"path_per_floor":["M","?","M","M","M","E","?","R","T","M","E","R","M","M","R","B",null,"M","M","?","M","$","E","R","NM","T","R","?","E"],"character_chosen":"THE_ANIMATOR","items_purchased":["aspiration:VileToxins"],"campfire_rested":1,"item_purchase_floors":[22],"current_hp_per_floor":[70,54,54,54,55,55,55,55,55,49,49,49,43,44,44,43,74,74,75,75,69,69,40,40,29,29,51,51,51,51],"gold":523,"neow_bonus":"TEN_PERCENT_HP_BONUS","is_daily":false,"chose_seed":false,"campfire_upgraded":4,"win_rate":0.0,"timestamp":1611273856,"path_taken":["M","?","M","?","M","E","?","R","T","M","E","R","M","M","R","BOSS","M","M","?","?","?","E","R","NM","T","R","?","E"],"items_purchased_type":["Relic"],"build_version":"2020-12-22","purchased_purges":0,"victory":false,"max_hp_per_floor":[72,72,72,72,73,73,73,73,73,73,73,73,73,74,74,74,74,74,75,75,75,75,75,75,75,75,75,75,75,75],"card_choices":[{"not_picked":["animator:Scar","animator:NagisaMomoe"],"picked":"animator:Viivi","floor":1},{"not_picked":["animator:Spearman","animator:Togame"],"picked":"animator:TukaLunaMarceau","floor":2},{"not_picked":["animator:LizardPriest","animator:Benimaru","animator:KyokoSakura"],"picked":"SKIP","floor":3},{"not_picked":["animator:Geryuganshoop","animator:Vesta","animator:FielNirvalen"],"picked":"SKIP","floor":4},{"not_picked":["animator:Viivi","animator:Guy"],"picked":"animator:Fredrika","floor":5},{"not_picked":["animator:Fredrika","animator:MaesHughes"],"picked":"animator:Saitama","floor":6},{"not_picked":["animator:IrohaTamaki","animator:DolaRiku"],"picked":"animator:AcuraTooru","floor":10},{"not_picked":["animator:Hakurou","animator:Ain"],"picked":"animator:SilverFang","floor":11},{"not_picked":["animator:MumenRider","animator:Tatsumaki"],"picked":"animator:Sonic","floor":13},{"not_picked":["animator:Souei","animator:Shion"],"picked":"animator:Guy","floor":14},{"not_picked":["animator:Shizu","animator:Eve"],"picked":"animator:Saitama","floor":16},{"not_picked":["animator:Tatsumaki","animator:Azekura"],"picked":"animator:Fredrika+1","floor":18},{"not_picked":["animator:IzunaHatsuse","animator:Elsword+1"],"picked":"animator:LeleiLaLalena","floor":19},{"not_picked":["animator:Gillette","animator:Viivi"],"picked":"animator:Layla","floor":21},{"not_picked":["animator:YuiTsuruno+1","animator:LizardPriest"],"picked":"animator:PinaCoLada","floor":23},{"not_picked":["infinitespire:Starlight","infinitespire:UltimateForm"],"picked":"hubris:Fate","floor":25},{"not_picked":["animator:HighElfArcher","animator:Souei+1","animator:Witch"],"picked":"SKIP","floor":25}],"player_experience":184328,"relics_obtained":[{"floor":2,"key":"Boot"},{"floor":6,"key":"aspiration:DSix"},{"floor":11,"key":"infinitespire:Satchel"},{"floor":23,"key":"animator:BattleDrones"},{"floor":25,"key":"infinitespire:Magic Flask"},{"floor":26,"key":"Ornamental Fan"}],"event_choices":[{"damage_healed":0,"gold_gain":0,"player_choice":"Leave","damage_taken":0,"max_hp_gain":0,"max_hp_loss":0,"event_name":"conspire:Investor","floor":7,"gold_loss":0},{"damage_healed":0,"gold_gain":0,"player_choice":"Copied","damage_taken":0,"max_hp_gain":0,"max_hp_loss":0,"event_name":"Duplicator","floor":20,"gold_loss":0,"cards_obtained":["animator:AcuraAkari"]},{"damage_healed":0,"gold_gain":0,"player_choice":"Simplicity","damage_taken":0,"max_hp_gain":0,"max_hp_loss":0,"event_name":"Back to Basics","floor":28,"gold_loss":0,"cards_upgraded":["animator:Strike_HitsugiNoChaika","animator:Defend_HitsugiNoChaika","animator:Strike","animator:Strike","animator:Strike","animator:Defend","animator:Defend","animator:Defend"]}],"is_beta":false,"boss_relics":[{"not_picked":["infinitespire:Cupcake","hubris:CrackedHourglass"],"picked":"aspiration:SecretTechniqueScroll"}],"items_purged_floors":[],"is_endless":true,"potions_floor_spawned":[2,3,5,6,14,16,21,25],"killed_by":"conspire:Head Lice","ascension_level":0}}