{"host":"d61fcf2p3sjwe6yo","time":1611349694,"event":{"mods":["AchievementEnabler","BaseMod","Colored Map","Downfall","Minty Spire (QoL Compilation)","StSLib","SuperFastMode"],"gold_per_floor":[0,12,22,35,49,49,96,108,208,308,308,338,238,238,238,238],"floor_reached":14,"language":"ENG","playtime":735,"items_purged":[],"score":140,"play_id":"be7770d5-e589-42cc-b690-c69ddb3e35dd","local_time":"20210123000814","is_ascension_mode":true,"campfire_choices":[{"floor":1,"key":"RECALL"},{"floor":13,"key":"REST"}],"circlet_count":0,"master_deck":["AscendersBane","sneckomod:Strike","sneckomod:Defend","sneckomod:Defend","sneckomod:Defend","sneckomod:TailWhip","sneckomod:SnekBite","sneckomod:Unknown","sneckomod:QuickMove","sneckomod:QuickMove","Guardian:RollAttack","CrushJoints+1","sneckomod:DiceBlock","sneckomod:UnknownRarePower+1","sneckomod:UnknownRarePower+1","sneckomod:UnknownCommonSkill+1"],"relics":["sneckomod:SneckoSoul","sneckomod:UnknownEgg","Omamori","sneckomod:BlankCard","downfall:HeartBlessingRed"],"acts_visited":["Exordium"],"potions_floor_usage":[10,10],"damage_taken":[{"damage":9,"enemies":"Jaw Worm","floor":2,"turns":3},{"damage":15,"enemies":"Small Slimes","floor":3,"turns":4},{"damage":0,"enemies":"Cultist","floor":4,"turns":3},{"damage":11,"enemies":"Exordium Wildlife","floor":5,"turns":3},{"damage":0,"enemies":"Large Slime","floor":8,"turns":5},{"damage":29,"enemies":"downfall:Heads","floor":10,"turns":6},{"damage":9,"enemies":"Lagavulin","floor":12,"turns":6},{"damage":35,"enemies":"3 Sentries","floor":14,"turns":7}],"seed_played":"-4128789362892316353","potions_obtained":[{"floor":4,"key":"champ:CounterPotion"},{"floor":5,"key":"AttackPotion"}],"is_trial":false,"path_per_floor":["R","M","M","M","M","R","T","M","?","?","?","E","R","E"],"character_chosen":"THE_SNECKO","items_purchased":[],"campfire_rested":1,"item_purchase_floors":[],"current_hp_per_floor":[81,72,57,57,46,46,46,46,46,17,17,8,35,0,0,0],"gold":238,"neow_bonus":"ONE_RARE_RELIC","is_daily":false,"chose_seed":false,"campfire_upgraded":0,"win_rate":0.0,"timestamp":1611349694,"path_taken":["R","M","M","M","M","R","T","M","?","?","?","E","R","E"],"items_purchased_type":[],"build_version":"2020-12-22","purchased_purges":0,"victory":false,"max_hp_per_floor":[90,90,90,90,90,90,90,90,90,90,90,90,90,90,90,90],"card_choices":[{"not_picked":["sneckomod:UnknownDraw+1","sneckomod:WideSting"],"picked":"sneckomod:UnknownVulnerable+1","floor":2},{"not_picked":["sneckomod:Unknown0Cost+1","sneckomod:SoulRoll"],"picked":"sneckomod:QuickMove","floor":3},{"not_picked":["sneckomod:WideSting","sneckomod:PureSnecko"],"picked":"sneckomod:QuickMove","floor":4},{"not_picked":["sneckomod:IronFang","sneckomod:QuickBite"],"picked":"sneckomod:Memorize","floor":5},{"not_picked":["sneckomod:IronFang","sneckomod:SnakeSap","sneckomod:UnlimitedRolls"],"picked":"SKIP","floor":8},{"not_picked":["sneckomod:UnendingSupply","sneckomod:SnakeSap"],"picked":"sneckomod:DiceBlock","floor":10},{"not_picked":["sneckomod:UnknownCommonAttack+1","sneckomod:Nope"],"picked":"sneckomod:UnknownCommonSkill+1","floor":12}],"player_experience":669157,"relics_obtained":[{"floor":7,"key":"Omamori"},{"floor":12,"key":"sneckomod:BlankCard"}],"event_choices":[],"is_beta":false,"boss_relics":[],"items_purged_floors":[],"is_endless":false,"potions_floor_spawned":[4,5],"killed_by":"3 Sentries","ascension_level":11}}