{"host":"8fuipfsvjht9cgcs","time":1611285015,"event":{"mods":["AchievementEnabler","BaseMod","Colored Map","Colored Powertips","DeckTracker","Friendly Minions","Kiyohime£¨?ýï£©","Marisa£¨Ùöéë¡¡Øª×âÞÞ£©","Minty Spire (QoL Compilation)","Prisma Mod","Replay The Spire","StSLib","SuperFastMode","The Cursed","The Gatherer"],"gold_per_floor":[111,198,212,212,15,15,42,42,93,111,130,93,125,145,145,243,243,255,255,67,67,83,83,115,115,115,115,115,130,158,257,257,360,360,371,386,386,386],"floor_reached":37,"language":"KOR","playtime":1461,"items_purged":["Strike_R","Strike_R"],"score":744,"play_id":"35a4b090-91af-4c8a-b415-21c481389580","local_time":"20210122161014","is_ascension_mode":true,"campfire_choices":[{"data":"Body Slam","floor":6,"key":"SMITH"},{"data":"Shrug It Off","floor":8,"key":"SMITH"},{"data":"Madness","floor":23,"key":"SMITH"},{"data":"Entrench","floor":25,"key":"SMITH"},{"data":"Shrug It Off","floor":27,"key":"SMITH"}],"circlet_count":0,"master_deck":["AscendersBane","Strike_R+2","Strike_R+2","Strike_R+2","Defend_R+1","Defend_R+2","Defend_R+1","Defend_R+1","Bash","Second Wind","Body Slam+1","Ghostly Armor+1","Warcry","Double Tap","Shrug It Off+1","Entrench+1","Shrug It Off+1","Armaments+1","Shrug It Off+1","Body Slam","Madness+1","Warcry+1","Pain","ReplayReversal"],"relics":["Burning Blood","NeowsBlessing","Simple Rune","Replay:Wax Seal","Bag of Marbles","Cursed Key","Vajra","TungstenRod","Paper Frog","Electric Blood"],"acts_visited":["Exordium","TheCity","TheBeyond"],"potions_floor_usage":[13],"damage_taken":[{"damage":0,"enemies":"Cultist","floor":1,"turns":1},{"damage":0,"enemies":"2 Louse","floor":3,"turns":2},{"damage":0,"enemies":"Lagavulin","floor":7,"turns":1},{"damage":1,"enemies":"Jaw Worm","floor":10,"turns":2},{"damage":2,"enemies":"Exordium Wildlife","floor":11,"turns":6},{"damage":8,"enemies":"Gremlin Nob","floor":13,"turns":3},{"damage":0,"enemies":"Large Slime","floor":14,"turns":5},{"damage":42,"enemies":"The Guardian","floor":16,"turns":16},{"damage":14,"enemies":"Spheric Guardian","floor":18,"turns":6},{"damage":0,"enemies":"Chosen","floor":22,"turns":4},{"damage":0,"enemies":"Replay:Snechameleon","floor":24,"turns":8},{"damage":0,"enemies":"Sentry and Sphere","floor":29,"turns":6},{"damage":15,"enemies":"Slavers","floor":30,"turns":5},{"damage":67,"enemies":"Champ","floor":33,"turns":13},{"damage":13,"enemies":"3 Shapes","floor":35,"turns":8},{"damage":0,"enemies":"3 Darklings","floor":36,"turns":7},{"damage":70,"enemies":"Orin","floor":37,"turns":6}],"seed_played":"-9031468142287559260","potions_obtained":[{"floor":3,"key":"Energy Potion"},{"floor":11,"key":"AttackPotion"},{"floor":13,"key":"Doom Potion"},{"floor":29,"key":"Elixir"}],"is_trial":false,"path_per_floor":["M","?","M","?","$","R","E","R","T","M","M","$","E","M","R_BF","B",null,"M","?","$","?","M","R","E","R","T","R","$","M","E","?","R_BF","B",null,"M","M","?"],"character_chosen":"IRONCLAD","items_purchased":["Double Tap","Shrug It Off","Armaments+1","Madness"],"campfire_rested":0,"item_purchase_floors":[5,5,12,20],"current_hp_per_floor":[78,46,52,36,36,36,42,42,42,47,51,51,49,55,79,43,71,63,48,48,48,54,54,60,60,60,60,60,66,57,57,82,21,69,62,68,0,0],"gold":386,"neow_bonus":"THREE_ENEMY_KILL","is_daily":false,"chose_seed":false,"campfire_upgraded":5,"win_rate":0.0,"timestamp":1611285014,"path_taken":["M","?","M","?","?","R","E","R","T","M","M","$","E","M","R_BF","BOSS","M","?","$","?","M","R","E","R","T","R","$","M","E","?","R_BF","BOSS","M","M","?"],"items_purchased_type":["Card","Card","Card","Card"],"build_version":"2020-12-22","purchased_purges":2,"victory":false,"max_hp_per_floor":[80,80,80,80,80,80,80,80,80,80,80,80,80,80,80,80,80,80,85,85,85,85,85,85,85,85,85,85,85,85,85,85,85,85,85,85,85,85],"card_choices":[{"not_picked":["Thunderclap","Twin Strike"],"picked":"Second Wind","floor":1},{"not_picked":["Entrench","Sword Boomerang"],"picked":"Body Slam","floor":2},{"not_picked":["Warcry","Rampage"],"picked":"Ghostly Armor","floor":2},{"not_picked":["Hemokinesis","Sword Boomerang"],"picked":"Warcry","floor":2},{"not_picked":["Twin Strike","Thunderclap","Cleave"],"picked":"SKIP","floor":3},{"not_picked":["Reaper","Whirlwind","Havoc"],"picked":"SKIP","floor":7},{"not_picked":["Blood for Blood","Havoc"],"picked":"Entrench","floor":10},{"not_picked":["Sword Boomerang","True Grit"],"picked":"Shrug It Off","floor":11},{"not_picked":["Sentinel","Thunderclap","Anger"],"picked":"SKIP","floor":13},{"not_picked":["Uppercut","Heavy Blade"],"picked":"Shrug It Off","floor":14},{"not_picked":["Fire Breathing","Shrug It Off"],"picked":"Body Slam","floor":18},{"not_picked":["Replay:Undeath\u0027s Touch","ReplayTheSpireMod:Limb From Limb"],"picked":"Warcry+1","floor":22},{"not_picked":["ReplayTheSpireMod:Corrosion Curse","Hemokinesis","Wild Strike"],"picked":"SKIP","floor":24},{"not_picked":["Uppercut","Headbutt","Cleave"],"picked":"SKIP","floor":29},{"not_picked":["Run Through","Flex"],"picked":"ReplayReversal","floor":30},{"not_picked":["Warcry","Second Wind","Infernal Blade"],"picked":"SKIP","floor":35},{"not_picked":["Heavy Blade","Shrug It Off","Wild Strike"],"picked":"SKIP","floor":36}],"player_experience":431517,"relics_obtained":[{"floor":7,"key":"Simple Rune"},{"floor":9,"key":"Replay:Wax Seal"},{"floor":13,"key":"Bag of Marbles"},{"floor":24,"key":"Vajra"},{"floor":26,"key":"TungstenRod"},{"floor":30,"key":"Paper Frog"}],"event_choices":[{"damage_healed":0,"gold_gain":0,"player_choice":"Entered Light","damage_taken":16,"max_hp_gain":0,"max_hp_loss":0,"event_name":"Shining Light","floor":4,"gold_loss":0,"cards_upgraded":["Defend_R","Strike_R"]},{"damage_healed":0,"gold_gain":0,"player_choice":"Shed Blood","damage_taken":20,"max_hp_gain":5,"max_hp_loss":0,"event_name":"Forgotten Altar","floor":19,"gold_loss":0},{"damage_healed":0,"gold_gain":0,"player_choice":"Simplicity","damage_taken":0,"max_hp_gain":0,"max_hp_loss":0,"event_name":"Back to Basics","floor":21,"gold_loss":0,"cards_upgraded":["Strike_R","Strike_R","Strike_R","Defend_R","Defend_R","Defend_R","Defend_R"]},{"damage_healed":0,"gold_gain":99,"player_choice":"Stole From Cult","damage_taken":0,"max_hp_gain":0,"max_hp_loss":0,"event_name":"Nest","floor":31,"gold_loss":0},{"damage_healed":0,"gold_gain":0,"player_choice":"Fight","damage_taken":0,"max_hp_gain":0,"max_hp_loss":0,"event_name":"OrinTheCat","floor":37,"gold_loss":0}],"is_beta":false,"boss_relics":[{"not_picked":["Pandora\u0027s Box","Replay:Drink Me"],"picked":"Cursed Key"},{"not_picked":["Black Star","Replay:Ancient Bell"],"picked":"Electric Blood"}],"items_purged_floors":[5,20],"is_endless":false,"potions_floor_spawned":[3,11,13,29,30],"killed_by":"Orin","ascension_level":12}}