{"host":"1pwde2j81wdvsae3","time":1611296211,"event":{"mods":["BaseMod","Minty Spire (QoL Compilation)","Replay The Spire","Shop Mod","StSLib"],"gold_per_floor":[12,12,12,53,69,69,101,101,128,145,177,197,197,222,222,298,298,311,323,323,38,58,58,58,58,105,24,56,75,95,95,95,172,222,240,256,269,26,26,26,26],"floor_reached":40,"language":"ZHS","playtime":1192,"items_purged":[],"score":1055,"play_id":"e4450ffa-793d-4483-969a-02a8360e511a","local_time":"20210122141651","is_ascension_mode":true,"campfire_choices":[{"data":"Perfected Strike","floor":6.0,"key":"SMITH"},{"floor":8.0,"key":"REST"},{"floor":13.0,"key":"REST"},{"floor":15.0,"key":"REST"},{"floor":23.0,"key":"REST"},{"data":"Corruption","floor":25.0,"key":"SMITH"},{"floor":32.0,"key":"REST"}],"circlet_count":0,"master_deck":["AscendersBane","Strike_R","Strike_R+1","Strike_R+1","Strike_R","Strike_R","Defend_R+1","Defend_R","Defend_R+1","Defend_R+1","Bash","Apotheosis+1","Combust","Inflame","Cleave","Perfected Strike+1","ReplayTheSpireMod:Muscle Training+1","Dark Embrace","Reaper","Pommel Strike+1","Offering","Corruption+1","Evolve","Flex","Wild Strike","True Grit","True Grit+1","Fire Breathing","Impervious","ReplayTheSpireMod:Strike From Hell","Clothesline","Immolate","Pommel Strike","Twin Strike","Barricade","Defy Death+1","Armaments","Rupture"],"relics":["Burning Blood","Mirror","Art of War","MealTicket","Gremlin Food","War Paint","PreservedInsect","Mark of Pain","Vajra","Omamori","Oddly Smooth Stone","Replay:Ringing Soul","Tiny House","Regal Pillow"],"acts_visited":["Exordium","TheCity","TheBeyond"],"potions_floor_usage":[40,40],"damage_taken":[{"damage":10.0,"enemies":"Jaw Worm","floor":1.0,"turns":4.0},{"damage":8.0,"enemies":"2 Louse","floor":5.0,"turns":3.0},{"damage":30.0,"enemies":"Gremlin Nob","floor":7.0,"turns":4.0},{"damage":1.0,"enemies":"Cultist","floor":10.0,"turns":2.0},{"damage":16.0,"enemies":"3 Sentries","floor":11.0,"turns":5.0},{"damage":32.0,"enemies":"Large Slime","floor":12.0,"turns":5.0},{"damage":8.0,"enemies":"Gremlin Nob","floor":14.0,"turns":3.0},{"damage":65.0,"enemies":"Hexaghost","floor":16.0,"turns":8.0},{"damage":22.0,"enemies":"2 Thieves","floor":18.0,"turns":3.0},{"damage":29.0,"enemies":"Spheric Guardian","floor":19.0,"turns":4.0},{"damage":19.0,"enemies":"Snake Plant","floor":22.0,"turns":4.0},{"damage":36.0,"enemies":"Gremlin Leader","floor":28.0,"turns":3.0},{"damage":25.0,"enemies":"Shelled Parasite and Fungi","floor":29.0,"turns":5.0},{"damage":19.0,"enemies":"Chosen and Byrds","floor":30.0,"turns":6.0},{"damage":27.0,"enemies":"Pondfish","floor":33.0,"turns":6.0},{"damage":11.0,"enemies":"Orb Walker","floor":35.0,"turns":2.0},{"damage":31.0,"enemies":"3 Darklings","floor":36.0,"turns":4.0},{"damage":37.0,"enemies":"Transient","floor":37.0,"turns":5.0},{"damage":71,"enemies":"Reptomancer","floor":40,"turns":4}],"seed_played":"3535497539456726663","potions_obtained":[{"floor":4.0,"key":"Block Potion"},{"floor":7.0,"key":"Weak Potion"},{"floor":11.0,"key":"Explosive Potion"},{"floor":22.0,"key":"ElixirPotion"},{"floor":33.0,"key":"FearPotion"},{"floor":34.0,"key":"Strength Potion"}],"is_trial":false,"path_per_floor":["M","?","T","?","M","R","E","R","T","M","E","M","R","E","R","B",null,"M","M","?","$","M","R","?","R","T","$","E","M","M","T","R","B",null,"M","M","M","$","?","E"],"character_chosen":"IRONCLAD","items_purchased":["Vajra","Wild Strike","Seeing Red","True Grit","Fire Breathing","Armaments","Regal Pillow","Rupture"],"campfire_rested":5,"item_purchase_floors":[21,21,21,21,27,38,38,38],"current_hp_per_floor":[64,64,64,64,62,62,38,60,60,65,55,29,51,49,71,25,63,55,32,32,47,34,56,56,56,56,71,50,31,25,25,47,61,82,80,67,39,57,57,0,0],"gold":26,"neow_bonus":"RANDOM_COLORLESS_2","is_daily":false,"chose_seed":false,"campfire_upgraded":2,"win_rate":0.0,"timestamp":1611296211,"path_taken":["M","?","?","?","M","R","E","R","T","M","E","M","R","E","R","BOSS","M","?","?","$","M","R","?","R","T","?","E","?","M","?","R","BOSS","M","?","M","$","?","E"],"items_purchased_type":["Relic","Card","Card","Card","Card","Card","Relic","Card"],"build_version":"2020-12-22","purchased_purges":0,"victory":false,"max_hp_per_floor":[75,75,75,75,75,75,75,75,75,75,75,75,75,75,75,75,75,75,75,75,75,75,75,75,75,75,75,75,75,75,75,75,78,86,89,92,95,98,98,98,98],"card_choices":[{"not_picked":["ReplayTheSpireMod:Necrogeddon","ReplayTheSpireMod:Brewmster"],"picked":"Apotheosis","floor":0.0},{"not_picked":["ReplayTheSpireMod:Muscle Training","Uppercut"],"picked":"Combust","floor":1.0},{"not_picked":["Spot Weakness","Clash"],"picked":"Inflame","floor":4.0},{"not_picked":["Anger","Spot Weakness"],"picked":"Cleave","floor":4.0},{"not_picked":["Flex","Clash"],"picked":"Perfected Strike","floor":5.0},{"not_picked":["Dropkick","Headbutt"],"picked":"ReplayTheSpireMod:Muscle Training","floor":7.0},{"not_picked":["Iron Wave","Whirlwind"],"picked":"Dark Embrace","floor":10.0},{"not_picked":["Headbutt","Battle Trance"],"picked":"Reaper","floor":11.0},{"not_picked":["Perfected Strike","Intimidate"],"picked":"Pommel Strike","floor":12.0},{"not_picked":["Heavy Blade","Flex"],"picked":"Offering","floor":14.0},{"not_picked":["Exhume","Immolate"],"picked":"Corruption","floor":16.0},{"not_picked":["Heavy Blade+1","Perfected Strike"],"picked":"Evolve","floor":18.0},{"not_picked":["Reckless Charge","Heavy Blade"],"picked":"Flex","floor":19.0},{"not_picked":["Warcry","Perfected Strike"],"picked":"True Grit+1","floor":22.0},{"not_picked":["Clash","Rampage"],"picked":"Impervious","floor":28.0},{"not_picked":["Clothesline","Havoc"],"picked":"ReplayTheSpireMod:Strike From Hell","floor":29.0},{"not_picked":["Headbutt+1","Clash"],"picked":"Clothesline","floor":30.0},{"not_picked":["Reaper","Brutality"],"picked":"Immolate","floor":33.0},{"not_picked":["Rampage","Iron Wave"],"picked":"Pommel Strike","floor":34.0},{"not_picked":["Thunderclap","Warcry"],"picked":"Twin Strike","floor":35.0},{"not_picked":["Anger","Sword Boomerang"],"picked":"Barricade","floor":36.0},{"not_picked":["Shrug It Off","Rampage+1"],"picked":"Defy Death+1","floor":37.0}],"player_experience":231636,"relics_obtained":[{"floor":3.0,"key":"Mirror"},{"floor":4.0,"key":"Art of War"},{"floor":7.0,"key":"MealTicket"},{"floor":9.0,"key":"Gremlin Food"},{"floor":11.0,"key":"War Paint"},{"floor":14.0,"key":"PreservedInsect"},{"floor":26.0,"key":"Omamori"},{"floor":28.0,"key":"Oddly Smooth Stone"},{"floor":31.0,"key":"Replay:Ringing Soul"}],"event_choices":[{"damage_healed":0.0,"max_hp_gain":0.0,"max_hp_loss":0.0,"gold_gain":0.0,"event_name":"Living Wall","player_choice":"Grow","floor":2.0,"gold_loss":0.0,"damage_taken":0.0,"cards_upgraded":["Apotheosis"]},{"damage_healed":0.0,"max_hp_gain":0.0,"max_hp_loss":0.0,"gold_gain":0.0,"event_name":"Ghosts","player_choice":"Ignored","floor":20.0,"gold_loss":0.0,"damage_taken":0.0},{"damage_healed":0.0,"max_hp_gain":0.0,"max_hp_loss":0.0,"gold_gain":0.0,"event_name":"The Mausoleum","player_choice":"Ignored","floor":24.0,"gold_loss":0.0,"damage_taken":0.0},{"cards_removed":["Seeing Red"],"damage_healed":0.0,"max_hp_gain":0.0,"max_hp_loss":0.0,"gold_gain":0.0,"event_name":"Falling","player_choice":"Removed Skill","floor":39.0,"gold_loss":0.0,"damage_taken":0.0}],"is_beta":false,"boss_relics":[{"not_picked":["Fusion Hammer","Philosopher\u0027s Stone"],"picked":"Mark of Pain"},{"not_picked":["Ring of Chaos","Electric Blood"],"picked":"Tiny House"}],"items_purged_floors":[],"is_endless":false,"potions_floor_spawned":[7,10,11,14,22,33,36,37],"killed_by":"Reptomancer","ascension_level":15}}