{"host":"1rf9pknejqhzkc4o","time":1611343965,"event":{"mods":["A Penny For Your Troubles","Aspiration","BaseMod","Better Altar","Better Match","Better Note","Better Sensory Stone","Better Skull","Better Third Choice","Colored Map","Colored Powertips","Communication Mod","Conspire","Displayed Cursed Tome","Energized Spire","Hubris","Infinite Spire","Ironclad Rager","Minty Spire (QoL Compilation)","Quick Restart","RNG Fix","Rare Cards Sparkle","Relic Stats","Replay The Spire","Retaliation","Spicy Shops","StS++","StSLib","The Blue Laboratory","Trackpad"],"gold_per_floor":[19,35,35,35,52,82,82,92,165,179,179,179,7,23,23,126,126,136,136,149,164,164,197,197,197,221,221,233,233,249,249,249,351,351,365,414,414,414,414,414,414,425,425,19,46,64,75,94,94,94,94],"floor_reached":50,"language":"ENG","playtime":1905,"items_purged":["hubris:Despair"],"score":516,"play_id":"a99b2c5d-002b-4046-9ec3-d808e3184d22","local_time":"20210122223245","is_ascension_mode":false,"campfire_choices":[{"floor":7.0,"key":"REST"},{"floor":11.0,"key":"RECALL"},{"data":"Apotheosis","floor":15.0,"key":"SMITH"},{"floor":24.0,"key":"REST"},{"data":"Loop","floor":29.0,"key":"SMITH"},{"floor":32.0,"key":"REST"},{"data":"Echo Form","floor":40,"key":"SMITH"},{"floor":49,"key":"REST"}],"circlet_count":0,"master_deck":["Zap+1","Dualcast","Ball Lightning","Cold Snap","Ball Lightning","Cold Snap","Leap","Leap","Leap","Leap+1","Redo","Lockon","Double Energy","Chaos+1","aspiration:Polymerization","BasicCrystalCard+1","Apotheosis+1","StSpp:Channeliser","StSpp:CopyPaste","Defragment","Beam Cell","Steam","FTL","BootSequence+1","Loop+1","Double Energy","Beam Cell","ICR:ChainLightning+1","Turbo+1","StSpp:TargetLocked","Turbo","Redo+1","Apotheosis","conspire:Banana","Flash of Steel","Echo Form+1","Ball Lightning+1","Steam+1","infinitespire:Punishment+1","ICR:Cyclone","Loop","ICR:ChainLightning","Static Discharge","Ball Lightning+1","Aggregate","Echo Form","Stack+1","Redo","Static Discharge+1"],"relics":["Cracked Core","infinitespire:Lychee Nut","Solar Panel","Replay:Grab Bag","energizedSpire:DeadBattery","energizedSpire:EnergizedDie","trackpad:NeutrinoGenerator","hubris:ScarierMask","Prayer Wheel","War Paint","Omamori","ReplayTheSpireMod:ShopPack","Prayer Wheel","trackpad:FieryHotPepper","Molten Egg 2","hubris:VirtuousBlindfold","StSpp:TwinEgg","infinitespire:EmpoweringShard","trackpad:FocusingLens","Replay:Antivirus Software"],"acts_visited":["Exordium","TheCity","TheBeyond"],"potions_floor_usage":[50],"damage_taken":[{"damage":7.0,"enemies":"Jaw Worm","floor":1.0,"turns":2.0},{"damage":0.0,"enemies":"Small Slimes","floor":2.0,"turns":2.0},{"damage":0.0,"enemies":"Cultist","floor":5.0,"turns":2.0},{"damage":5.0,"enemies":"Lagavulin","floor":6.0,"turns":4.0},{"damage":3.0,"enemies":"Gremlin Gang","floor":8.0,"turns":4.0},{"damage":1.0,"enemies":"Blue Slaver","floor":10.0,"turns":2.0},{"damage":0.0,"enemies":"3 Louse","floor":14.0,"turns":3.0},{"damage":26.0,"enemies":"Hexaghost","floor":16.0,"turns":7.0},{"damage":0.0,"enemies":"2 Thieves","floor":18.0,"turns":3.0},{"damage":3.0,"enemies":"Spheric Guardian","floor":20.0,"turns":3.0},{"damage":8.0,"enemies":"Centurion and Healer","floor":21.0,"turns":3.0},{"damage":30.0,"enemies":"Book of Stabbing","floor":23.0,"turns":5.0},{"damage":0.0,"enemies":"Chosen and Byrds","floor":27.0,"turns":3.0},{"damage":0.0,"enemies":"Cultist and Chosen","floor":28.0,"turns":3.0},{"damage":16.0,"enemies":"Shelled Parasite and Fungi","floor":30.0,"turns":3.0},{"damage":51.0,"enemies":"hubris:MusketHawk","floor":33.0,"turns":7.0},{"damage":6,"enemies":"Orb Walker","floor":35,"turns":3},{"damage":12,"enemies":"2 Orb Walkers","floor":36,"turns":3},{"damage":3,"enemies":"3 Darklings","floor":41,"turns":5},{"damage":5,"enemies":"Maw","floor":42,"turns":6},{"damage":33,"enemies":"Transient","floor":46,"turns":5},{"damage":3,"enemies":"4 Shapes","floor":47,"turns":3},{"damage":23,"enemies":"Maw","floor":48,"turns":6},{"damage":51,"enemies":"Donu and Deca","floor":50,"turns":6}],"seed_played":"-1176622369563676900","potions_obtained":[{"floor":1.0,"key":"blueLaboratory:PlasmaFuel"},{"floor":5.0,"key":"Dexterity Potion"},{"floor":8.0,"key":"DDmod:CleansePotion"},{"floor":21.0,"key":"blueLaboratory:Moonshine"},{"floor":27.0,"key":"DDmod:CleansePotion"},{"floor":30.0,"key":"blueLaboratory:AbyssPotion"},{"floor":41,"key":"blueLaboratory:ArtificerPotion"},{"floor":42,"key":"Dexterity Potion"}],"is_trial":false,"path_per_floor":["M","M","?","$","M","E","R","M","T","M","R","?","$","M","R","B",null,"M","?","M","M","?","E","R","?","T","M","M","R","M","AVR","R","B",null,"M","?","?","?","AVR","R","M","M","T","$","T","M","M","M","R","B"],"character_chosen":"DEFECT","items_purchased":["Apotheosis","infinitespire:EmpoweringShard","trackpad:FocusingLens"],"campfire_rested":4,"item_purchase_floors":[13,44,44],"current_hp_per_floor":[43,43,43,38,38,33,48,48,48,51,51,41,41,48,48,30,51,51,51,48,45,50,26,41,41,41,50,51,51,35,35,50,9,53,55,51,51,51,51,51,55,59,59,59,59,28,36,23,41,0,0],"gold":94,"neow_bonus":"DEFECT_STORMLORD","is_daily":false,"chose_seed":false,"campfire_upgraded":3,"win_rate":0.0,"timestamp":1611343965,"path_taken":["M","M","?","?","M","E","R","M","T","M","R","?","$","?","R","BOSS","M","?","M","?","?","E","R","?","T","M","M","R","M","AVR","R","BOSS","M","?","?","?","AVR","R","?","M","T","$","?","M","M","M","R","BOSS"],"items_purchased_type":["Card","Relic","Relic"],"build_version":"2020-12-22","purchased_purges":1,"victory":false,"max_hp_per_floor":[68,68,68,68,68,51,51,51,51,51,51,51,51,51,51,51,51,51,51,51,51,51,51,51,51,51,51,51,51,51,51,51,53,53,55,55,55,55,55,55,55,59,59,59,59,59,61,63,63,65,65],"relic_stats":{"counters":[24,92],"Prayer Wheel":12,"War Paint":["BasicCrystalCard","BootSequence"],"obtain_stats":[{"Solar Panel":9,"trackpad:NeutrinoGenerator":17,"Replay:Grab Bag":17,"energizedSpire:EnergizedDie":17,"hubris:VirtuousBlindfold":39,"Omamori":25,"War Paint":23,"energizedSpire:DeadBattery":17,"trackpad:FieryHotPepper":36,"infinitespire:Lychee Nut":6,"hubris:ScarierMask":17,"Prayer Wheel":18,"Molten Egg 2":39,"StSpp:TwinEgg":43,"infinitespire:EmpoweringShard":44,"Replay:Antivirus Software":45,"Cracked Core":0,"trackpad:FocusingLens":44,"ReplayTheSpireMod:ShopPack":31},{"Solar Panel":5,"trackpad:NeutrinoGenerator":8,"Replay:Grab Bag":8,"energizedSpire:EnergizedDie":8,"hubris:VirtuousBlindfold":18,"Omamori":12,"War Paint":12,"energizedSpire:DeadBattery":8,"trackpad:FieryHotPepper":18,"infinitespire:Lychee Nut":4,"hubris:ScarierMask":8,"Prayer Wheel":9,"Molten Egg 2":18,"StSpp:TwinEgg":20,"infinitespire:EmpoweringShard":20,"Replay:Antivirus Software":20,"Cracked Core":0,"trackpad:FocusingLens":20,"ReplayTheSpireMod:ShopPack":15},{"Solar Panel":14,"trackpad:NeutrinoGenerator":26,"Replay:Grab Bag":26,"energizedSpire:EnergizedDie":26,"hubris:VirtuousBlindfold":62,"Omamori":40,"War Paint":40,"energizedSpire:DeadBattery":26,"trackpad:FieryHotPepper":62,"infinitespire:Lychee Nut":10,"hubris:ScarierMask":26,"Prayer Wheel":29,"Molten Egg 2":62,"StSpp:TwinEgg":73,"infinitespire:EmpoweringShard":73,"Replay:Antivirus Software":73,"Cracked Core":0,"trackpad:FocusingLens":73,"ReplayTheSpireMod:ShopPack":49}]},"card_choices":[{"not_picked":["Beam Cell","Conserve Battery"],"picked":"Redo","floor":1.0},{"not_picked":["Stack","Aggregate"],"picked":"Lockon","floor":2.0},{"not_picked":["Gash","Stack"],"picked":"Double Energy","floor":5.0},{"not_picked":["Sunder","ReplayTheSpireMod:Repulse"],"picked":"Chaos","floor":6.0},{"not_picked":["Ball Lightning","StSpp:Fierceness"],"picked":"aspiration:Polymerization","floor":8.0},{"not_picked":["Cold Snap","ReplayTheSpireMod:Dual Polarity"],"picked":"BasicCrystalCard","floor":10.0},{"not_picked":["Compile Driver","Hello World"],"picked":"StSpp:Channeliser","floor":14.0},{"not_picked":["Creative AI","Core Surge"],"picked":"ReplayTheSpireMod:Fabricate Wheel","floor":16.0},{"not_picked":["Ball Lightning","Cold Snap"],"picked":"Defragment","floor":18.0},{"not_picked":["Stack","Compile Driver"],"picked":"Beam Cell","floor":18.0},{"not_picked":["Coolheaded+1","Gash"],"picked":"Steam","floor":20.0},{"not_picked":["StSpp:Saturation","Stack"],"picked":"FTL","floor":20.0},{"not_picked":["Auto Shields","Scrape+1"],"picked":"BootSequence","floor":21.0},{"not_picked":["Blizzard+1","Go for the Eyes"],"picked":"Loop","floor":21.0},{"not_picked":["Creative AI","StSpp:Saturation"],"picked":"Double Energy","floor":23.0},{"not_picked":["Leap","Go for the Eyes"],"picked":"Beam Cell","floor":27.0},{"not_picked":["Undo","ReplayTheSpireMod:System Scan"],"picked":"ICR:ChainLightning+1","floor":27.0},{"not_picked":["Streamline","Blizzard+1"],"picked":"Turbo+1","floor":28.0},{"not_picked":["Leap","StSpp:Mask"],"picked":"StSpp:TargetLocked","floor":28.0},{"not_picked":["ReplayTheSpireMod:Dual Polarity","Compile Driver"],"picked":"Turbo","floor":30.0},{"not_picked":["Force Field","BasicCrystalCard"],"picked":"Redo+1","floor":30.0},{"not_picked":["DDmod:PotionAddictCard","Poisoned Strike"],"picked":"Apotheosis","floor":31.0},{"not_picked":["hubris:Ssssneak","Forethought"],"picked":"conspire:Banana","floor":31.0},{"not_picked":["Jack Of All Trades","StSpp:Panic"],"picked":"Flash of Steel","floor":31.0},{"not_picked":["Machine Learning","hubris:Prefetch"],"picked":"ReplayTheSpireMod:Fabricate Wheel","floor":33.0},{"not_picked":["Leap","aspiration:Polymerization+1"],"picked":"Ball Lightning+1","floor":35},{"not_picked":["Coolheaded+1","Conserve Battery+1"],"picked":"Steam","floor":35},{"not_picked":["Auto Shields+1","hubris:PowerSurge","Conserve Battery"],"picked":"SKIP","floor":35},{"not_picked":["Gash+1","Panic Button"],"picked":"Steam+1","floor":36},{"not_picked":["Auto Shields","conspire:Rain"],"picked":"ICR:Cyclone","floor":41},{"not_picked":["Sweeping Beam+1","Chaos"],"picked":"Loop","floor":41},{"not_picked":["Heatsinks+1","BasicCrystalCard+1"],"picked":"ICR:ChainLightning","floor":41},{"not_picked":["Sweeping Beam+1","ICR:FrostFall"],"picked":"Static Discharge","floor":42},{"not_picked":["Cold Snap+1","Rebound+1","Compile Driver+1"],"picked":"SKIP","floor":42},{"not_picked":["Gash+1","Turbo","hubris:PowerSurge+1"],"picked":"SKIP","floor":42},{"not_picked":["Steam","Go for the Eyes+1"],"picked":"Ball Lightning+1","floor":46},{"not_picked":["Panic Button","Sweeping Beam+1"],"picked":"Aggregate","floor":46},{"not_picked":["Steam","Leap","Coolheaded+1"],"picked":"SKIP","floor":46},{"not_picked":["ReplayTheSpireMod:Repulse","ReplayTheSpireMod:Reroute Power"],"picked":"Echo Form","floor":47},{"not_picked":["Steam Power+1","Conserve Battery"],"picked":"Stack+1","floor":47},{"not_picked":["ReplaySolidLightProjector+1","Undo+1"],"picked":"Redo","floor":47},{"not_picked":["Leap","Melter+1"],"picked":"Static Discharge+1","floor":48},{"not_picked":["BasicCrystalCard+1","Undo","StSpp:Mask+1"],"picked":"SKIP","floor":48},{"not_picked":["Stack","Hologram+1","conspire:Rain+1"],"picked":"SKIP","floor":48}],"player_experience":143656,"relics_obtained":[{"floor":6.0,"key":"infinitespire:Lychee Nut"},{"floor":9.0,"key":"Solar Panel"},{"floor":23.0,"key":"War Paint"},{"floor":36,"key":"trackpad:FieryHotPepper"},{"floor":43,"key":"StSpp:TwinEgg"},{"floor":45,"key":"Replay:Antivirus Software"}],"event_choices":[{"damage_healed":0.0,"max_hp_gain":0.0,"max_hp_loss":0.0,"gold_gain":0.0,"event_name":"Accursed Blacksmith","player_choice":"Forge","floor":3.0,"gold_loss":0.0,"damage_taken":0.0,"cards_upgraded":["Zap"]},{"damage_healed":51.0,"max_hp_gain":0.0,"max_hp_loss":51.0,"gold_gain":0.0,"event_name":"betterThird:BetterShining","player_choice":"Upgrade","floor":12.0,"gold_loss":0.0,"damage_taken":10.0,"cards_upgraded":["Chaos","Leap"]},{"damage_healed":0.0,"max_hp_gain":0.0,"max_hp_loss":0.0,"gold_gain":0.0,"event_name":"WeMeetAgain","player_choice":"Gave Potion","floor":25.0,"gold_loss":0.0,"damage_taken":0.0,"relics_obtained":["Omamori"]},{"damage_healed":0,"gold_gain":0,"player_choice":"Fight","damage_taken":0,"max_hp_gain":0,"max_hp_loss":0,"event_name":"Mysterious Sphere","floor":36,"gold_loss":0},{"cards_removed":["Steam"],"damage_healed":0,"gold_gain":0,"player_choice":"Removed Skill","damage_taken":0,"max_hp_gain":0,"max_hp_loss":0,"event_name":"Falling","floor":37,"gold_loss":0},{"damage_healed":0,"gold_gain":0,"player_choice":"Ignored","damage_taken":0,"max_hp_gain":0,"max_hp_loss":0,"event_name":"Tomb of Lord Red Mask","floor":38,"gold_loss":0}],"is_beta":false,"boss_relics":[{"not_picked":["hubris:GrandSneckoEye","Replay:Wanted Poster"],"picked":"Replay:Grab Bag"},{"not_picked":["Ectoplasm","hubris:TerracottaHorce"],"picked":"energizedSpire:DeadBattery"},{"not_picked":["energizedSpire:StickyHand","ReplayTheSpireMod:DimensionalGlitch"],"picked":"energizedSpire:EnergizedDie"},{"not_picked":["Replay:Drink Me","aspiration:WatcherSkillbook"],"picked":"trackpad:NeutrinoGenerator"},{"not_picked":["Empty Cage","aspiration:Stellarator"],"picked":"hubris:ScarierMask"},{"not_picked":["StSpp:Magatama","aspiration:RitualDagger","infinitespire:Cupcake"]}],"items_purged_floors":[4],"is_endless":false,"potions_floor_spawned":[1,5,8,18,21,27,30,41,42],"killed_by":"Donu and Deca","ascension_level":0}}