{"host":"o6rpelx2jpc8yies","time":1611282860,"event":{"mods":["BaseMod","Downfall","Minty Spire (QoL Compilation)","StSLib"],"gold_per_floor":[99,119,131,148,109,109,109,136,36,46,196,210,228,263,281,281,281,281],"floor_reached":16,"language":"ENG","playtime":2095,"items_purged":[],"score":131,"play_id":"92af25c9-81eb-441a-88ae-938332f0f14f","local_time":"20210121193420","is_ascension_mode":true,"campfire_choices":[{"floor":1,"key":"RECALL"},{"data":"bronze:Goto","floor":9,"key":"SMITH"}],"circlet_count":0,"master_deck":["bronze:Strike+1","bronze:Strike","bronze:Strike","bronze:Strike","bronze:Defend+1","bronze:Defend+1","bronze:Defend","bronze:Defend","bronze:Replicate","bronze:Goto+1","bronze:Terminator","bronze:Branch","bronze:WhirlingStrike+1","bronze:Branch+1","bronze:Separator","downfall:Malfunctioning","bronze:Shell","downfall:Icky","bronze:FineTuning","bronze:FineTuning"],"relics":["bronze:BronzeCore","Bottled Flame","Du-Vu Doll","downfall:HeartBlessingGreen","War Paint"],"acts_visited":["Exordium"],"potions_floor_usage":[16],"damage_taken":[{"damage":8,"enemies":"2 Louse","floor":2,"turns":4},{"damage":3,"enemies":"Small Slimes","floor":3,"turns":4},{"damage":5,"enemies":"Cultist","floor":4,"turns":5},{"damage":0,"enemies":"downfall:FleeingMerchant","floor":5,"turns":4},{"damage":17,"enemies":"3 Sentries","floor":8,"turns":6},{"damage":0,"enemies":"Exordium Thugs","floor":10,"turns":4},{"damage":0,"enemies":"Blue Slaver","floor":12,"turns":3},{"damage":5,"enemies":"Lots of Slimes","floor":13,"turns":2},{"damage":22,"enemies":"Lagavulin","floor":14,"turns":4},{"damage":0,"enemies":"2 Fungi Beasts","floor":15,"turns":1},{"damage":23,"enemies":"WA_ARCHETYPE_RETAIN","floor":16,"turns":4}],"seed_played":"-7487175828223068364","potions_obtained":[{"floor":4,"key":"LiquidMemories"},{"floor":8,"key":"FearPotion"},{"floor":10,"key":"CultistPotion"}],"is_trial":false,"path_per_floor":["R","M","M","M","$","?","T","E","R","M","?","M","M","E","M","B"],"character_chosen":"THE_AUTOMATON","items_purchased":["bronze:Separator"],"campfire_rested":0,"item_purchase_floors":[5],"current_hp_per_floor":[77,69,66,61,61,61,61,44,44,44,44,44,39,17,17,0,0,0],"gold":281,"neow_bonus":"TEN_PERCENT_HP_BONUS","is_daily":false,"chose_seed":false,"campfire_upgraded":1,"win_rate":0.0,"timestamp":1611282860,"path_taken":["R","M","M","M","$","?","T","E","R","M","?","M","M","E","M","BOSS"],"items_purchased_type":["Card"],"build_version":"2020-12-22","purchased_purges":0,"victory":false,"max_hp_per_floor":[77,77,77,77,77,77,77,77,77,77,77,77,77,77,77,77,77,77],"card_choices":[{"not_picked":["bronze:Iterate","bronze:BitShift"],"picked":"bronze:Terminator","floor":2},{"not_picked":["bronze:ClassDefault","bronze:Deprecate"],"picked":"bronze:Branch","floor":3},{"not_picked":["bronze:Allocate","bronze:DelayedSlice"],"picked":"bronze:WhirlingStrike","floor":4},{"not_picked":["bronze:Repair","bronze:BuggyMess"],"picked":"bronze:Branch","floor":5},{"not_picked":["bronze:Hardcode","bronze:OilSpill","bronze:CloningBeam"],"picked":"SKIP","floor":8},{"not_picked":["bronze:Branch","bronze:BitShift"],"picked":"bronze:Shell","floor":10},{"not_picked":["bronze:BitShift","bronze:Branch"],"picked":"bronze:FineTuning","floor":12},{"not_picked":["bronze:BuggyMess","bronze:OilSpill"],"picked":"bronze:FineTuning","floor":13},{"not_picked":["bronze:Deprecate","bronze:GetLatest","bronze:BitShift"],"picked":"SKIP","floor":14},{"not_picked":["bronze:CutThrough","bronze:Refactor","bronze:Fortify"],"picked":"SKIP","floor":15}],"player_experience":1810813,"relics_obtained":[{"floor":7,"key":"Bottled Flame"},{"floor":8,"key":"Du-Vu Doll"},{"floor":14,"key":"War Paint"}],"event_choices":[],"is_beta":false,"boss_relics":[],"items_purged_floors":[],"is_endless":false,"potions_floor_spawned":[4,8,10,13],"killed_by":"WA_ARCHETYPE_RETAIN","ascension_level":3}}