{"host":"j4g6ia6asvpyu2b0","time":1611359773,"event":{"mods":["BaseMod","Colored Map","Minty Spire (QoL Compilation)","Permanent Neow","Quick Restart","Relic Stats","StSLib","Unceasing Turn Reminder"],"gold_per_floor":[114,125,200,200,200,200,218,218,218,246,264,280,280,311,311,390,390,410,410,428,185,198,228,228,246,246,246,262,295,49,67,67,143,143,154,172,189,202,212,212,237,237,237,270,270,270,270,370,370,370,370,370,12,40,40],"floor_reached":56,"language":"ENG","playtime":3624,"items_purged":["Strike_B"],"score":2012,"play_id":"1c8586b4-8b6a-4912-950e-4afd4b34e5c0","local_time":"20210122165613","is_ascension_mode":true,"campfire_choices":[{"data":"Barrage","floor":6.0,"key":"SMITH"},{"data":"Ball Lightning","floor":8.0,"key":"SMITH"},{"data":"Dualcast","floor":13.0,"key":"SMITH"},{"floor":15.0,"key":"RECALL"},{"data":"Capacitor","floor":24,"key":"SMITH"},{"data":"Defragment","floor":32,"key":"SMITH"},{"data":"Consume","floor":40,"key":"SMITH"},{"data":"Capacitor","floor":42,"key":"SMITH"},{"data":"Fission","floor":45,"key":"SMITH"},{"data":"Madness","floor":49,"key":"SMITH"},{"data":"Creative AI","floor":52,"key":"SMITH"}],"circlet_count":0,"master_deck":["AscendersBane","Defend_B","Defend_B","Defend_B","Defend_B","Zap+1","Dualcast+1","Glacier","Glacier","Barrage+1","Ball Lightning+1","Conserve Battery","Self Repair","Chill","Hologram","Buffer","Barrage","Go for the Eyes","Hyperbeam","Sweeping Beam","Defragment+1","Static Discharge","Darkness","Ball Lightning","Capacitor+1","Capacitor+1","Glacier","Cold Snap","Reinforced Body","Heatsinks","Heatsinks","Biased Cognition","Seek","Creative AI+1","Hologram+1","Blizzard","Hologram+1","Consume+1","Hologram","Fission+1","Madness+1","Madness","Coolheaded"],"relics":["Cracked Core","Bronze Scales","The Courier","Tiny Chest","Nuclear Battery","Boot","Oddly Smooth Stone","Coffee Dripper","StrikeDummy","Eternal Feather","Shuriken","Lantern","Membership Card","Bag of Preparation","Dead Branch","DataDisk","HornCleat"],"acts_visited":["Exordium","TheCity","TheBeyond","TheEnding"],"potions_floor_usage":[23,23,29,33,44,54,55],"damage_taken":[{"damage":0.0,"enemies":"2 Louse","floor":1.0,"turns":3.0},{"damage":12.0,"enemies":"Jaw Worm","floor":2.0,"turns":3.0},{"damage":0.0,"enemies":"Cultist","floor":7.0,"turns":3.0},{"damage":0.0,"enemies":"3 Sentries","floor":10.0,"turns":5.0},{"damage":0.0,"enemies":"Large Slime","floor":11.0,"turns":4.0},{"damage":0.0,"enemies":"3 Louse","floor":12.0,"turns":3.0},{"damage":5.0,"enemies":"Lagavulin","floor":14.0,"turns":8.0},{"damage":31.0,"enemies":"Slime Boss","floor":16.0,"turns":13.0},{"damage":2,"enemies":"3 Byrds","floor":18,"turns":4},{"damage":11,"enemies":"Spheric Guardian","floor":20,"turns":4},{"damage":0,"enemies":"Centurion and Healer","floor":22,"turns":11},{"damage":19,"enemies":"Book of Stabbing","floor":23,"turns":6},{"damage":37,"enemies":"Snake Plant","floor":25,"turns":4},{"damage":0,"enemies":"Chosen and Byrds","floor":28,"turns":5},{"damage":16,"enemies":"Slavers","floor":29,"turns":4},{"damage":10,"enemies":"Cultist and Chosen","floor":31,"turns":6},{"damage":3,"enemies":"Champ","floor":33,"turns":9},{"damage":6,"enemies":"Orb Walker","floor":35,"turns":4},{"damage":0,"enemies":"3 Shapes","floor":36,"turns":5},{"damage":27,"enemies":"Transient","floor":37,"turns":5},{"damage":0,"enemies":"Maw","floor":38,"turns":6},{"damage":23,"enemies":"Spire Growth","floor":39,"turns":5},{"damage":0,"enemies":"Nemesis","floor":41,"turns":13},{"damage":27,"enemies":"Giant Head","floor":44,"turns":13},{"damage":26,"enemies":"Awakened One","floor":50,"turns":16},{"damage":40,"enemies":"Shield and Spear","floor":54,"turns":8},{"damage":67,"enemies":"The Heart","floor":55,"turns":10}],"seed_played":"-4107885632469878039","potions_obtained":[{"floor":2.0,"key":"Block Potion"},{"floor":7.0,"key":"Explosive Potion"},{"floor":16.0,"key":"LiquidBronze"},{"floor":23,"key":"LiquidMemories"},{"floor":28,"key":"FocusPotion"},{"floor":29,"key":"Dexterity Potion"},{"floor":38,"key":"FairyPotion"},{"floor":41,"key":"Block Potion"},{"floor":44,"key":"Block Potion"},{"floor":54,"key":"Regen Potion"}],"is_trial":false,"path_per_floor":["M","M","?","?","?","R","M","R","T","E","M","M","R","E","R","B",null,"M","?","M","$","M","E","R","M","T","?","M","E","$","M","R","B",null,"M","M","M","M","M","R","E","R","T","E","R","T","?","?","R","B",null,"R","$","E","B",null],"character_chosen":"DEFECT","items_purchased":["Defragment","Static Discharge","Darkness","Heatsinks","Heatsinks","Biased Cognition","Membership Card","Bag of Preparation","Dead Branch","DataDisk"],"campfire_rested":0,"item_purchase_floors":[21,21,21,30,30,30,53,53,53,53],"current_hp_per_floor":[64,52,41,41,41,41,41,41,41,41,41,48,48,50,50,26,60,58,58,54,54,61,49,49,19,19,19,26,17,17,14,14,18,58,59,66,39,46,23,23,30,30,30,10,34,34,25,25,49,30,61,71,71,38,15],"gold":40,"neow_bonus":"UPGRADE_CARD","is_daily":false,"chose_seed":false,"campfire_upgraded":10,"win_rate":0.0,"timestamp":1611359773,"path_taken":["M","M","?","?","?","R","M","R","T","E","?","M","R","E","R","BOSS","M","?","M","$","M","E","R","M","T","?","M","E","$","?","R","BOSS","M","M","M","M","M","R","E","R","T","E","R","?","?","?","R","BOSS","R","$","E","BOSS"],"items_purchased_type":["Card","Card","Card","Card","Card","Card","Relic","Relic","Relic","Relic"],"build_version":"2020-12-22","purchased_purges":1,"victory":true,"max_hp_per_floor":[71,71,71,71,71,71,71,71,71,71,71,71,71,71,71,71,71,71,71,71,71,71,71,71,71,71,71,71,71,71,71,71,71,71,71,71,71,71,71,71,71,71,71,71,71,71,71,71,71,71,71,71,71,71,71],"relic_stats":{"counters":[27,180],"Shuriken":[4],"Bronze Scales":[684],"Dead Branch":[20],"Tiny Chest":1,"Eternal Feather":58,"Bag of Preparation":[4],"Boot":[149],"obtain_stats":[{"Lantern":46,"Dead Branch":53,"Oddly Smooth Stone":29,"Eternal Feather":43,"The Courier":10,"Bag of Preparation":53,"Boot":23,"Nuclear Battery":17,"DataDisk":53,"HornCleat":54,"Shuriken":44,"Bronze Scales":9,"Tiny Chest":14,"Coffee Dripper":34,"Membership Card":53,"Cracked Core":0,"StrikeDummy":41},{"Lantern":24,"Dead Branch":25,"Oddly Smooth Stone":15,"Eternal Feather":23,"The Courier":4,"Bag of Preparation":25,"Boot":12,"Nuclear Battery":8,"DataDisk":25,"HornCleat":26,"Shuriken":24,"Bronze Scales":3,"Tiny Chest":7,"Coffee Dripper":17,"Membership Card":25,"Cracked Core":0,"StrikeDummy":23},{"Lantern":146,"Dead Branch":162,"Oddly Smooth Stone":80,"Eternal Feather":133,"The Courier":14,"Bag of Preparation":162,"Boot":67,"Nuclear Battery":42,"DataDisk":162,"HornCleat":170,"Shuriken":146,"Bronze Scales":9,"Tiny Chest":29,"Coffee Dripper":95,"Membership Card":162,"Cracked Core":0,"StrikeDummy":133}]},"card_choices":[{"not_picked":["Sweeping Beam","Redo"],"picked":"Glacier","floor":1.0},{"not_picked":["Cold Snap","Beam Cell"],"picked":"Glacier","floor":2.0},{"not_picked":["Steam","Genetic Algorithm"],"picked":"Ball Lightning","floor":7.0},{"not_picked":["Streamline","Amplify"],"picked":"Conserve Battery","floor":10.0},{"not_picked":["Steam Power","Reinforced Body"],"picked":"Self Repair","floor":11.0},{"not_picked":["Rebound","Ball Lightning"],"picked":"Chill","floor":12.0},{"not_picked":["Steam","Go for the Eyes"],"picked":"Hologram","floor":14.0},{"not_picked":["Multi-Cast","Amplify"],"picked":"Buffer","floor":16.0},{"not_picked":["Conserve Battery","Streamline"],"picked":"Barrage","floor":18},{"not_picked":["Double Energy","BootSequence"],"picked":"Sweeping Beam","floor":20},{"not_picked":["Redo","Auto Shields"],"picked":"Ball Lightning","floor":22},{"not_picked":["Sweeping Beam","Go for the Eyes"],"picked":"Capacitor","floor":23},{"not_picked":["Force Field","Recycle"],"picked":"Capacitor","floor":25},{"not_picked":["Force Field","Sweeping Beam"],"picked":"Cold Snap","floor":28},{"not_picked":["Gash","Steam"],"picked":"Reinforced Body","floor":29},{"not_picked":["Conserve Battery","Barrage"],"picked":"Seek","floor":31},{"not_picked":["Rainbow","Buffer"],"picked":"Creative AI","floor":33},{"not_picked":["Scrape","Reinforced Body+1","Stack"],"picked":"SKIP","floor":35},{"not_picked":["Coolheaded","Cold Snap"],"picked":"Hologram+1","floor":36},{"not_picked":["Beam Cell","Gash+1"],"picked":"Blizzard","floor":37},{"not_picked":["Chaos","Reprogram+1"],"picked":"Hologram+1","floor":38},{"not_picked":["Streamline","Ball Lightning"],"picked":"Consume","floor":39},{"not_picked":["Doom and Gloom","Streamline"],"picked":"Hologram","floor":41},{"not_picked":["Loop","Stack"],"picked":"Fission","floor":44},{"not_picked":["Conserve Battery","Turbo"],"picked":"Coolheaded","floor":54}],"player_experience":938730,"relics_obtained":[{"floor":9.0,"key":"Bronze Scales"},{"floor":10.0,"key":"The Courier"},{"floor":14.0,"key":"Tiny Chest"},{"floor":23,"key":"Boot"},{"floor":29,"key":"Oddly Smooth Stone"},{"floor":41,"key":"StrikeDummy"},{"floor":43,"key":"Eternal Feather"},{"floor":44,"key":"Shuriken"},{"floor":46,"key":"Lantern"},{"floor":54,"key":"HornCleat"}],"event_choices":[{"damage_healed":0.0,"max_hp_gain":0.0,"max_hp_loss":0.0,"gold_gain":75.0,"event_name":"World of Goop","player_choice":"Gather Gold","floor":3.0,"gold_loss":0.0,"damage_taken":11.0},{"damage_healed":0.0,"max_hp_gain":0.0,"max_hp_loss":0.0,"gold_gain":0.0,"cards_transformed":["Strike_B"],"event_name":"Living Wall","player_choice":"Change","floor":4.0,"gold_loss":0.0,"damage_taken":0.0,"cards_obtained":["Barrage"]},{"damage_healed":0.0,"max_hp_gain":0.0,"max_hp_loss":0.0,"gold_gain":0.0,"event_name":"NoteForYourself","player_choice":"Ignored","floor":5.0,"gold_loss":0.0,"damage_taken":0.0},{"damage_healed":0,"gold_gain":0,"cards_transformed":["Strike_B","Strike_B"],"player_choice":"Became Test Subject","damage_taken":0,"max_hp_gain":0,"max_hp_loss":0,"event_name":"Drug Dealer","floor":19,"gold_loss":0,"cards_obtained":["Go for the Eyes","Hyperbeam"]},{"damage_healed":0,"gold_gain":0,"player_choice":"Copied","damage_taken":0,"max_hp_gain":0,"max_hp_loss":0,"event_name":"Duplicator","floor":27,"gold_loss":0,"cards_obtained":["Glacier"]},{"damage_healed":0,"gold_gain":0,"player_choice":"Embrace Madness","damage_taken":9,"max_hp_gain":0,"max_hp_loss":0,"event_name":"Winding Halls","floor":47,"gold_loss":0,"cards_obtained":["Madness","Madness"]},{"damage_healed":0,"gold_gain":100,"player_choice":"Pray","damage_taken":0,"max_hp_gain":0,"max_hp_loss":0,"event_name":"Golden Shrine","floor":48,"gold_loss":0}],"is_beta":false,"boss_relics":[{"not_picked":["SlaversCollar","Empty Cage"],"picked":"Nuclear Battery"},{"not_picked":["FrozenCore","Inserter"],"picked":"Coffee Dripper"}],"items_purged_floors":[21],"is_endless":false,"potions_floor_spawned":[2,7,16,18,23,28,29,38,41,44,54],"ascension_level":14}}