{"host":"neeznpvpgo0qgfkd","time":1611351552,"event":{"mods":["AchievementEnabler","BaseMod","BetterRewards","Colored Map","Colored Powertips","Exacting","Minty Spire (QoL Compilation)","Permanent Neow","Quick Restart","Shop Mod"],"gold_per_floor":[111,161,186,199,199,246,246,281,281,347,347,497,497,4,4,75,75,87,99,99,119,151,182,182,209,209,209,240,269,188,188,188],"floor_reached":31,"language":"ENG","playtime":1542,"items_purged":["Doubt"],"score":620,"play_id":"35c312ef-4993-4a7c-ad3d-9e22af587757","local_time":"20210122163912","is_ascension_mode":true,"campfire_choices":[{"floor":7.0,"key":"REST"},{"floor":11.0,"key":"REST"},{"data":"Infinite Blades","floor":15.0,"key":"SMITH"},{"floor":24,"key":"REST"}],"circlet_count":0,"master_deck":["AscendersBane","Strike_G","Strike_G","Strike_G","Strike_G","Strike_G","Defend_G","Defend_G","Defend_G","Defend_G","Defend_G+1","Survivor","Neutralize","Cloak And Dagger","Quick Slash","Finisher","Flying Knee","Infinite Blades+1","Dagger Spray","Bullet Time+1","Underhanded Strike+1","Well Laid Plans+1","Blade Dance","Corpse Explosion","Riddle With Holes","Envenom","Cloak And Dagger","After Image"],"relics":["Ring of the Snake","PreservedInsect","Regal Pillow","StoneCalendar","Smiling Mask","WingedGreaves","Sundial","MerchantsRug","Vajra","HandDrill","WristBlade","Nloth\u0027s Gift","Orichalcum","Ancient Tea Set","Turnip","Art of War","War Paint"],"acts_visited":["Exordium","TheCity"],"potions_floor_usage":[23,25,28,29],"damage_taken":[{"damage":1.0,"enemies":"Cultist","floor":1.0,"turns":4.0},{"damage":2.0,"enemies":"2 Louse","floor":3.0,"turns":3.0},{"damage":2.0,"enemies":"Jaw Worm","floor":4.0,"turns":5.0},{"damage":36.0,"enemies":"3 Sentries","floor":6.0,"turns":9.0},{"damage":4.0,"enemies":"Gremlin Nob","floor":8.0,"turns":3.0},{"damage":23.0,"enemies":"3 Sentries","floor":10.0,"turns":5.0},{"damage":29.0,"enemies":"The Guardian","floor":16.0,"turns":7.0},{"damage":0,"enemies":"Chosen","floor":18,"turns":3},{"damage":9,"enemies":"Shell Parasite","floor":19,"turns":4},{"damage":19,"enemies":"Sentry and Sphere","floor":21,"turns":4},{"damage":7,"enemies":"Cultist and Chosen","floor":22,"turns":4},{"damage":34,"enemies":"Book of Stabbing","floor":23,"turns":4},{"damage":12,"enemies":"Gremlin Leader","floor":25,"turns":3},{"damage":9,"enemies":"Book of Stabbing","floor":28,"turns":3},{"damage":6,"enemies":"Gremlin Leader","floor":29,"turns":3},{"damage":31,"enemies":"Centurion and Healer","floor":31,"turns":3}],"seed_played":"-6250918122985745356","potions_obtained":[{"floor":3.0,"key":"Weak Potion"},{"floor":10.0,"key":"EntropicBrew"},{"floor":21,"key":"Block Potion"},{"floor":22,"key":"FairyPotion"},{"floor":22,"key":"Regen Potion"},{"floor":23,"key":"DistilledChaos"},{"floor":25,"key":"GhostInAJar"},{"floor":28,"key":"Poison Potion"}],"is_trial":false,"path_per_floor":["M","?","M","M","?","E","R","E","T","E","R","?","T","$","R","B",null,"M","M","?","M","M","E","R","E","T","?","E","E","$","M"],"character_chosen":"THE_SILENT","items_purchased":["MerchantsRug","Vajra","HandDrill","Dagger Spray","After Image"],"campfire_rested":3,"item_purchase_floors":[14,14,14,14,30],"current_hp_per_floor":[58,52,50,48,43,7,41,37,37,14,48,48,48,48,48,19,54,54,45,45,26,19,15,49,37,37,37,28,22,22,0,0],"gold":188,"neow_bonus":"RANDOM_COMMON_RELIC","is_daily":false,"chose_seed":false,"campfire_upgraded":1,"win_rate":0.0,"timestamp":1611351552,"path_taken":["M","?","?","M","?","E","R","E","T","E","R","?","?","$","R","BOSS","M","M","?","?","?","E","R","E","T","?","E","E","$","M"],"items_purchased_type":["Relic","Relic","Relic","Card","Card"],"build_version":"2020-12-22","purchased_purges":1,"victory":false,"max_hp_per_floor":[66,66,66,66,66,66,66,66,66,66,66,66,66,66,66,66,66,66,66,66,66,66,66,66,66,66,66,66,66,66,66,66],"card_choices":[{"not_picked":["Slice","Bane"],"picked":"Cloak And Dagger","floor":1.0},{"not_picked":["Predator","Acrobatics"],"picked":"Quick Slash","floor":3.0},{"not_picked":["Expertise","Heel Hook","Backflip"],"picked":"SKIP","floor":4.0},{"not_picked":["Acrobatics","Quick Slash"],"picked":"Finisher","floor":6.0},{"not_picked":["Prepared","Slice"],"picked":"Flying Knee","floor":8.0},{"not_picked":["Deflect","Masterful Stab"],"picked":"Infinite Blades","floor":10.0},{"not_picked":["Storm of Steel","Wraith Form v2"],"picked":"Bullet Time","floor":16.0},{"not_picked":["Backflip","Flechettes"],"picked":"Underhanded Strike+1","floor":18},{"not_picked":["Predator","Dodge and Roll","Calculated Gamble"],"picked":"SKIP","floor":19},{"not_picked":["Distraction","Blur"],"picked":"Well Laid Plans+1","floor":21},{"not_picked":["Tactician","Sucker Punch"],"picked":"Blade Dance","floor":22},{"not_picked":["PiercingWail","Endless Agony"],"picked":"Corpse Explosion","floor":23},{"not_picked":["Footwork","Flechettes"],"picked":"Riddle With Holes","floor":25},{"not_picked":["Underhanded Strike","Sucker Punch"],"picked":"Envenom","floor":28},{"not_picked":["Quick Slash+1","Slice"],"picked":"Cloak And Dagger","floor":29}],"player_experience":1902752,"relics_obtained":[{"floor":6.0,"key":"StoneCalendar"},{"floor":8.0,"key":"Matryoshka"},{"floor":9.0,"key":"Smiling Mask"},{"floor":9.0,"key":"Mercury Hourglass"},{"floor":10.0,"key":"WingedGreaves"},{"floor":13.0,"key":"Sundial"},{"floor":23,"key":"Orichalcum"},{"floor":25,"key":"Ancient Tea Set"},{"floor":26,"key":"Turnip"},{"floor":28,"key":"Art of War"},{"floor":29,"key":"War Paint"}],"event_choices":[{"damage_healed":0.0,"max_hp_gain":0.0,"max_hp_loss":0.0,"gold_gain":50.0,"event_name":"FaceTrader","player_choice":"Touch","floor":2.0,"gold_loss":0.0,"damage_taken":6.0},{"damage_healed":0.0,"max_hp_gain":0.0,"max_hp_loss":0.0,"gold_gain":0.0,"event_name":"Scrap Ooze","player_choice":"Success","floor":5.0,"gold_loss":0.0,"damage_taken":5.0,"relics_obtained":["Regal Pillow"]},{"damage_healed":0.0,"max_hp_gain":0.0,"max_hp_loss":0.0,"gold_gain":150.0,"event_name":"Liars Game","player_choice":"AGREE","floor":12.0,"gold_loss":0.0,"damage_taken":0.0,"cards_obtained":["Doubt"]},{"damage_healed":0,"gold_gain":0,"player_choice":"Traded Relic","damage_taken":0,"relics_obtained":["Nloth\u0027s Gift"],"max_hp_gain":0,"max_hp_loss":0,"event_name":"N\u0027loth","floor":20,"relics_lost":["Mercury Hourglass"],"gold_loss":0},{"damage_healed":0,"gold_gain":0,"player_choice":"Ignored","damage_taken":0,"max_hp_gain":0,"max_hp_loss":0,"event_name":"Ghosts","floor":27,"gold_loss":0}],"is_beta":false,"boss_relics":[{"not_picked":["Velvet Choker","Pandora\u0027s Box"],"picked":"WristBlade"}],"items_purged_floors":[14],"is_endless":false,"potions_floor_spawned":[3,10,22,23,25,28],"killed_by":"Centurion and Healer","ascension_level":15}}