{"host":"52m1o8iwwagurbjs","time":1611326117,"event":{"mods":["AchievementEnabler","BaseMod","Bestiary","Colored Powertips","GifTheSpireLib","Minty Spire (QoL Compilation)","Quick Restart","RNG Fix","Relic Stats","StSLib"],"gold_per_floor":[116,116,116,136,136,136,179,179,234,255,271,307,377,434,434,565,565,579,600,625,648,664,703,703,157,157,195,195,195,195,216,216,336,336,356,379,43,43,67,67,86,419,443,477,487,505,540,560,560,560],"floor_reached":51,"language":"ENG","playtime":1320,"items_purged":["Strike_G","Strike_G"],"score":907,"play_id":"6c39c19e-8eac-4edc-a0c7-aa89440fbd88","local_time":"20210122093517","is_ascension_mode":false,"campfire_choices":[{"data":"Dagger Spray","floor":6.0,"key":"SMITH"},{"data":"Catalyst","floor":8.0,"key":"SMITH"},{"data":"Deadly Poison","floor":15.0,"key":"SMITH"},{"data":"Glass Knife","floor":24,"key":"SMITH"},{"data":"Catalyst","floor":29,"key":"SMITH"},{"floor":32,"key":"REST"},{"data":"Corpse Explosion","floor":40,"key":"SMITH"},{"data":"Footwork","floor":49,"key":"SMITH"}],"circlet_count":0,"master_deck":["Strike_G+1","Strike_G","Defend_G","Defend_G+1","Defend_G","Defend_G","Defend_G","Survivor","Neutralize","Corpse Explosion+1","Poisoned Stab","Dagger Spray+1","Catalyst+1","Cloak And Dagger+1","Deadly Poison+1","Dash+1","Glass Knife+1","Well Laid Plans","Corpse Explosion+1","Catalyst+1","Wraith Form v2+1","Deflect+1","Footwork+1","PiercingWail+1"],"relics":["Ring of the Snake","Toy Ornithopter","Centennial Puzzle","Singing Bowl","Bottled Lightning","Sozu","Vajra","Shuriken","ClockworkSouvenir","Akabeko","Dead Branch","Runic Pyramid","Blood Vial","War Paint","Whetstone","White Beast Statue","Sundial"],"acts_visited":["Exordium","TheCity","TheBeyond"],"potions_floor_usage":[16,22],"damage_taken":[{"damage":0.0,"enemies":"Jaw Worm","floor":1.0,"turns":6.0},{"damage":0.0,"enemies":"2 Louse","floor":4.0,"turns":2.0},{"damage":13.0,"enemies":"Lagavulin","floor":7.0,"turns":5.0},{"damage":0.0,"enemies":"Small Slimes","floor":10.0,"turns":2.0},{"damage":1.0,"enemies":"Looter","floor":11.0,"turns":2.0},{"damage":4.0,"enemies":"3 Sentries","floor":12.0,"turns":3.0},{"damage":0.0,"enemies":"3 Sentries","floor":13.0,"turns":2.0},{"damage":9,"enemies":"Slime Boss","floor":16,"turns":8},{"damage":0,"enemies":"Chosen","floor":18,"turns":3},{"damage":1,"enemies":"Spheric Guardian","floor":19,"turns":4},{"damage":4,"enemies":"Cultist and Chosen","floor":20,"turns":3},{"damage":0,"enemies":"3 Cultists","floor":21,"turns":2},{"damage":3,"enemies":"Snake Plant","floor":22,"turns":4},{"damage":15,"enemies":"Book of Stabbing","floor":23,"turns":4},{"damage":2,"enemies":"Gremlin Leader","floor":27,"turns":4},{"damage":12,"enemies":"Shelled Parasite and Fungi","floor":31,"turns":3},{"damage":40,"enemies":"Collector","floor":33,"turns":4},{"damage":0,"enemies":"Orb Walker","floor":35,"turns":3},{"damage":0,"enemies":"3 Shapes","floor":39,"turns":1},{"damage":3,"enemies":"Sphere and 2 Shapes","floor":41,"turns":3},{"damage":0,"enemies":"Nemesis","floor":44,"turns":5},{"damage":0,"enemies":"Spire Growth","floor":45,"turns":5},{"damage":4,"enemies":"Writhing Mass","floor":46,"turns":3},{"damage":0,"enemies":"Giant Head","floor":47,"turns":6},{"damage":0,"enemies":"Jaw Worm Horde","floor":48,"turns":2},{"damage":36,"enemies":"Donu and Deca","floor":50,"turns":5}],"seed_played":"5623739024941778693","potions_obtained":[{"floor":10.0,"key":"Block Potion"},{"floor":11.0,"key":"BlessingOfTheForge"},{"floor":12.0,"key":"Fire Potion"},{"floor":13.0,"key":"GhostInAJar"}],"is_trial":false,"path_per_floor":["M","?","?","M","?","R","E","R","T","M","M","E","?","?","R","B",null,"M","M","M","M","M","E","R","$","T","E","?","R","?","M","R","B",null,"M","T","$","?","M","R","M","?","T","E","M","M","E","M","R","B",null],"character_chosen":"THE_SILENT","items_purchased":["Shuriken","ClockworkSouvenir","Well Laid Plans","Footwork","War Paint"],"campfire_rested":1,"item_purchase_floors":[25,25,25,37,37],"current_hp_per_floor":[70,65,65,65,65,65,52,52,52,52,51,49,61,61,61,57,69,71,72,70,72,76,63,63,63,63,61,61,61,49,39,63,23,83,83,83,83,83,85,85,84,84,84,88,91,89,91,95,95,59],"gold":560,"neow_bonus":"ONE_RANDOM_RARE_CARD","is_daily":false,"chose_seed":false,"campfire_upgraded":7,"win_rate":0.0,"timestamp":1611326117,"path_taken":["M","?","?","?","?","R","E","R","T","M","?","E","?","?","R","BOSS","M","?","M","M","M","E","R","?","T","E","?","R","?","M","R","BOSS","M","?","$","?","?","R","M","?","T","E","?","M","E","M","R","BOSS"],"items_purchased_type":["Relic","Relic","Card","Card","Relic"],"build_version":"2020-12-22","purchased_purges":2,"victory":true,"max_hp_per_floor":[70,65,65,65,65,65,65,65,65,65,65,67,69,69,69,69,69,71,73,75,77,79,81,81,81,81,81,81,81,81,83,83,83,83,83,83,83,83,85,85,87,87,87,89,91,93,93,95,95,95],"relic_stats":{"Singing Bowl":30,"counters":[26,94],"Dead Branch":[43],"Whetstone":["Dash","Strike_G"],"War Paint":["Cloak And Dagger","Defend_G"],"Sozu":12,"Blood Vial":7,"Centennial Puzzle":[36],"Shuriken":[11],"Sundial":[0],"obtain_stats":[{"Singing Bowl":12,"Golden Idol":2,"Dead Branch":27,"Vajra":23,"Whetstone":43,"War Paint":37,"Akabeko":26,"White Beast Statue":44,"ClockworkSouvenir":25,"Sozu":17,"Blood Vial":36,"Centennial Puzzle":9,"Shuriken":25,"Sundial":47,"Bottled Lightning":13,"Toy Ornithopter":7,"Ring of the Snake":0,"Runic Pyramid":34},{"Singing Bowl":6,"Golden Idol":1,"Dead Branch":15,"Vajra":14,"Whetstone":20,"War Paint":18,"Akabeko":14,"White Beast Statue":21,"ClockworkSouvenir":14,"Sozu":8,"Blood Vial":18,"Centennial Puzzle":3,"Shuriken":14,"Sundial":24,"Bottled Lightning":7,"Toy Ornithopter":3,"Ring of the Snake":0,"Runic Pyramid":17},{"Singing Bowl":20,"Golden Idol":6,"Dead Branch":54,"Vajra":50,"Whetstone":68,"War Paint":64,"Akabeko":50,"White Beast Statue":73,"ClockworkSouvenir":50,"Sozu":30,"Blood Vial":64,"Centennial Puzzle":13,"Shuriken":50,"Sundial":87,"Bottled Lightning":22,"Toy Ornithopter":13,"Ring of the Snake":0,"Runic Pyramid":61}],"Toy Ornithopter":20,"Ring of the Snake":[52]},"card_choices":[{"not_picked":["Bane","Slice"],"picked":"Poisoned Stab","floor":1.0},{"not_picked":["Slice","Flying Knee"],"picked":"Dagger Spray","floor":4.0},{"not_picked":["Envenom","Deflect"],"picked":"Cloak And Dagger","floor":7.0},{"not_picked":["Acrobatics","Deflect"],"picked":"Deadly Poison","floor":10.0},{"not_picked":["Terror","All Out Attack"],"picked":"Dash","floor":11.0},{"not_picked":["Blur","Infinite Blades","Accuracy"],"picked":"Singing Bowl","floor":12.0},{"not_picked":["Tactician","Outmaneuver","Prepared"],"picked":"Singing Bowl","floor":13.0},{"not_picked":["Phantasmal Killer","Die Die Die"],"picked":"Glass Knife","floor":16},{"not_picked":["Choke","Deflect","Dodge and Roll+1"],"picked":"Singing Bowl","floor":18},{"not_picked":["Calculated Gamble","Prepared","Choke"],"picked":"Singing Bowl","floor":19},{"not_picked":["Escape Plan","Slice+1","Flying Knee+1"],"picked":"Singing Bowl","floor":20},{"not_picked":["Dodge and Roll","Outmaneuver+1","Slice"],"picked":"Singing Bowl","floor":21},{"not_picked":["Bane","Cloak And Dagger","Eviscerate"],"picked":"Singing Bowl","floor":22},{"not_picked":["Slice+1","Bane","Flying Knee"],"picked":"Singing Bowl","floor":23},{"not_picked":["Flying Knee+1","Blade Dance"],"picked":"Corpse Explosion","floor":27},{"not_picked":["Blade Dance+1","Eviscerate","Accuracy+1"],"picked":"Singing Bowl","floor":31},{"not_picked":["Unload","Adrenaline"],"picked":"Wraith Form v2","floor":33},{"not_picked":["Prepared+1","Bane"],"picked":"Deflect+1","floor":35},{"not_picked":["Accuracy+1","Dash+1","Expertise"],"picked":"Singing Bowl","floor":39},{"not_picked":["Deadly Poison","Skewer","Eviscerate+1"],"picked":"Singing Bowl","floor":41},{"not_picked":["Dash+1","Terror+1","Flying Knee+1"],"picked":"Singing Bowl","floor":44},{"not_picked":["Backflip","Flying Knee+1","Prepared+1"],"picked":"Singing Bowl","floor":45},{"not_picked":["Reflex","Poisoned Stab+1","Calculated Gamble"],"picked":"Singing Bowl","floor":46},{"not_picked":["Dagger Throw","Reflex"],"picked":"PiercingWail+1","floor":47},{"not_picked":["Concentrate","Sucker Punch+1","Setup"],"picked":"Singing Bowl","floor":48}],"player_experience":1164871,"relics_obtained":[{"floor":7.0,"key":"Toy Ornithopter"},{"floor":9.0,"key":"Centennial Puzzle"},{"floor":12.0,"key":"Singing Bowl"},{"floor":13.0,"key":"Bottled Lightning"},{"floor":23,"key":"Vajra"},{"floor":26,"key":"Akabeko"},{"floor":27,"key":"Dead Branch"},{"floor":36,"key":"Blood Vial"},{"floor":43,"key":"Whetstone"},{"floor":44,"key":"White Beast Statue"},{"floor":47,"key":"Sundial"}],"event_choices":[{"damage_healed":0.0,"max_hp_gain":0.0,"max_hp_loss":5.0,"gold_gain":0.0,"event_name":"Golden Idol","player_choice":"Lose Max HP","floor":2.0,"gold_loss":0.0,"damage_taken":0.0,"relics_obtained":["Golden Idol"]},{"damage_healed":0.0,"max_hp_gain":0.0,"max_hp_loss":0.0,"gold_gain":0.0,"event_name":"Upgrade Shrine","player_choice":"Upgraded","floor":3.0,"gold_loss":0.0,"damage_taken":0.0,"cards_upgraded":["Corpse Explosion"]},{"damage_healed":0.0,"max_hp_gain":0.0,"max_hp_loss":0.0,"gold_gain":0.0,"cards_transformed":["Strike_G"],"event_name":"Transmorgrifier","player_choice":"Transformed","floor":5.0,"gold_loss":0.0,"damage_taken":0.0,"cards_obtained":["Catalyst"]},{"damage_healed":0.0,"max_hp_gain":0.0,"max_hp_loss":0.0,"gold_gain":0.0,"event_name":"Dead Adventurer","player_choice":"Searched \u00271\u0027 times","floor":13.0,"gold_loss":0.0,"damage_taken":0.0},{"damage_healed":0.0,"max_hp_gain":0.0,"max_hp_loss":0.0,"gold_gain":57.0,"event_name":"Golden Wing","player_choice":"Gained Gold","floor":14.0,"gold_loss":0.0,"damage_taken":0.0},{"damage_healed":0,"gold_gain":0,"player_choice":"Read","damage_taken":0,"max_hp_gain":0,"max_hp_loss":0,"event_name":"The Library","floor":28,"gold_loss":0,"cards_obtained":["Catalyst"]},{"damage_healed":0,"gold_gain":0,"player_choice":"POTION ","damage_taken":12,"max_hp_gain":0,"max_hp_loss":0,"event_name":"Knowing Skull","floor":30,"potions_obtained":[],"gold_loss":0,"cards_obtained":[]},{"damage_healed":0,"gold_gain":0,"player_choice":"Upgraded","damage_taken":0,"max_hp_gain":0,"max_hp_loss":0,"event_name":"Upgrade Shrine","floor":38,"gold_loss":0,"cards_upgraded":["Wraith Form v2"]},{"damage_healed":0,"gold_gain":333,"player_choice":"Gave Idol","damage_taken":0,"max_hp_gain":0,"max_hp_loss":0,"event_name":"The Moai Head","floor":42,"relics_lost":["Golden Idol"],"gold_loss":0}],"is_beta":false,"boss_relics":[{"not_picked":["SacredBark","Ectoplasm"],"picked":"Sozu"},{"not_picked":["Runic Dome","Fusion Hammer"],"picked":"Runic Pyramid"}],"items_purged_floors":[25,37],"is_endless":false,"potions_floor_spawned":[10,11,12,13,18,21,22,23,33,35,39,45,46,47,48],"ascension_level":0}}