{"host":"m16cty6bffmtplhu","time":1611343727,"event":{"mods":["BaseMod","DeckTracker","Highlight Path","Minty Spire (QoL Compilation)","Permanent Neow","Quick Restart","StSLib","everything is the same but u backflip on backflip"],"gold_per_floor":[117,135,60,60,77,102,122,122,145,100,116,116,116,133,133,233,233,217,142,156,170,170,170,181,181,181,210,223,49,59,75,75,175,175,189,0,0,20,35,35,55,72,140,155,155,205,255,269,269,269],"floor_reached":51,"language":"KOR","playtime":1480,"items_purged":["Strike_R"],"score":823,"play_id":"be8d428a-8130-4075-beee-792257476aae","local_time":"20210123042847","is_ascension_mode":true,"campfire_choices":[{"data":"Panacea","floor":8,"key":"SMITH"},{"floor":13,"key":"REST"},{"data":"Flex","floor":15,"key":"SMITH"},{"data":"Bash","floor":23,"key":"SMITH"},{"floor":25,"key":"REST"},{"floor":32,"key":"REST"},{"data":"Offering","floor":40,"key":"SMITH"},{"floor":49,"key":"REST"}],"circlet_count":0,"master_deck":["Strike_R+1","Strike_R","Defend_R+1","Defend_R+1","Defend_R","Defend_R","Bash+1","Panacea+1","Cleave","Spot Weakness","Pummel+1","Shrug It Off","Pommel Strike+1","Twin Strike","Flex+1","CurseOfTheBell","Sword Boomerang+1","Spot Weakness","Pummel+1","Infernal Blade","Offering+1","Flex","Flex","Sword Boomerang","Warcry","Limit Break","Feed","Intimidate","Pummel+1","Double Tap"],"relics":["Burning Blood","Dream Catcher","Odd Mushroom","Bag of Marbles","Calling Bell","Red Skull","Matryoshka","Calipers","Whetstone","War Paint","Lantern","Philosopher\u0027s Stone","Red Mask","Vajra","Singing Bowl","TungstenRod","Thread and Needle"],"acts_visited":["Exordium","TheCity","TheBeyond"],"potions_floor_usage":[6,18,27,41,42,50,50,50],"damage_taken":[{"damage":5,"enemies":"Small Slimes","floor":1,"turns":4},{"damage":9,"enemies":"Jaw Worm","floor":2,"turns":4},{"damage":8,"enemies":"2 Louse","floor":5,"turns":3},{"damage":28,"enemies":"Gremlin Nob","floor":6,"turns":4},{"damage":7,"enemies":"The Mushroom Lair","floor":7,"turns":4},{"damage":32,"enemies":"Exordium Thugs","floor":11,"turns":7},{"damage":3,"enemies":"Looter","floor":14,"turns":2},{"damage":18,"enemies":"Slime Boss","floor":16,"turns":6},{"damage":18,"enemies":"2 Thieves","floor":18,"turns":4},{"damage":16,"enemies":"Spheric Guardian","floor":20,"turns":5},{"damage":19,"enemies":"Snake Plant","floor":21,"turns":2},{"damage":18,"enemies":"Centurion and Healer","floor":24,"turns":4},{"damage":7,"enemies":"Slavers","floor":27,"turns":3},{"damage":23,"enemies":"Snecko","floor":28,"turns":4},{"damage":14,"enemies":"Shelled Parasite and Fungi","floor":30,"turns":2},{"damage":10,"enemies":"Chosen and Byrds","floor":31,"turns":3},{"damage":22,"enemies":"Champ","floor":33,"turns":4},{"damage":7,"enemies":"Orb Walker","floor":35,"turns":2},{"damage":18,"enemies":"3 Shapes","floor":38,"turns":2},{"damage":27,"enemies":"Writhing Mass","floor":39,"turns":2},{"damage":19,"enemies":"Jaw Worm Horde","floor":41,"turns":4},{"damage":25,"enemies":"3 Darklings","floor":42,"turns":4},{"damage":6,"enemies":"Maw","floor":44,"turns":2},{"damage":1,"enemies":"2 Orb Walkers","floor":46,"turns":2},{"damage":0,"enemies":"Mind Bloom Boss Battle","floor":47,"turns":2},{"damage":8,"enemies":"Sphere and 2 Shapes","floor":48,"turns":4},{"damage":51,"enemies":"Time Eater","floor":50,"turns":4}],"seed_played":"-1189272851621989987","potions_obtained":[{"floor":1,"key":"LiquidMemories"},{"floor":5,"key":"SteroidPotion"},{"floor":20,"key":"DuplicationPotion"},{"floor":27,"key":"BlessingOfTheForge"},{"floor":30,"key":"LiquidBronze"},{"floor":38,"key":"AttackPotion"},{"floor":41,"key":"Ancient Potion"},{"floor":42,"key":"Fire Potion"},{"floor":46,"key":"Energy Potion"}],"is_trial":false,"path_per_floor":["M","M","$","?","M","E","?","R","T","$","M","?","R","M","R","B",null,"M","?","M","M","?","R","M","R","T","E","M","$","M","M","R","B",null,"M","?","$","M","M","R","M","M","T","M","$","?","?","M","R","B",null],"character_chosen":"IRONCLAD","items_purchased":["Pommel Strike","Flex","Lantern"],"campfire_rested":4,"item_purchase_floors":[10,29,29],"current_hp_per_floor":[80,77,77,70,68,46,45,45,45,45,19,11,35,38,38,26,80,68,68,58,45,45,45,33,57,57,56,39,39,31,27,51,35,80,79,79,79,70,49,49,39,20,20,22,22,29,37,37,67,22],"gold":269,"neow_bonus":"RANDOM_COLORLESS","is_daily":false,"chose_seed":false,"campfire_upgraded":4,"win_rate":0.0,"timestamp":1611343727,"path_taken":["M","M","$","?","M","E","?","R","T","$","M","?","R","M","R","BOSS","M","?","M","M","?","R","M","R","T","E","?","$","M","?","R","BOSS","M","?","?","?","M","R","M","M","T","M","$","?","?","M","R","BOSS"],"items_purchased_type":["Card","Card","Relic"],"build_version":"2020-12-22","purchased_purges":1,"victory":true,"max_hp_per_floor":[80,80,80,80,80,80,80,80,80,80,80,80,80,80,80,80,80,80,80,80,80,80,80,80,80,80,80,80,80,80,80,80,80,80,80,80,80,83,83,83,86,86,86,88,88,90,92,94,96,96],"card_choices":[{"not_picked":["Good Instincts","Mind Blast"],"picked":"Panacea","floor":0},{"not_picked":["Dual Wield","Blood for Blood"],"picked":"Cleave","floor":1},{"not_picked":["True Grit","Uppercut"],"picked":"Spot Weakness","floor":2},{"not_picked":["True Grit","Body Slam","Dark Embrace"],"picked":"SKIP","floor":5},{"not_picked":["Iron Wave","Brutality"],"picked":"Pummel","floor":6},{"not_picked":["Havoc","Iron Wave"],"picked":"Shrug It Off","floor":7},{"not_picked":["Battle Trance","Blood for Blood"],"picked":"Twin Strike","floor":11},{"not_picked":["Clash","Body Slam"],"picked":"Flex","floor":14},{"not_picked":["Perfected Strike+1","Rage"],"picked":"Sword Boomerang+1","floor":18},{"not_picked":["Sentinel+1","Clash+1","Havoc"],"picked":"SKIP","floor":20},{"not_picked":["Ghostly Armor","Anger"],"picked":"Spot Weakness","floor":21},{"not_picked":["Pommel Strike","Twin Strike"],"picked":"Pummel+1","floor":24},{"not_picked":["Headbutt+1","Seeing Red"],"picked":"Infernal Blade","floor":25},{"not_picked":["Anger","Dark Embrace"],"picked":"Offering","floor":27},{"not_picked":["Warcry","Twin Strike+1"],"picked":"Flex","floor":28},{"not_picked":["Twin Strike+1","Flex"],"picked":"Sword Boomerang","floor":30},{"not_picked":["Anger","Rupture+1"],"picked":"Warcry","floor":31},{"not_picked":["Flame Barrier+1","Wild Strike"],"picked":"Limit Break","floor":32},{"not_picked":["Berserk","Corruption"],"picked":"Feed","floor":33},{"not_picked":["Thunderclap","Dropkick"],"picked":"Intimidate","floor":35},{"not_picked":["Shockwave+1","Sword Boomerang","Headbutt"],"picked":"SKIP","floor":38},{"not_picked":["Shockwave+1","Pommel Strike","Anger+1"],"picked":"SKIP","floor":39},{"not_picked":["Fire Breathing+1","Twin Strike+1"],"picked":"Pummel+1","floor":41},{"not_picked":["Clash+1","Rupture+1"],"picked":"Double Tap","floor":42},{"not_picked":["Evolve+1","Whirlwind","Twin Strike"],"picked":"Singing Bowl","floor":44},{"not_picked":["Sword Boomerang+1","Rupture","Headbutt"],"picked":"Singing Bowl","floor":46},{"not_picked":["Fire Breathing+1","Clothesline+1","Sever Soul"],"picked":"Singing Bowl","floor":47},{"not_picked":["Dual Wield","Armaments+1","Impervious"],"picked":"Singing Bowl","floor":48},{"not_picked":["Evolve+1","Pommel Strike+1","Battle Trance+1"],"picked":"Singing Bowl","floor":49}],"player_experience":92817,"relics_obtained":[{"floor":6,"key":"Dream Catcher"},{"floor":7,"key":"Odd Mushroom"},{"floor":9,"key":"Bag of Marbles"},{"floor":17,"key":"Red Skull"},{"floor":17,"key":"Matryoshka"},{"floor":17,"key":"Calipers"},{"floor":26,"key":"Whetstone"},{"floor":27,"key":"War Paint"},{"floor":43,"key":"Vajra"},{"floor":43,"key":"Singing Bowl"},{"floor":46,"key":"TungstenRod"},{"floor":47,"key":"Thread and Needle"}],"event_choices":[{"cards_removed":["Strike_R"],"damage_healed":0,"gold_gain":0,"player_choice":"Card Removal","damage_taken":7,"max_hp_gain":0,"max_hp_loss":0,"event_name":"Golden Wing","floor":4,"gold_loss":0},{"damage_healed":0,"gold_gain":0,"player_choice":"Fought Mushrooms","damage_taken":0,"max_hp_gain":0,"max_hp_loss":0,"event_name":"Mushrooms","floor":7,"gold_loss":0},{"damage_healed":0,"gold_gain":0,"player_choice":"Damaged","damage_taken":8,"max_hp_gain":0,"max_hp_loss":0,"event_name":"Wheel of Change","floor":12,"gold_loss":0},{"cards_removed":["Strike_R"],"damage_healed":0,"gold_gain":0,"player_choice":"Gave Gold","damage_taken":0,"max_hp_gain":0,"max_hp_loss":0,"event_name":"Beggar","floor":19,"gold_loss":75},{"damage_healed":0,"gold_gain":0,"player_choice":"Upgraded","damage_taken":0,"max_hp_gain":0,"max_hp_loss":0,"event_name":"Upgrade Shrine","floor":22,"gold_loss":0,"cards_upgraded":["Pummel"]},{"damage_healed":0,"gold_gain":0,"player_choice":"Paid","damage_taken":0,"relics_obtained":["Red Mask"],"max_hp_gain":0,"max_hp_loss":0,"event_name":"Tomb of Lord Red Mask","floor":36,"gold_loss":189},{"damage_healed":0,"gold_gain":0,"player_choice":"Fight","damage_taken":0,"max_hp_gain":0,"max_hp_loss":0,"event_name":"Mysterious Sphere","floor":46,"gold_loss":0},{"damage_healed":0,"gold_gain":0,"player_choice":"Fight","damage_taken":0,"max_hp_gain":0,"max_hp_loss":0,"event_name":"MindBloom","floor":47,"gold_loss":0}],"is_beta":false,"boss_relics":[{"not_picked":["Ectoplasm","Runic Pyramid"],"picked":"Calling Bell"},{"not_picked":["Astrolabe","Tiny House"],"picked":"Philosopher\u0027s Stone"}],"items_purged_floors":[3],"is_endless":false,"potions_floor_spawned":[1,5,20,27,30,38,41,42,46],"ascension_level":4}}