{"host":"94aus4jnk6thj94q","time":1611348933,"event":{"mods":["BaseMod","Minty Spire (QoL Compilation)","Quick Restart","StSLib"],"gold_per_floor":[116,135,42,62,76,76,103,103,126,142,152,183,183,199,199,300,300,315,315,332,332,332,364,364,382,460,460,477,490,490,589,589,589,589],"floor_reached":33,"language":"ENG","playtime":1589,"items_purged":[],"score":279,"play_id":"8e25c864-dca6-4cbc-9806-e04bba3114d3","local_time":"20210122225533","is_ascension_mode":false,"campfire_choices":[{"floor":6,"key":"REST"},{"floor":8,"key":"REST"},{"floor":13,"key":"REST"},{"floor":15,"key":"RECALL"},{"floor":24,"key":"REST"},{"floor":30,"key":"REST"},{"floor":32,"key":"REST"}],"circlet_count":0,"master_deck":["Strike_B+1","Strike_B+1","Strike_B+1","Strike_B+1","Defend_B+1","Defend_B+1","Defend_B+1","Defend_B+1","Zap","Dualcast","Ball Lightning","Doom and Gloom","Panacea","Conserve Battery","Cold Snap","Cold Snap","Cold Snap","Fusion","Redo","Core Surge","Ball Lightning+1","Glacier+1","Sunder","Rainbow","Redo+1"],"relics":["Cracked Core","Boot","Nunchaku","Black Star","MutagenicStrength","DataDisk","StrikeDummy","Kunai"],"acts_visited":["Exordium","TheCity"],"potions_floor_usage":[12,23,28],"damage_taken":[{"damage":1,"enemies":"Cultist","floor":1,"turns":3},{"damage":2,"enemies":"2 Louse","floor":2,"turns":2},{"damage":6,"enemies":"Jaw Worm","floor":4,"turns":2},{"damage":6,"enemies":"3 Louse","floor":5,"turns":2},{"damage":13,"enemies":"3 Sentries","floor":7,"turns":6},{"damage":0,"enemies":"Large Slime","floor":10,"turns":5},{"damage":8,"enemies":"Looter","floor":11,"turns":2},{"damage":13,"enemies":"Lagavulin","floor":12,"turns":5},{"damage":0,"enemies":"Lots of Slimes","floor":14,"turns":2},{"damage":17,"enemies":"Slime Boss","floor":16,"turns":9},{"damage":4,"enemies":"Spheric Guardian","floor":18,"turns":4},{"damage":11,"enemies":"Shell Parasite","floor":20,"turns":5},{"damage":68,"enemies":"Book of Stabbing","floor":23,"turns":9},{"damage":20,"enemies":"Snake Plant","floor":25,"turns":3},{"damage":6,"enemies":"Centurion and Healer","floor":28,"turns":6},{"damage":0,"enemies":"Snecko","floor":29,"turns":4},{"damage":70,"enemies":"Champ","floor":33,"turns":8}],"seed_played":"5526068759649030385","potions_obtained":[{"floor":5,"key":"GamblersBrew"},{"floor":10,"key":"GamblersBrew"},{"floor":11,"key":"BlessingOfTheForge"},{"floor":14,"key":"Regen Potion"},{"floor":16,"key":"SteroidPotion"},{"floor":23,"key":"PowerPotion"}],"is_trial":false,"path_per_floor":["M","M","$","M","M","R","E","R","T","M","M","E","R","M","R","B",null,"M","?","M","?","$","E","R","M","T","?","M","M","R","?","R","B"],"character_chosen":"DEFECT","items_purchased":["Panacea"],"campfire_rested":6,"item_purchase_floors":[3],"current_hp_per_floor":[67,65,65,59,53,79,66,89,89,89,81,68,89,89,89,72,89,85,85,74,74,74,15,41,21,21,21,15,15,41,41,67,0,0],"gold":589,"neow_bonus":"TWENTY_PERCENT_HP_BONUS","is_daily":false,"chose_seed":false,"campfire_upgraded":0,"win_rate":0.0,"timestamp":1611348933,"path_taken":["M","M","$","?","M","R","E","R","T","M","M","E","R","M","R","BOSS","M","?","M","?","$","E","R","M","T","?","M","M","R","?","R","BOSS"],"items_purchased_type":["Card"],"build_version":"2020-12-22","purchased_purges":0,"victory":false,"max_hp_per_floor":[89,89,89,89,89,89,89,89,89,89,89,89,89,89,89,89,89,89,89,89,89,89,89,89,89,89,89,89,89,89,89,89,89,89],"card_choices":[{"not_picked":["Go for the Eyes","Compile Driver"],"picked":"Ball Lightning","floor":1},{"not_picked":["Cold Snap","Go for the Eyes"],"picked":"Doom and Gloom","floor":2},{"not_picked":["Barrage","Turbo","Storm"],"picked":"SKIP","floor":4},{"not_picked":["Streamline","Steam"],"picked":"Conserve Battery","floor":5},{"not_picked":["Hologram","Creative AI"],"picked":"Cold Snap","floor":7},{"not_picked":["Compile Driver","Beam Cell"],"picked":"Cold Snap","floor":10},{"not_picked":["Gash","FTL"],"picked":"Cold Snap","floor":11},{"not_picked":["Auto Shields","Steam"],"picked":"Fusion","floor":12},{"not_picked":["Heatsinks","Auto Shields"],"picked":"Redo","floor":14},{"not_picked":["Rainbow","Meteor Strike"],"picked":"Core Surge","floor":16},{"not_picked":["Beam Cell","Sweeping Beam"],"picked":"Ball Lightning+1","floor":18},{"not_picked":["Rebound","Sweeping Beam"],"picked":"Glacier+1","floor":20},{"not_picked":["Barrage+1","Cold Snap"],"picked":"Sunder","floor":23},{"not_picked":["Stack","Gash","Sweeping Beam"],"picked":"SKIP","floor":25},{"not_picked":["Steam","Go for the Eyes"],"picked":"Rainbow","floor":28},{"not_picked":["Coolheaded","Consume"],"picked":"Redo+1","floor":29}],"player_experience":5885711,"relics_obtained":[{"floor":7,"key":"Boot"},{"floor":12,"key":"Nunchaku"},{"floor":23,"key":"DataDisk"},{"floor":23,"key":"StrikeDummy"},{"floor":26,"key":"Kunai"}],"event_choices":[{"damage_healed":0,"gold_gain":0,"player_choice":"Inject Mutagens","damage_taken":0,"relics_obtained":["MutagenicStrength"],"max_hp_gain":0,"max_hp_loss":0,"event_name":"Drug Dealer","floor":19,"gold_loss":0},{"damage_healed":0,"gold_gain":0,"player_choice":"Ignored","damage_taken":0,"max_hp_gain":0,"max_hp_loss":0,"event_name":"Beggar","floor":21,"gold_loss":0},{"damage_healed":0,"gold_gain":0,"player_choice":"Simplicity","damage_taken":0,"max_hp_gain":0,"max_hp_loss":0,"event_name":"Back to Basics","floor":27,"gold_loss":0,"cards_upgraded":["Strike_B","Strike_B","Strike_B","Strike_B","Defend_B","Defend_B","Defend_B","Defend_B"]},{"damage_healed":0,"gold_gain":99,"player_choice":"Stole From Cult","damage_taken":0,"max_hp_gain":0,"max_hp_loss":0,"event_name":"Nest","floor":31,"gold_loss":0}],"is_beta":false,"boss_relics":[{"not_picked":["Coffee Dripper","Empty Cage"],"picked":"Black Star"}],"items_purged_floors":[],"is_endless":false,"potions_floor_spawned":[5,10,11,14,16,23],"killed_by":"Champ","ascension_level":0}}