{"host":"40vzoph344nwp0en","time":1611282033,"event":{"mods":["2.2 Compatiblity","BaseMod","Bestiary","Challenge The Spire","Colored Map","GifTheSpireLib","Highlight Path","Infinite Spire","Minty Spire (QoL Compilation)","Potionbrewer","Relic Sorter","Replay The Spire","StSLib","SuperFastMode","Wandering Minibosses"],"gold_per_floor":[100108,100118,100133,99516,99516,99516,99545,99555,99581,99531,99562,98688,98688,98707,98707,98811,98811,98826,98826,98809,98186,98186,98215,98234,98253,98276,98294,98304,98304,98304,98314,98314,98419,98519,98529,98546,98646,98684,98695,98720,98720,98720,98744,98762,98796,98812,98826,97640,97640,97736,97736,97741,96872,96880,96135,96135,96135,96156,96256,96283,95377,95377,95386,95386,95387,95387,95463,95463,95460,95460,95457,95457,95507,95507,95507,95507,95507,95507,94546,94541,94544,94563,94563,94637,94637,94641,94641,94676,94673,94667,94667,94663,94663,94663,93506,93009,92981,92978,92978,92978,93018,93018,93027,93027,91961,91973,91982,92044,92044,90987,90987,90987,90989,90984,90984,90984,90984,91057,91057,91065,91065,89894,89894,89894,89894],"floor_reached":124,"language":"ENG","playtime":10977,"items_purged":["Strike_P","Strike_P","Defend_P","Strike_P","Strike_P","Defend_P","Swivel","ReplayTheSpireMod:Doomed","Voices","Vengeance","Shame","Shame","Wallop"],"score":2864,"play_id":"56e41515-7d56-4892-9e39-839e207a07b6","local_time":"20210121192033","is_ascension_mode":false,"campfire_choices":[{"data":"Madness","floor":6.0,"key":"SMITH"},{"floor":13.0,"key":"REST"},{"floor":15.0,"key":"REST"},{"data":"Replay:ManipulateFuture","floor":29.0,"key":"SMITH"},{"floor":32.0,"key":"DIG"},{"floor":41.0,"key":"REST"},{"floor":49.0,"key":"REST"},{"data":"CutThroughFate","floor":57.0,"key":"SMITH"},{"data":"PathToVictory","floor":62.0,"key":"SMITH"},{"data":"PathToVictory","floor":64.0,"key":"SMITH"},{"data":"PathToVictory","floor":66.0,"key":"SMITH"},{"data":"infinitespire:TheBestDefense","floor":74.0,"key":"SMITH"},{"data":"Writhe","floor":76.0,"key":"PURGE"},{"data":"ReplayTheSpireMod:Doomed","floor":78.0,"key":"PURGE"},{"data":"Doubt","floor":83.0,"key":"PURGE"},{"floor":91.0,"key":"DIG"},{"data":"Weave","floor":93.0,"key":"SMITH"},{"data":"Delirium","floor":100.0,"key":"PURGE"},{"data":"Weave","floor":109.0,"key":"SMITH"},{"floor":115.0,"key":"DIG"},{"data":"Nirvana","floor":117.0,"key":"SMITH"}],"circlet_count":0,"master_deck":["PathToVictory+1","CutThroughFate+1","ThirdEye+1","Replay:ManipulateFuture+1","Evaluate+1","Replay:ManipulateFuture+1","Conclude+1","Nirvana+1","Protect+1","DevaForm","AbeCurse","PathToVictory+1","BattleHymn+1","PathToVictory+1","Nirvana","Evaluate+1","JustLucky+1","Replay:ManipulateFuture+1","PathToVictory+1","infinitespire:TheBestDefense+1","Weave+1","DevaForm","Weave+1","PathToVictory","TalkToTheHand","Consecrate","Weave","TalkToTheHand","Mayhem"],"relics":["Burning Blood","ReplayTheSpireMod:Ring of Challenge","Blood Vial","Shovel","Gremlin Food","ReplayFunnel","MealTicket","Oddly Smooth Stone","potionbrewer:Keyblade","Mango","Abe\u0027s Treasure","Omamori","Juzu Bracelet","DollysMirror","HornCleat","TungstenRod","Replay:Wanted Poster","infinitespire:Joker Card","Peace Pipe","potionbrewer:AlchemistFlask","Replay:Wax Seal","Bag of Marbles","Snack Pack","Lizard Tail","ClockworkSouvenir","Replay:Grab Bag","Cursed Key","Busted Crown","SlaversCollar","potionbrewer:BhaskarasWheel","Gremlin Horn","Counterbalance","Sling","Melange","Replay:Baseball","potionbrewer:BottledElixir","Ancient Tea Set","Nunchaku","Prayer Wheel","Ginger","Replay:Ancient Bell","ReplayTheSpireMod:Lightbulb","infinitespire:CheckeredPen","Incense Burner","ReplayTheSpireMod:ShopPack","Coffee Dripper","Replay:Ringing Soul","Divine Protection","potionbrewer:DrinkingBird","Letter Opener","HandDrill","potionbrewer:WarMedal","Replay:Bronze Core","Replay:Kaleidoscope","infinitespire:Satchel","War Paint","GoldenEye","Torii","Frozen Eye","Ring of Peace","Kintsugi","infinitespire:Cubic Diamond","Gambling Chip","Calipers","PrismaticShard","Bottled Tornado","Sundial","Lee\u0027s Waffle","Replay:Bottled Flurry","Matryoshka","infinitespire:Magic Flask","Pandora\u0027s Box","Replay:Purple Gloves","Regal Pillow"],"acts_visited":["Exordium","TheCity","TheBeyond","TheCity","TheBeyond","Exordium","TheCity"],"potions_floor_usage":[],"damage_taken":[{"damage":0.0,"enemies":"Cultist","floor":1.0,"turns":2.0},{"damage":0.0,"enemies":"Small Slimes","floor":2.0,"turns":4.0},{"damage":2.0,"enemies":"Jaw Worm","floor":3.0,"turns":6.0},{"damage":18.0,"enemies":"3 Sentries","floor":7.0,"turns":11.0},{"damage":0.0,"enemies":"Exordium Thugs","floor":8.0,"turns":5.0},{"damage":21.0,"enemies":"Lagavulin","floor":11.0,"turns":7.0},{"damage":2.0,"enemies":"Blue Slaver","floor":14.0,"turns":4.0},{"damage":21.0,"enemies":"The Guardian","floor":16.0,"turns":13.0},{"damage":24.0,"enemies":"Spheric Guardian","floor":18.0,"turns":4.0},{"damage":5.0,"enemies":"2 Thieves","floor":20.0,"turns":4.0},{"damage":0.0,"enemies":"Nightmare","floor":23.0,"turns":8.0},{"damage":0.0,"enemies":"Centurion and Healer","floor":24.0,"turns":6.0},{"damage":13.0,"enemies":"Shelled Parasite and Fungi","floor":25.0,"turns":5.0},{"damage":11.0,"enemies":"Chosen and Byrds","floor":27.0,"turns":8.0},{"damage":0.0,"enemies":"Centurion and Healer","floor":28.0,"turns":6.0},{"damage":13.0,"enemies":"Snecko","floor":31.0,"turns":6.0},{"damage":33.0,"enemies":"Automaton","floor":33.0,"turns":10.0},{"damage":16.0,"enemies":"3 Shapes","floor":35.0,"turns":7.0},{"damage":7.0,"enemies":"3 Darklings","floor":36.0,"turns":5.0},{"damage":35.0,"enemies":"infinitespire:Three Voidlings","floor":37.0,"turns":6.0},{"damage":39.0,"enemies":"Nightmare_Alpha","floor":37.0,"turns":17.0},{"damage":0.0,"enemies":"4 Shapes","floor":39.0,"turns":7.0},{"damage":6.0,"enemies":"Nightmare","floor":40.0,"turns":14.0},{"damage":10.0,"enemies":"Sphere and 2 Shapes","floor":44.0,"turns":7.0},{"damage":5.0,"enemies":"Giant Head","floor":45.0,"turns":8.0},{"damage":5.0,"enemies":"3 Darklings","floor":46.0,"turns":5.0},{"damage":0.0,"enemies":"Writhing Mass","floor":47.0,"turns":5.0},{"damage":67.0,"enemies":"LordOfAnnihilation","floor":50.0,"turns":22.0},{"damage":0.0,"enemies":"2 Louse","floor":52.0,"turns":1.0},{"damage":0.0,"enemies":"Jaw Worm","floor":54.0,"turns":3.0},{"damage":0.0,"enemies":"Gremlin Nob","floor":58.0,"turns":2.0},{"damage":0.0,"enemies":"Cultist","floor":63.0,"turns":2.0},{"damage":0.0,"enemies":"Red Slaver","floor":65.0,"turns":2.0},{"damage":0.0,"enemies":"The Guardian","floor":67.0,"turns":4.0},{"damage":0.0,"enemies":"Shell Parasite","floor":69.0,"turns":2.0},{"damage":0.0,"enemies":"Chosen","floor":71.0,"turns":3.0},{"damage":0.0,"enemies":"3 Cultists","floor":80.0,"turns":2.0},{"damage":0.0,"enemies":"Snecko","floor":81.0,"turns":3.0},{"damage":0.0,"enemies":"Slavers","floor":82.0,"turns":2.0},{"damage":0.0,"enemies":"Champ","floor":84.0,"turns":4.0},{"damage":0.0,"enemies":"Orb Walker","floor":86.0,"turns":2.0},{"damage":0.0,"enemies":"Mind Bloom Boss Battle","floor":88.0,"turns":2.0},{"damage":0.0,"enemies":"3 Shapes","floor":89.0,"turns":1.0},{"damage":0.0,"enemies":"Sphere and 2 Shapes","floor":90.0,"turns":3.0},{"damage":0.0,"enemies":"Nightmare","floor":92.0,"turns":6.0},{"damage":0.0,"enemies":"Maw","floor":97.0,"turns":4.0},{"damage":0.0,"enemies":"3 Darklings","floor":98.0,"turns":2.0},{"damage":0.0,"enemies":"Awakened One","floor":101.0,"turns":5.0},{"damage":0.0,"enemies":"Small Slimes","floor":103.0,"turns":1.0},{"damage":0.0,"enemies":"Jaw Worm","floor":106.0,"turns":2.0},{"damage":0.0,"enemies":"2 Louse","floor":107.0,"turns":1.0},{"damage":0.0,"enemies":"Replay:BlueRogue","floor":108.0,"turns":2.0},{"damage":0.0,"enemies":"Lots of Slimes","floor":113.0,"turns":1.0},{"damage":0.0,"enemies":"Exordium Wildlife","floor":114.0,"turns":2.0},{"damage":0.0,"enemies":"The Guardian","floor":118.0,"turns":3.0},{"damage":0.0,"enemies":"Spheric Guardian","floor":120.0,"turns":2.0},{"damage":0,"enemies":"3 Byrds","floor":124,"turns":1}],"seed_played":"-3929181838035237671","potions_obtained":[{"floor":1.0,"key":"Explosive Potion"},{"floor":3.0,"key":"potionbrewer:CleansingPotion"},{"floor":7.0,"key":"EssenceOfSteel"},{"floor":8.0,"key":"Fruit Juice"},{"floor":18.0,"key":"Strength Potion"},{"floor":19.0,"key":"LiquidBronze"},{"floor":31.0,"key":"potionbrewer:InfectionPotion"},{"floor":37.0,"key":"Cursed Concoction"},{"floor":44.0,"key":"BottledMiracle"},{"floor":45.0,"key":"potionbrewer:AcidPotion"},{"floor":47.0,"key":"PowerPotion"},{"floor":50.0,"key":"FearPotion"},{"floor":52.0,"key":"Block Potion"},{"floor":54.0,"key":"Explosive Potion"},{"floor":67.0,"key":"potionbrewer:NoxiousPotion"},{"floor":88.0,"key":"DuplicationPotion"},{"floor":103.0,"key":"potionbrewer:ToxicPotion"},{"floor":118.0,"key":"potionbrewer:DiscountPotion"}],"is_trial":false,"path_per_floor":["M","M","M","$","?","R","E","M","T","?","E","$","R","M","R_BF","B",null,"M","?","M","$","?","NM","M","M","T","M","M","R","?","M","R","B",null,"M","M","?","?","M","NM","R","?","T","M","E","M","M","$","R","B",null,"M","$","M","$","?","R","E","?","T","$","R","M","R","M","R","B",null,"M","?","M","AVR","?","R","?","R","T","R","$","M","M","E","R","B",null,"M","?","?","M","M","R","NM","R","T","$","?","M","M","?","R","B",null,"M","?","$","M","M","E","R","$","T","?","M","M","R","?","R","B",null,"M","?","$","?","M"],"character_chosen":"WATCHER","items_purchased":["Shovel","Gremlin Food","CutThroughFate","ThirdEye","potionbrewer:Keyblade","Mango","Blood Vial","Conclude+1","Prostrate","Nirvana","Omamori","Juzu Bracelet","DollysMirror","BattleHymn","Snack Pack","Lizard Tail","ClockworkSouvenir","PathToVictory","Replay:Dark Deal","potionbrewer:NoxiousPotion","Strength Potion","Gremlin Horn","Counterbalance","Sling","Melange","Replay:Baseball","potionbrewer:BottledElixir","Prayer Wheel","Ginger","DistilledChaos","potionbrewer:DrinkingBird","Letter Opener","HandDrill","GoldenEye","Torii","Frozen Eye","LiquidMemories","Fire Potion","Gambling Chip","Calipers","PrismaticShard","Sundial","Lee\u0027s Waffle","TalkToTheHand","Replay:Bottled Flurry","Replay:Purple Gloves","Regal Pillow","Weave","TalkToTheHand","potionbrewer:ToxicPotion","Mayhem"],"campfire_rested":4,"item_purchase_floors":[4,4,4,4,12,12,12,12,12,12,21,21,21,21,48,48,48,48,48,48,48,53,53,53,55,55,55,61,61,61,79,79,79,95,95,95,95,95,105,105,105,110,110,110,110,122,122,122,122,122,122],"current_hp_per_floor":[72,72,70,70,70,70,52,57,57,57,36,65,91,89,91,70,91,67,67,64,79,79,81,83,72,72,63,65,65,65,54,54,23,91,75,70,29,8,10,6,33,33,33,25,22,19,21,36,63,14,91,91,91,91,91,91,91,91,91,91,91,91,91,91,91,91,91,91,91,91,91,91,91,91,94,94,97,97,97,97,97,97,97,97,97,97,97,97,97,100,100,100,100,100,100,100,100,100,103,103,103,106,106,106,106,109,109,109,109,119,122,122,122,122,122,122,122,122,122,125,125,128,128,128,128],"gold":89894,"neow_bonus":"RANDOM_COLORLESS","is_daily":false,"chose_seed":false,"campfire_upgraded":10,"win_rate":0.0,"timestamp":1611282033,"path_taken":["M","M","M","$","?","R","E","M","T","?","E","$","R","M","R_BF","BOSS","M","?","M","$","?","NM","M","M","T","M","M","R","?","M","R","BOSS","M","M","?","?","M","NM","R","?","T","M","E","M","M","?","R","BOSS","M","$","M","$","?","R","E","?","T","?","R","M","R","M","R","BOSS","M","?","M","AVR","?","R","?","R","T","R","?","M","M","E","R","BOSS","M","?","?","M","M","R","NM","R","T","$","?","M","M","?","R","BOSS","M","?","$","M","M","E","R","$","T","?","M","M","R","?","R","BOSS","M","?","$","?","M"],"items_purchased_type":["Relic","Relic","Card","Card","Relic","Relic","Relic","Card","Card","Card","Relic","Relic","Relic","Card","Relic","Relic","Relic","Card","Card","Potion","Potion","Relic","Relic","Relic","Relic","Relic","Relic","Relic","Relic","Potion","Relic","Relic","Relic","Relic","Relic","Relic","Potion","Potion","Relic","Relic","Relic","Relic","Relic","Card","Relic","Relic","Relic","Card","Card","Potion","Card"],"build_version":"2020-12-22","purchased_purges":13,"victory":false,"max_hp_per_floor":[72,72,72,72,72,72,72,77,77,77,77,91,91,91,91,91,91,91,91,91,91,91,91,91,91,91,91,91,91,91,91,91,91,91,91,91,91,91,91,91,91,91,91,91,91,91,91,91,91,91,91,91,91,91,91,91,91,91,91,91,91,91,91,91,91,91,91,91,91,91,91,91,91,91,94,94,97,97,97,97,97,97,97,97,97,97,97,97,97,100,100,100,100,100,100,100,100,100,103,103,103,106,106,106,106,109,109,109,109,119,122,122,122,122,122,122,122,122,122,125,125,128,128,128,128],"card_choices":[{"not_picked":["Mind Blast","Specialist"],"picked":"Madness","floor":0.0},{"not_picked":["Replay:Vibes","SignatureMove"],"picked":"Prostrate","floor":1.0},{"not_picked":["CrushJoints","JustLucky"],"picked":"Wallop","floor":2.0},{"not_picked":["DeceiveReality","Halt"],"picked":"PathToVictory","floor":3.0},{"not_picked":["Nirvana","Fasting2"],"picked":"Replay:ManipulateFuture","floor":7.0},{"not_picked":["Replay:Vibes","Pray"],"picked":"Evaluate","floor":8.0},{"not_picked":["Meditate","Crescendo"],"picked":"Replay:ManipulateFuture","floor":11.0},{"not_picked":["Replay:Anticipation","FollowUp"],"picked":"Protect","floor":14.0},{"not_picked":["Omniscience","Ragnarok"],"picked":"DevaForm","floor":16.0},{"not_picked":["Protect","EmptyBody","Crescendo"],"picked":"SKIP","floor":18.0},{"not_picked":["FlurryOfBlows+1","EmptyBody+1","ClearTheMind"],"picked":"SKIP","floor":20.0},{"not_picked":["Replay:AtTheReady+1","Omniscience","Protect"],"picked":"SKIP","floor":23.0},{"not_picked":["EmptyBody","EmptyFist"],"picked":"Swivel","floor":24.0},{"not_picked":["ThirdEye","Adaptation+1"],"picked":"PathToVictory","floor":25.0},{"not_picked":["WreathOfFlame","Consecrate+1","BattleHymn"],"picked":"SKIP","floor":27.0},{"not_picked":["Crescendo","Halt"],"picked":"Nirvana","floor":28.0},{"not_picked":["Prostrate+1","Crescendo+1","Swivel"],"picked":"SKIP","floor":31.0},{"not_picked":["Protect+1","Replay:Vibes+1"],"picked":"Evaluate+1","floor":35.0},{"not_picked":["FearNoEvil","Evaluate","Replay:Battleflow"],"picked":"SKIP","floor":36.0},{"not_picked":["CrushJoints+1","Evaluate+1"],"picked":"JustLucky+1","floor":37.0},{"not_picked":["infinitespire:SevenWalls","ReplayTheSpireMod:??????????????????????"],"picked":"infinitespire:Fortify","floor":37.0},{"not_picked":["ConjureBlade","BattleHymn+1"],"picked":"Vengeance","floor":39.0},{"not_picked":["Nirvana","EmptyFist+1","Protect"],"picked":"SKIP","floor":40.0},{"not_picked":["EmptyFist+1","FlurryOfBlows+1","Crescendo"],"picked":"SKIP","floor":44.0},{"not_picked":["BowlingBash","EmptyFist+1","CutThroughFate"],"picked":"SKIP","floor":45.0},{"not_picked":["Evaluate","Scrawl"],"picked":"Replay:ManipulateFuture+1","floor":46.0},{"not_picked":["CrushJoints","FlyingSleeves+1","FearNoEvil"],"picked":"SKIP","floor":47.0},{"not_picked":["ReplayTheSpireMod:??????????????????????","infinitespire:Gouge"],"picked":"infinitespire:TheBestDefense","floor":50.0},{"not_picked":["JustLucky"],"picked":"SKIP","floor":52.0},{"not_picked":["EmptyBody"],"picked":"SKIP","floor":54.0},{"not_picked":["Halt"],"picked":"SKIP","floor":58.0},{"not_picked":[],"picked":"Weave","floor":63.0},{"not_picked":["CrushJoints"],"picked":"SKIP","floor":63.0},{"not_picked":["Replay:AtTheReady"],"picked":"SKIP","floor":65.0},{"not_picked":["Sanctity"],"picked":"SKIP","floor":65.0},{"not_picked":[],"picked":"DevaForm","floor":67.0},{"not_picked":["ReplayTheSpireMod:Haul","infinitespire:Gouge"],"picked":"infinitespire:NeuralNetwork","floor":67.0},{"not_picked":[],"picked":"Doubt","floor":68.0},{"not_picked":[],"picked":"Voices","floor":68.0},{"not_picked":[],"picked":"ReplayTheSpireMod:Doomed","floor":68.0},{"not_picked":["JustLucky"],"picked":"SKIP","floor":69.0},{"not_picked":["CrushJoints+1"],"picked":"SKIP","floor":69.0},{"not_picked":["CutThroughFate+1"],"picked":"SKIP","floor":71.0},{"not_picked":["Replay:Hum+1"],"picked":"SKIP","floor":71.0},{"not_picked":["Replay:BluntJabs+1"],"picked":"SKIP","floor":80.0},{"not_picked":["Replay:AllIn"],"picked":"SKIP","floor":80.0},{"not_picked":["WaveOfTheHand"],"picked":"SKIP","floor":81.0},{"not_picked":["DeceiveReality"],"picked":"SKIP","floor":81.0},{"not_picked":["WindmillStrike+1"],"picked":"SKIP","floor":82.0},{"not_picked":["Crescendo+1"],"picked":"SKIP","floor":86.0},{"not_picked":["JustLucky"],"picked":"SKIP","floor":86.0},{"not_picked":[],"picked":"Weave","floor":90.0},{"not_picked":["Replay:Vibes"],"picked":"SKIP","floor":90.0},{"not_picked":["Worship+1"],"picked":"SKIP","floor":92.0},{"not_picked":["WheelKick+1"],"picked":"SKIP","floor":97.0},{"not_picked":["Replay:ManipulateFuture"],"picked":"SKIP","floor":97.0},{"not_picked":["FlurryOfBlows+1"],"picked":"SKIP","floor":98.0},{"not_picked":["Prostrate+1"],"picked":"SKIP","floor":98.0},{"not_picked":["EmptyBody"],"picked":"SKIP","floor":103.0},{"not_picked":["PathToVictory"],"picked":"SKIP","floor":103.0},{"not_picked":[],"picked":"PathToVictory","floor":106.0},{"not_picked":["Flying Knee"],"picked":"SKIP","floor":106.0},{"not_picked":["EmptyBody"],"picked":"SKIP","floor":107.0},{"not_picked":["Streamline"],"picked":"SKIP","floor":107.0},{"not_picked":["ConjureBlade"],"picked":"SKIP","floor":108.0},{"not_picked":["Swift Strike"],"picked":"SKIP","floor":113.0},{"not_picked":["Underhanded Strike"],"picked":"SKIP","floor":113.0},{"not_picked":["Cloak And Dagger"],"picked":"SKIP","floor":114.0},{"not_picked":["Caltrops"],"picked":"SKIP","floor":114.0},{"not_picked":[],"picked":"Consecrate","floor":120.0},{"not_picked":["Nirvana"],"picked":"SKIP","floor":120.0}],"player_experience":384266,"relics_obtained":[{"floor":7.0,"key":"ReplayFunnel"},{"floor":9.0,"key":"MealTicket"},{"floor":11.0,"key":"Oddly Smooth Stone"},{"floor":23.0,"key":"HornCleat"},{"floor":32.0,"key":"TungstenRod"},{"floor":37.0,"key":"infinitespire:Joker Card"},{"floor":38.0,"key":"Peace Pipe"},{"floor":40.0,"key":"potionbrewer:AlchemistFlask"},{"floor":43.0,"key":"Replay:Wax Seal"},{"floor":45.0,"key":"Bag of Marbles"},{"floor":58.0,"key":"Ancient Tea Set"},{"floor":60.0,"key":"Nunchaku"},{"floor":77.0,"key":"Divine Protection"},{"floor":82.0,"key":"potionbrewer:WarMedal"},{"floor":88.0,"key":"Replay:Kaleidoscope"},{"floor":91.0,"key":"infinitespire:Satchel"},{"floor":92.0,"key":"War Paint"},{"floor":99.0,"key":"ReplayTheSpireMod:Ring of Challenge"},{"floor":99.0,"key":"Ring of Peace"},{"floor":108.0,"key":"Bottled Tornado"},{"floor":111.0,"key":"Matryoshka"},{"floor":115.0,"key":"infinitespire:Magic Flask"}],"event_choices":[{"cards_removed":["Defend_P"],"damage_healed":0.0,"max_hp_gain":0.0,"max_hp_loss":0.0,"gold_gain":0.0,"event_name":"The Cleric","player_choice":"Card Removal","floor":10.0,"gold_loss":50.0,"damage_taken":0.0},{"damage_healed":0.0,"max_hp_gain":0.0,"max_hp_loss":0.0,"gold_gain":0.0,"event_name":"Lab","player_choice":"Got Potions","floor":19.0,"gold_loss":0.0,"damage_taken":0.0},{"cards_removed":["Defend_P"],"damage_healed":0.0,"max_hp_gain":0.0,"max_hp_loss":0.0,"gold_gain":0.0,"event_name":"Back to Basics","player_choice":"Elegance","floor":22.0,"gold_loss":0.0,"damage_taken":0.0},{"damage_healed":0.0,"max_hp_gain":0.0,"max_hp_loss":0.0,"gold_gain":0.0,"event_name":"SecretPortal","player_choice":"Ignored","floor":42.0,"gold_loss":0.0,"damage_taken":0.0},{"cards_removed":["Eruption"],"damage_healed":0.0,"max_hp_gain":0.0,"max_hp_loss":0.0,"gold_gain":0.0,"event_name":"Purifier","player_choice":"Purged","floor":56.0,"gold_loss":0.0,"damage_taken":0.0},{"damage_healed":0.0,"max_hp_gain":0.0,"max_hp_loss":0.0,"gold_gain":100.0,"event_name":"Golden Shrine","player_choice":"Pray","floor":59.0,"gold_loss":0.0,"damage_taken":0.0},{"damage_healed":0.0,"max_hp_gain":0.0,"max_hp_loss":0.0,"gold_gain":0.0,"event_name":"Accursed Blacksmith","player_choice":"Forge","floor":70.0,"gold_loss":0.0,"damage_taken":0.0,"cards_upgraded":["PathToVictory"]},{"damage_healed":0.0,"max_hp_gain":0.0,"max_hp_loss":0.0,"gold_gain":100.0,"event_name":"The Joust","player_choice":"Bet on Murderer","floor":73.0,"gold_loss":50.0,"damage_taken":0.0},{"damage_healed":0.0,"max_hp_gain":0.0,"max_hp_loss":0.0,"gold_gain":0.0,"event_name":"The Mausoleum","player_choice":"Opened","floor":75.0,"gold_loss":0.0,"damage_taken":0.0,"relics_obtained":["Replay:Ringing Soul"],"cards_obtained":["Writhe"]},{"cards_removed":["Madness"],"damage_healed":0.0,"max_hp_gain":0.0,"max_hp_loss":0.0,"gold_gain":0.0,"event_name":"Wheel of Change","player_choice":"Card Removal","floor":87.0,"gold_loss":0.0,"damage_taken":0.0},{"damage_healed":0.0,"max_hp_gain":0.0,"max_hp_loss":0.0,"gold_gain":0.0,"event_name":"MindBloom","player_choice":"Fight","floor":88.0,"gold_loss":0.0,"damage_taken":0.0},{"cards_removed":["Hallucinations","AbeCurse"],"damage_healed":0.0,"max_hp_gain":0.0,"max_hp_loss":0.0,"gold_gain":0.0,"event_name":"Fountain of Cleansing","player_choice":"Removed Curses","floor":112.0,"gold_loss":0.0,"damage_taken":0.0},{"cards_removed":["infinitespire:Fortify"],"damage_healed":5.0,"max_hp_gain":0.0,"max_hp_loss":0.0,"gold_gain":0.0,"event_name":"Bonfire Elementals","player_choice":"Offered Special","floor":116.0,"gold_loss":0.0,"damage_taken":0.0},{"damage_healed":0.0,"max_hp_gain":0.0,"max_hp_loss":0.0,"gold_gain":0.0,"event_name":"Ghosts","player_choice":"Ignored","floor":121.0,"gold_loss":0.0,"damage_taken":0.0},{"damage_healed":42.0,"max_hp_gain":0.0,"max_hp_loss":0.0,"gold_gain":0.0,"event_name":"The Library","player_choice":"Heal","floor":123.0,"gold_loss":0.0,"damage_taken":0.0}],"is_beta":false,"boss_relics":[{"not_picked":["Replay:Bronze Core","Pandora\u0027s Box"],"picked":"Abe\u0027s Treasure"},{"not_picked":["Honey Jar","infinitespire:Cupcake"],"picked":"Replay:Wanted Poster"},{"not_picked":["Runic Pyramid","SacredBark"],"picked":"Replay:Grab Bag"},{"not_picked":["ChewingGum","Runic Dome"],"picked":"Cursed Key"},{"not_picked":["Velvet Choker","Sozu"],"picked":"Busted Crown"},{"not_picked":["Replay:Drink Me","Snecko Eye"],"picked":"SlaversCollar"},{"not_picked":["Empty Cage","Kintsugi"],"picked":"potionbrewer:BhaskarasWheel"},{"not_picked":["ReplayTheSpireMod:SealedPack","infinitespire:Cupcake"],"picked":"Replay:Ancient Bell"},{"not_picked":["Replay:Rubber Ducky","Smiling Mask"],"picked":"ReplayTheSpireMod:Lightbulb"},{"not_picked":["ReplayTheSpireMod:Shallot","Mirror"],"picked":"infinitespire:CheckeredPen"},{"not_picked":["Turnip","Replay:PocketPolymizer"],"picked":"Incense Burner"},{"not_picked":["VioletLotus","Empty Cage"],"picked":"Replay:Bronze Core"},{"not_picked":["Runic Dome","Honey Jar"],"picked":"Kintsugi"},{"not_picked":["Empty Cage","ChewingGum"],"picked":"Pandora\u0027s Box"}],"items_purged_floors":[4,12,21,48,53,55,61,72,79,95,105,110,122],"is_endless":true,"potions_floor_spawned":[1,3,7,8,18,20,24,31,37,44,45,47,50,52,54,67,80,81,88,97,98,103,108,118],"killed_by":"3 Byrds","ascension_level":0}}