{"host":"foq4mrde4mssg7vt","time":1611326715,"event":{"mods":["AchievementEnabler","BaseMod","Colored Map","Colored Powertips","Highlight Path","Minty Spire (QoL Compilation)","Relic Stats","everything is the same but u backflip on backflip"],"gold_per_floor":[362,375,1,12,26,26,76,102,171,186,214,179,198,36,36,111,111,129,129,179,191,191,191,225,225,225,237,69,79,109,121,121,198,198,214,231,231,244,244,244,277,290,290,300,300,35,65,80,80,80,80,80,80,80,109,109,109],"floor_reached":56,"language":"ENG","playtime":5622,"items_purged":["Strike_B","Storm"],"score":1993,"play_id":"adb02d4b-1a3f-451c-a161-6809e7a7f4b8","local_time":"20210122224515","is_ascension_mode":true,"campfire_choices":[{"data":"Lockon","floor":6.0,"key":"SMITH"},{"data":"Biased Cognition","floor":15.0,"key":"SMITH"},{"data":"Biased Cognition","floor":23.0,"key":"SMITH"},{"floor":25.0,"key":"REST"},{"data":"Coolheaded","floor":32.0,"key":"SMITH"},{"data":"Reinforced Body","floor":40.0,"key":"SMITH"},{"floor":49.0,"key":"RECALL"},{"data":"Glacier","floor":53.0,"key":"SMITH"}],"circlet_count":0,"master_deck":["AscendersBane","Defend_B","Defend_B","Defend_B","Dualcast","Cold Snap","Compile Driver","Lockon+1","Conserve Battery","Loop+1","Barrage","Electrodynamics","Capacitor","Stack","Biased Cognition+1","Core Surge","Cold Snap+1","Auto Shields+1","Static Discharge+1","Conserve Battery","Biased Cognition+1","Compile Driver","Double Energy","Glacier+1","Self Repair","Coolheaded+1","Reinforced Body+1","Undo","FTL+1","Coolheaded+1","Force Field+1","Core Surge","Hologram"],"relics":["Cracked Core","Meat on the Bone","FossilizedHelix","StrikeDummy","Akabeko","Astrolabe","Centennial Puzzle","Runic Capacitor","Letter Opener","Cursed Key","Kunai","Lee\u0027s Waffle","Toy Ornithopter","Bronze Scales"],"acts_visited":["Exordium","TheCity","TheBeyond","TheEnding"],"potions_floor_usage":[],"damage_taken":[{"damage":4.0,"enemies":"Small Slimes","floor":1.0,"turns":3.0},{"damage":0.0,"enemies":"Cultist","floor":2.0,"turns":3.0},{"damage":12.0,"enemies":"Jaw Worm","floor":4.0,"turns":2.0},{"damage":10.0,"enemies":"Large Slime","floor":5.0,"turns":6.0},{"damage":28.0,"enemies":"Gremlin Nob","floor":8.0,"turns":4.0},{"damage":0.0,"enemies":"3 Louse","floor":10.0,"turns":3.0},{"damage":8.0,"enemies":"3 Sentries","floor":11.0,"turns":4.0},{"damage":4.0,"enemies":"Lots of Slimes","floor":13.0,"turns":3.0},{"damage":25.0,"enemies":"Hexaghost","floor":16.0,"turns":7.0},{"damage":5.0,"enemies":"3 Byrds","floor":18.0,"turns":3.0},{"damage":11.0,"enemies":"2 Thieves","floor":21.0,"turns":4.0},{"damage":33.0,"enemies":"Gremlin Leader","floor":24.0,"turns":7.0},{"damage":0.0,"enemies":"3 Cultists","floor":27.0,"turns":3.0},{"damage":0.0,"enemies":"Snecko","floor":29.0,"turns":3.0},{"damage":13.0,"enemies":"Book of Stabbing","floor":30.0,"turns":9.0},{"damage":12.0,"enemies":"Centurion and Healer","floor":31.0,"turns":8.0},{"damage":26.0,"enemies":"Automaton","floor":33.0,"turns":13.0},{"damage":0.0,"enemies":"3 Shapes","floor":35.0,"turns":6.0},{"damage":1.0,"enemies":"3 Darklings","floor":36.0,"turns":4.0},{"damage":26.0,"enemies":"Sphere and 2 Shapes","floor":38.0,"turns":6.0},{"damage":5.0,"enemies":"Giant Head","floor":41.0,"turns":15.0},{"damage":34.0,"enemies":"Jaw Worm Horde","floor":42.0,"turns":4.0},{"damage":0.0,"enemies":"Maw","floor":44.0,"turns":8.0},{"damage":13.0,"enemies":"Nemesis","floor":47.0,"turns":19.0},{"damage":0.0,"enemies":"Transient","floor":48.0,"turns":6.0},{"damage":0.0,"enemies":"Time Eater","floor":50.0,"turns":28.0},{"damage":16.0,"enemies":"Donu and Deca","floor":51.0,"turns":19.0},{"damage":68.0,"enemies":"Shield and Spear","floor":55.0,"turns":11.0},{"damage":48,"enemies":"The Heart","floor":56,"turns":5}],"seed_played":"-4601380819575244213","potions_obtained":[{"floor":4.0,"key":"FearPotion"},{"floor":8.0,"key":"Fire Potion"},{"floor":11.0,"key":"SneckoOil"},{"floor":30.0,"key":"FocusPotion"},{"floor":31.0,"key":"EssenceOfSteel"},{"floor":41.0,"key":"ColorlessPotion"},{"floor":48.0,"key":"Regen Potion"}],"is_trial":false,"path_per_floor":["M","M","$","M","M","R","?","E","T","M","E","?","M","$","R","B",null,"M","?","?","M","?","R","E","R","T","M","$","M","E","M","R","B",null,"M","M","?","M","?","R","E","M","T","M","?","$","E","M","R","B","B",null,"R","$","E","B"],"character_chosen":"DEFECT","items_purchased":["Meat on the Bone","Lockon","Conserve Battery","Biased Cognition","Runic Capacitor","Lee\u0027s Waffle"],"campfire_rested":1,"item_purchase_floors":[3,3,3,14,28,46],"current_hp_per_floor":[42,42,42,42,44,44,44,28,28,40,44,61,57,57,57,44,64,59,59,59,48,48,48,27,48,48,48,48,48,47,54,54,47,65,65,71,67,48,48,48,50,35,35,42,42,74,68,74,74,74,65,72,72,72,48,0,0],"gold":109,"neow_bonus":"TWO_FIFTY_GOLD","is_daily":false,"chose_seed":false,"campfire_upgraded":6,"win_rate":0.0,"timestamp":1611326715,"path_taken":["M","M","$","M","M","R","?","E","T","?","E","?","M","$","R","BOSS","M","?","?","?","?","R","E","R","T","M","$","?","E","M","R","BOSS","M","?","?","M","?","R","E","M","T","?","?","$","E","M","R","BOSS","BOSS","R","$","E","BOSS"],"items_purchased_type":["Relic","Card","Card","Card","Relic","Relic"],"build_version":"2020-12-22","purchased_purges":2,"victory":false,"max_hp_per_floor":[71,71,71,71,71,71,71,71,71,71,71,71,71,71,71,71,71,71,71,71,71,71,71,71,71,71,71,71,71,71,71,71,71,71,71,71,67,67,67,67,67,67,67,67,67,74,74,74,74,74,74,74,74,74,74,74,74],"relic_stats":{"Centennial Puzzle":[33],"Lee\u0027s Waffle":32,"counters":[29,215],"Astrolabe":["Cold Snap","Auto Shields","Static Discharge"],"Bronze Scales":[72],"Letter Opener":[89],"Kunai":[11],"Cursed Key":0,"obtain_stats":[{"Lee\u0027s Waffle":46,"Astrolabe":17,"Runic Capacitor":28,"Letter Opener":30,"Cursed Key":34,"Akabeko":11,"Centennial Puzzle":24,"Bronze Scales":55,"Kunai":41,"Cracked Core":0,"StrikeDummy":9,"FossilizedHelix":8,"Toy Ornithopter":47,"Meat on the Bone":3},{"Lee\u0027s Waffle":23,"Astrolabe":9,"Runic Capacitor":13,"Letter Opener":15,"Cursed Key":17,"Akabeko":7,"Centennial Puzzle":12,"Bronze Scales":28,"Kunai":21,"Cracked Core":0,"StrikeDummy":5,"FossilizedHelix":5,"Toy Ornithopter":24,"Meat on the Bone":2},{"Lee\u0027s Waffle":128,"Astrolabe":35,"Runic Capacitor":52,"Letter Opener":64,"Cursed Key":85,"Akabeko":25,"Centennial Puzzle":49,"Bronze Scales":210,"Kunai":116,"Cracked Core":0,"StrikeDummy":18,"FossilizedHelix":18,"Toy Ornithopter":147,"Meat on the Bone":6}],"Toy Ornithopter":10,"Meat on the Bone":144},"card_choices":[{"not_picked":["Redo","White Noise"],"picked":"Cold Snap","floor":1.0},{"not_picked":["Stack","Streamline"],"picked":"Compile Driver","floor":2.0},{"not_picked":["Lockon","Hologram"],"picked":"Loop","floor":4.0},{"not_picked":["Undo","Blizzard"],"picked":"Barrage","floor":5.0},{"not_picked":["Static Discharge","Beam Cell"],"picked":"Electrodynamics","floor":8.0},{"not_picked":["Redo","Heatsinks"],"picked":"Capacitor","floor":10.0},{"not_picked":["Beam Cell","Streamline","Compile Driver"],"picked":"SKIP","floor":11.0},{"not_picked":["Skim","Redo"],"picked":"Stack","floor":13.0},{"not_picked":["Echo Form","Hyperbeam"],"picked":"Core Surge","floor":16.0},{"not_picked":["Gash","Static Discharge"],"picked":"Conserve Battery","floor":18.0},{"not_picked":["Tempest","Streamline"],"picked":"Compile Driver","floor":21.0},{"not_picked":["Buffer","Melter"],"picked":"Double Energy","floor":24.0},{"not_picked":["Beam Cell","Leap","Ball Lightning+1"],"picked":"SKIP","floor":27.0},{"not_picked":["Beam Cell","Hello World"],"picked":"Glacier","floor":29.0},{"not_picked":["Reprogram","Sweeping Beam"],"picked":"Self Repair","floor":30.0},{"not_picked":["Lockon","Genetic Algorithm"],"picked":"Coolheaded","floor":31.0},{"not_picked":["Double Energy","Compile Driver"],"picked":"Reinforced Body","floor":35.0},{"not_picked":["Steam Power","Rebound"],"picked":"Undo","floor":36.0},{"not_picked":["Stack","Storm","Self Repair"],"picked":"SKIP","floor":38.0},{"not_picked":["Go for the Eyes","Cold Snap+1","Double Energy"],"picked":"SKIP","floor":41.0},{"not_picked":["Chaos+1","Hologram"],"picked":"FTL+1","floor":42.0},{"not_picked":["Rip and Tear","Stack"],"picked":"Coolheaded+1","floor":44.0},{"not_picked":["Glacier","Sweeping Beam"],"picked":"Force Field+1","floor":47.0},{"not_picked":["Streamline","Steam"],"picked":"Core Surge","floor":48.0},{"not_picked":["Streamline+1","Cold Snap"],"picked":"Hologram","floor":55.0}],"player_experience":547428,"relics_obtained":[{"floor":8.0,"key":"FossilizedHelix"},{"floor":9.0,"key":"StrikeDummy"},{"floor":11.0,"key":"Akabeko"},{"floor":24.0,"key":"Centennial Puzzle"},{"floor":30.0,"key":"Letter Opener"},{"floor":41.0,"key":"Kunai"},{"floor":47.0,"key":"Toy Ornithopter"},{"floor":55.0,"key":"Bronze Scales"}],"event_choices":[{"damage_healed":0.0,"max_hp_gain":0.0,"max_hp_loss":0.0,"gold_gain":50.0,"event_name":"Golden Shrine","player_choice":"Pray","floor":7.0,"gold_loss":0.0,"damage_taken":0.0},{"damage_healed":17.0,"max_hp_gain":0.0,"max_hp_loss":0.0,"gold_gain":0.0,"event_name":"The Cleric","player_choice":"Healed","floor":12.0,"gold_loss":35.0,"damage_taken":0.0},{"damage_healed":0.0,"max_hp_gain":0.0,"max_hp_loss":0.0,"gold_gain":0.0,"cards_transformed":["Zap","Strike_B"],"event_name":"Drug Dealer","player_choice":"Became Test Subject","floor":19.0,"gold_loss":0.0,"damage_taken":0.0,"cards_obtained":["Biased Cognition","Storm"]},{"damage_healed":0.0,"max_hp_gain":0.0,"max_hp_loss":0.0,"gold_gain":50.0,"event_name":"Golden Shrine","player_choice":"Pray","floor":20.0,"gold_loss":0.0,"damage_taken":0.0},{"damage_healed":0.0,"max_hp_gain":0.0,"max_hp_loss":0.0,"gold_gain":0.0,"event_name":"Upgrade Shrine","player_choice":"Upgraded","floor":22.0,"gold_loss":0.0,"damage_taken":0.0,"cards_upgraded":["Loop"]},{"damage_healed":0.0,"max_hp_gain":0.0,"max_hp_loss":4.0,"gold_gain":0.0,"event_name":"Winding Halls","player_choice":"Max HP","floor":37.0,"gold_loss":0.0,"damage_taken":0.0},{"damage_healed":0.0,"max_hp_gain":0.0,"max_hp_loss":0.0,"gold_gain":0.0,"event_name":"Mysterious Sphere","player_choice":"Ignored","floor":39.0,"gold_loss":0.0,"damage_taken":0.0},{"damage_healed":0.0,"max_hp_gain":0.0,"max_hp_loss":0.0,"gold_gain":0.0,"event_name":"SensoryStone","player_choice":"Memory 1","floor":45.0,"gold_loss":0.0,"damage_taken":0.0}],"is_beta":false,"boss_relics":[{"not_picked":["Philosopher\u0027s Stone","Runic Dome"],"picked":"Astrolabe"},{"not_picked":["Nuclear Battery","SacredBark"],"picked":"Cursed Key"}],"items_purged_floors":[14,46],"is_endless":false,"potions_floor_spawned":[4,8,11,18,27,30,31,36,41,48],"killed_by":"The Heart","ascension_level":20}}