{"host":"4axoa1rfjgnprp9l","time":1611324170,"event":{"mods":["2.2 Compatiblity","AchievementEnabler","BaseMod","Colored Map","DeckTracker","Highlight Path","Minty Spire (QoL Compilation)","Permanent Neow","StSLib","SuperFastMode"],"gold_per_floor":[16,16,29,50,74,74,93,93,117,117,141,171,200,229,229,325,325,348,273,188,238,272,272,272,272],"floor_reached":24,"language":"KOR","playtime":8315,"items_purged":["Strike_G"],"score":384,"play_id":"6dafaf3c-fec7-46f2-9ed9-d5bdb8b9b667","local_time":"20210122230250","is_ascension_mode":true,"campfire_choices":[{"data":"Flechettes","floor":6.0,"key":"SMITH"},{"floor":8.0,"key":"REST"},{"data":"Footwork","floor":15.0,"key":"SMITH"},{"data":"Underhanded Strike","floor":23.0,"key":"SMITH"}],"circlet_count":0,"master_deck":["AscendersBane","Strike_G","Defend_G","Defend_G","Defend_G","Defend_G","Defend_G","Survivor","Neutralize","Malaise","Underhanded Strike+1","Dagger Spray","Tactician","Flechettes+1","Acrobatics","Well Laid Plans","Leg Sweep","Blur","Footwork+1","Reflex"],"relics":["Ring of the Snake","Golden Idol","CeramicFish","HoveringKite","Blood Vial"],"acts_visited":["Exordium","TheCity"],"potions_floor_usage":[],"damage_taken":[{"damage":0.0,"enemies":"Small Slimes","floor":1.0,"turns":5.0},{"damage":1.0,"enemies":"2 Louse","floor":3.0,"turns":4.0},{"damage":0.0,"enemies":"Jaw Worm","floor":4.0,"turns":5.0},{"damage":15.0,"enemies":"Red Slaver","floor":5.0,"turns":7.0},{"damage":25.0,"enemies":"Large Slime","floor":7.0,"turns":8.0},{"damage":2.0,"enemies":"3 Louse","floor":11.0,"turns":3.0},{"damage":0.0,"enemies":"Exordium Wildlife","floor":12.0,"turns":4.0},{"damage":5.0,"enemies":"Gremlin Gang","floor":13.0,"turns":4.0},{"damage":3.0,"enemies":"Looter","floor":14.0,"turns":4.0},{"damage":18.0,"enemies":"The Guardian","floor":16.0,"turns":18.0},{"damage":2.0,"enemies":"Shell Parasite","floor":18.0,"turns":13.0},{"damage":3.0,"enemies":"Spheric Guardian","floor":22.0,"turns":8.0},{"damage":51,"enemies":"Slavers","floor":24,"turns":7}],"seed_played":"-3689574917371366350","potions_obtained":[{"floor":1.0,"key":"Weak Potion"},{"floor":4.0,"key":"DistilledChaos"},{"floor":5.0,"key":"Block Potion"},{"floor":13.0,"key":"AttackPotion"},{"floor":18.0,"key":"GamblersBrew"},{"floor":22.0,"key":"Dexterity Potion"}],"is_trial":false,"path_per_floor":["M","?","M","M","M","R","M","R","T","?","M","M","M","M","R","B",null,"M","$","?","?","M","R","E"],"character_chosen":"THE_SILENT","items_purchased":[],"campfire_rested":1,"item_purchase_floors":[],"current_hp_per_floor":[59,59,58,58,43,43,18,36,36,36,34,34,29,26,26,8,47,45,45,45,39,38,38,0,0],"gold":272,"neow_bonus":"TRANSFORM_TWO_CARDS","is_daily":false,"chose_seed":false,"campfire_upgraded":3,"win_rate":0.0,"timestamp":1611324170,"path_taken":["M","?","M","M","M","R","M","R","T","?","M","M","M","M","R","BOSS","M","$","?","?","?","R","E"],"items_purchased_type":[],"build_version":"2020-12-22","purchased_purges":1,"victory":false,"max_hp_per_floor":[66,60,60,60,60,60,60,60,60,60,60,60,60,60,60,60,60,60,60,60,60,60,60,60,60],"card_choices":[{"not_picked":["Skewer","Cloak And Dagger"],"picked":"Dagger Spray","floor":1.0},{"not_picked":["Accuracy","Backflip"],"picked":"Tactician","floor":3.0},{"not_picked":["Slice","Deflect"],"picked":"Flechettes","floor":4.0},{"not_picked":["Dagger Spray","Slice"],"picked":"Acrobatics","floor":5.0},{"not_picked":["Dodge and Roll","Outmaneuver"],"picked":"Well Laid Plans","floor":7.0},{"not_picked":["Dagger Throw","Quick Slash","Setup"],"picked":"SKIP","floor":11.0},{"not_picked":["Noxious Fumes","Terror"],"picked":"Leg Sweep","floor":12.0},{"not_picked":["Underhanded Strike","Poisoned Stab"],"picked":"Blur","floor":13.0},{"not_picked":["Dagger Throw","Underhanded Strike"],"picked":"Footwork","floor":14.0},{"not_picked":["Bane","Dagger Spray","Slice"],"picked":"SKIP","floor":18.0},{"not_picked":["Quick Slash","Dagger Spray"],"picked":"Reflex","floor":22.0}],"player_experience":896622,"relics_obtained":[{"floor":9.0,"key":"CeramicFish"}],"event_choices":[{"damage_healed":0.0,"max_hp_gain":0.0,"max_hp_loss":6.0,"gold_gain":0.0,"event_name":"Golden Idol","player_choice":"Lose Max HP","floor":2.0,"gold_loss":0.0,"damage_taken":0.0,"relics_obtained":["Golden Idol"]},{"cards_removed":["Strike_G"],"damage_healed":0.0,"max_hp_gain":0.0,"max_hp_loss":0.0,"gold_gain":0.0,"event_name":"Living Wall","player_choice":"Forget","floor":10.0,"gold_loss":0.0,"damage_taken":0.0},{"damage_healed":0.0,"max_hp_gain":0.0,"max_hp_loss":0.0,"gold_gain":0.0,"event_name":"Addict","player_choice":"Obtained Relic","floor":20.0,"gold_loss":85.0,"damage_taken":0.0,"relics_obtained":["Blood Vial"]},{"damage_healed":0.0,"max_hp_gain":0.0,"max_hp_loss":0.0,"gold_gain":50.0,"event_name":"FaceTrader","player_choice":"Touch","floor":21.0,"gold_loss":0.0,"damage_taken":6.0}],"is_beta":false,"boss_relics":[{"not_picked":["Ring of the Serpent","Astrolabe"],"picked":"HoveringKite"}],"items_purged_floors":[19],"is_endless":false,"potions_floor_spawned":[1,4,5,12,13,18,22],"killed_by":"Slavers","ascension_level":20}}