{"host":"4cz9gr89nglr7k8k","time":1611342496,"event":{"mods":["BaseMod","Minty Spire (QoL Compilation)","Relic Stats","Slay-I"],"gold_per_floor":[113,113,133,3,19,19,19,19,19,34,50,91,107,3,3,98,98,122,122,122,135,135,135,135],"floor_reached":23,"language":"DEU","playtime":605,"items_purged":["Injury"],"score":382,"play_id":"f71747c0-ead5-46e8-923b-80acde0ff557","local_time":"20210122200816","is_ascension_mode":true,"campfire_choices":[{"floor":6,"key":"REST"},{"floor":15,"key":"REST"}],"circlet_count":0,"master_deck":["AscendersBane","Strike_R+1","Strike_R+1","Defend_R+1","Defend_R+1","Defend_R+1","Bash","Clothesline","Clash","Metallicize","Thunderclap","Clothesline","Juggernaut","Twin Strike","Demon Form","Wild Strike","Twin Strike","Flex","Berserk","Barricade+1","Perfected Strike+1","Whirlwind+1","Shockwave","Pummel"],"relics":["Burning Blood","NlothsMask","Golden Idol","Nunchaku","Astrolabe","MutagenicStrength"],"acts_visited":["Exordium","TheCity"],"potions_floor_usage":[12,16,18],"damage_taken":[{"damage":29,"enemies":"Jaw Worm","floor":1,"turns":4},{"damage":4,"enemies":"Cultist","floor":3,"turns":3},{"damage":2,"enemies":"2 Louse","floor":5,"turns":3},{"damage":56,"enemies":"Exordium Thugs","floor":10,"turns":5},{"damage":17,"enemies":"Blue Slaver","floor":11,"turns":4},{"damage":23,"enemies":"3 Sentries","floor":12,"turns":7},{"damage":6,"enemies":"Large Slime","floor":13,"turns":6},{"damage":36,"enemies":"The Guardian","floor":16,"turns":9},{"damage":27,"enemies":"3 Byrds","floor":18,"turns":4},{"damage":28,"enemies":"Shell Parasite","floor":21,"turns":4},{"damage":29,"enemies":"Slavers","floor":23,"turns":1}],"seed_played":"-7739809011462123350","potions_obtained":[{"floor":10,"key":"Regen Potion"},{"floor":12,"key":"Swift Potion"},{"floor":13,"key":"Fire Potion"},{"floor":21,"key":"FearPotion"}],"is_trial":false,"path_per_floor":["M","?","M","$","M","R","?","?","T","M","M","E","M","$","R","B",null,"M","?","?","M","?","E"],"character_chosen":"IRONCLAD","items_purchased":["Metallicize","Thunderclap","Flex"],"campfire_rested":2,"item_purchase_floors":[4,4,14],"current_hp_per_floor":[52,52,54,54,58,82,82,82,82,32,21,19,19,19,43,13,65,44,44,44,22,22,0,0],"gold":135,"neow_bonus":"TEN_PERCENT_HP_BONUS","is_daily":false,"chose_seed":false,"campfire_upgraded":0,"win_rate":0.0,"timestamp":1611342496,"path_taken":["M","?","M","?","M","R","?","?","T","M","?","E","M","$","R","BOSS","M","?","?","M","?","E"],"items_purchased_type":["Card","Card","Card"],"build_version":"2020-12-22","purchased_purges":1,"victory":false,"max_hp_per_floor":[82,82,82,82,82,82,82,82,82,82,82,82,82,82,82,82,82,82,82,82,82,82,82,82],"relic_stats":{"Nunchaku":[3],"counters":[11,50],"Golden Idol":44,"Astrolabe":["Barricade","Perfected Strike","Whirlwind"],"obtain_stats":[{"Nunchaku":12,"Golden Idol":7,"Astrolabe":17,"MutagenicStrength":20,"Burning Blood":0,"NlothsMask":2},{"Nunchaku":6,"Golden Idol":3,"Astrolabe":8,"MutagenicStrength":9,"Burning Blood":0,"NlothsMask":1},{"Nunchaku":26,"Golden Idol":10,"Astrolabe":41,"MutagenicStrength":45,"Burning Blood":0,"NlothsMask":4}],"Burning Blood":60},"card_choices":[{"not_picked":["Shrug It Off","Havoc"],"picked":"Clothesline","floor":1},{"not_picked":["Perfected Strike","Flex"],"picked":"Clash","floor":3},{"not_picked":["Havoc","Warcry"],"picked":"Clothesline","floor":5},{"not_picked":["Seeing Red","Anger"],"picked":"Twin Strike","floor":10},{"not_picked":["Sentinel","Power Through"],"picked":"Demon Form","floor":11},{"not_picked":["Second Wind","Hemokinesis"],"picked":"Wild Strike","floor":12},{"not_picked":["Reckless Charge","Entrench"],"picked":"Twin Strike","floor":13},{"not_picked":["Exhume","Offering"],"picked":"Berserk","floor":16},{"not_picked":["Thunderclap","Armaments"],"picked":"Shockwave","floor":18},{"not_picked":["Clothesline","Flex"],"picked":"Pummel","floor":21}],"player_experience":1514971,"relics_obtained":[{"floor":12,"key":"Nunchaku"}],"event_choices":[{"damage_healed":0,"gold_gain":0,"player_choice":"Trade","damage_taken":0,"relics_obtained":["NlothsMask"],"max_hp_gain":0,"max_hp_loss":0,"event_name":"FaceTrader","floor":2,"gold_loss":0},{"damage_healed":0,"gold_gain":0,"player_choice":"Take Wound","damage_taken":0,"relics_obtained":["Golden Idol"],"max_hp_gain":0,"max_hp_loss":0,"event_name":"Golden Idol","floor":7,"gold_loss":0,"cards_obtained":["Injury"]},{"damage_healed":0,"gold_gain":0,"cards_transformed":["Strike_R"],"player_choice":"Transformed","damage_taken":0,"max_hp_gain":0,"max_hp_loss":0,"event_name":"Transmorgrifier","floor":8,"gold_loss":0,"cards_obtained":["Juggernaut"]},{"damage_healed":0,"gold_gain":0,"player_choice":"Ignored","damage_taken":0,"max_hp_gain":0,"max_hp_loss":0,"event_name":"Cursed Tome","floor":19,"gold_loss":0},{"damage_healed":0,"gold_gain":0,"player_choice":"Inject Mutagens","damage_taken":0,"relics_obtained":["MutagenicStrength"],"max_hp_gain":0,"max_hp_loss":0,"event_name":"Drug Dealer","floor":20,"gold_loss":0},{"damage_healed":0,"gold_gain":0,"player_choice":"Simplicity","damage_taken":0,"max_hp_gain":0,"max_hp_loss":0,"event_name":"Back to Basics","floor":22,"gold_loss":0,"cards_upgraded":["Strike_R","Strike_R","Defend_R","Defend_R","Defend_R"]}],"is_beta":false,"boss_relics":[{"not_picked":["SacredBark","Ectoplasm"],"picked":"Astrolabe"}],"items_purged_floors":[14],"is_endless":false,"potions_floor_spawned":[10,12,13,21],"killed_by":"Slavers","ascension_level":20}}