{"host":"4rtn89y1rk8bswvs","time":1611315596,"event":{"mods":["BaseMod","Colored Powertips","HololiveMod","Minty Spire (QoL Compilation)","Prisma Mod","Quick Restart","Reimu£®≤©¿ˆ¡È√Œ£©","StSLib","The Gatherer","Yakumo Yukari mod","Youmu£®ªÍ∆«—˝√Œ£©","Yuyuko"],"gold_per_floor":[116,41,60,60,60,90,90,15,15,15,15,27,45,59,59,160,160,172,172,183,203,221,221,238,238,263,263,263],"floor_reached":27,"language":"ZHS","playtime":989,"items_purged":["Regret"],"score":240,"play_id":"34d272ba-4c5b-4902-ae2d-7d3eed0b88b0","local_time":"20210122193956","is_ascension_mode":false,"campfire_choices":[{"data":"OctopathBindingBorder2:ReiMu","floor":10.0,"key":"SMITH"},{"data":"LovePray:ReiMu","floor":15.0,"key":"SMITH"},{"data":"SafetyPray:ReiMu","floor":23.0,"key":"SMITH"}],"circlet_count":0,"master_deck":["Strike_Lin:ReiMu","Strike_Lin:ReiMu","Strike_Lin:ReiMu","Strike_Lin:ReiMu","Defend_Lin:ReiMu+1","Defend_Lin:ReiMu+1","Defend_Lin:ReiMu","Defend_Lin:ReiMu","NB:ReiMu+1","Stagnation:ReiMu","Enchanting:ReiMu","SpringWay:ReiMu","OctopathBindingBorder2:ReiMu+1","LovePray:ReiMu+1","LovePray:ReiMu","SpiritualOutbreak2:ReiMu+1","Authority:ReiMu","Mountainwind:ReiMu","NB:ReiMu+1","Conquer:ReiMu+1","SafetyPray:ReiMu+1","PayForSelf:ReiMu+1","SpreadBorder2:ReiMu","MikOfLucky:ReiMu"],"relics":["FlyPower:ReiMu","NeowsBlessing","Molten Egg 2","InkBottle","Mastiff:ReiMu","Gremlin Horn","Runic Pyramid","Centennial Puzzle"],"acts_visited":["Exordium","TheCity"],"potions_floor_usage":[27,27,27],"damage_taken":[{"damage":0.0,"enemies":"Small Slimes","floor":1.0,"turns":1.0},{"damage":0.0,"enemies":"Cultist","floor":3.0,"turns":1.0},{"damage":0.0,"enemies":"Gremlin Nob","floor":6.0,"turns":1.0},{"damage":7.0,"enemies":"Jaw Worm","floor":12.0,"turns":4.0},{"damage":0.0,"enemies":"Looter","floor":13.0,"turns":5.0},{"damage":2.0,"enemies":"2 Fungi Beasts","floor":14.0,"turns":6.0},{"damage":6.0,"enemies":"Hexaghost","floor":16.0,"turns":9.0},{"damage":5.0,"enemies":"3 Byrds","floor":18.0,"turns":5.0},{"damage":2.0,"enemies":"Spheric Guardian","floor":20.0,"turns":6.0},{"damage":5.0,"enemies":"Chosen and Byrds","floor":21.0,"turns":6.0},{"damage":8.0,"enemies":"Snecko","floor":22.0,"turns":6.0},{"damage":1,"enemies":"Snake Plant","floor":24,"turns":4},{"damage":77,"enemies":"3 Cultists","floor":27,"turns":5}],"seed_played":"3625804419827244882","potions_obtained":[{"floor":3.0,"key":"LiquidBronze"},{"floor":12.0,"key":"LiquidFlight:ReiMu"},{"floor":14.0,"key":"Regen Potion"},{"floor":18.0,"key":"Strength Potion"},{"floor":22.0,"key":"Regen Potion"}],"is_trial":false,"path_per_floor":["M","?","M","?","?","E","?","$","T","R","$","M","M","M","R","B",null,"M","?","M","M","M","R","M","?","T","M"],"character_chosen":"REIMU","items_purchased":[],"campfire_rested":0,"item_purchase_floors":[],"current_hp_per_floor":[65,65,65,65,52,52,52,52,52,52,52,45,45,43,43,37,65,60,60,58,53,45,45,44,44,44,0,0],"gold":263,"neow_bonus":"THREE_ENEMY_KILL","is_daily":false,"chose_seed":false,"campfire_upgraded":3,"win_rate":0.0,"timestamp":1611315596,"path_taken":["M","?","?","?","?","E","?","$","T","R","?","M","M","?","R","BOSS","M","?","M","M","M","R","?","?","T","M"],"items_purchased_type":[],"build_version":"2020-12-22","purchased_purges":1,"victory":false,"max_hp_per_floor":[65,65,65,65,65,65,65,65,65,65,65,65,65,65,65,65,65,65,65,65,65,65,65,65,65,65,65,65],"card_choices":[{"not_picked":["AlertArray:ReiMu","Intuition:ReiMu"],"picked":"Enchanting:ReiMu","floor":1.0},{"not_picked":["PhosphorusFlame:ReiMu","KamiSacrifice:ReiMu"],"picked":"SpringWay:ReiMu","floor":3.0},{"not_picked":["SealNeedle:ReiMu+1","InherentArray:ReiMu"],"picked":"OctopathBindingBorder2:ReiMu","floor":6.0},{"not_picked":["OrbThrow:ReiMu+1","TightArray:ReiMu+1"],"picked":"LovePray:ReiMu","floor":12.0},{"not_picked":["FantasyBorder:ReiMu","BarrageOfMoneybags:ReiMu+1"],"picked":"LovePray:ReiMu","floor":13.0},{"not_picked":["Intuition:ReiMu","UniversalSpiritual:ReiMu"],"picked":"SpiritualOutbreak2:ReiMu+1","floor":14.0},{"not_picked":["CleanRite:ReiMu","CeremonyResonance:ReiMu"],"picked":"Authority:ReiMu","floor":16.0},{"not_picked":["FantasyBorder:ReiMu","SpringWay:ReiMu"],"picked":"Mountainwind:ReiMu","floor":18.0},{"not_picked":["EmergencyTakeOff:ReiMu+1","ShadowOfCrow2:ReiMu"],"picked":"Conquer:ReiMu+1","floor":20.0},{"not_picked":["Meditation:ReiMu","UpKicking:ReiMu+1"],"picked":"SafetyPray:ReiMu","floor":21.0},{"not_picked":["SafetyPray:ReiMu","Intuition:ReiMu"],"picked":"PayForSelf:ReiMu+1","floor":22.0},{"not_picked":["Meditation:ReiMu+1","ShadowOfCrow2:ReiMu"],"picked":"SpreadBorder2:ReiMu","floor":24}],"player_experience":85263,"relics_obtained":[{"floor":6.0,"key":"InkBottle"},{"floor":9.0,"key":"Gremlin Horn"},{"floor":26,"key":"Centennial Puzzle"}],"event_choices":[{"damage_healed":0.0,"max_hp_gain":0.0,"max_hp_loss":0.0,"gold_gain":0.0,"event_name":"WeMeetAgain","player_choice":"Paid Gold","floor":2.0,"gold_loss":75.0,"damage_taken":0.0,"relics_obtained":["Molten Egg 2"]},{"damage_healed":0.0,"max_hp_gain":0.0,"max_hp_loss":0.0,"gold_gain":0.0,"event_name":"Living Wall","player_choice":"Grow","floor":4.0,"gold_loss":0.0,"damage_taken":0.0,"cards_upgraded":["NB:ReiMu"]},{"damage_healed":0.0,"max_hp_gain":0.0,"max_hp_loss":0.0,"gold_gain":0.0,"event_name":"Shining Light","player_choice":"Entered Light","floor":5.0,"gold_loss":0.0,"damage_taken":13.0,"cards_upgraded":["Defend_Lin:ReiMu","Defend_Lin:ReiMu"]},{"damage_healed":0.0,"max_hp_gain":0.0,"max_hp_loss":0.0,"gold_gain":0.0,"event_name":"Big Fish","player_choice":"Box","floor":7.0,"gold_loss":0.0,"damage_taken":0.0,"relics_obtained":["Mastiff:ReiMu"],"cards_obtained":["Regret"]},{"damage_healed":0.0,"max_hp_gain":0.0,"max_hp_loss":0.0,"gold_gain":0.0,"event_name":"Duplicator","player_choice":"Copied","floor":19.0,"gold_loss":0.0,"damage_taken":0.0,"cards_obtained":["NB:ReiMu"]},{"damage_healed":0,"gold_gain":0,"player_choice":"Read","damage_taken":0,"max_hp_gain":0,"max_hp_loss":0,"event_name":"The Library","floor":25,"gold_loss":0,"cards_obtained":["MikOfLucky:ReiMu"]}],"is_beta":false,"boss_relics":[{"not_picked":["Sozu","Busted Crown"],"picked":"Runic Pyramid"}],"items_purged_floors":[8],"is_endless":false,"potions_floor_spawned":[3,12,14,18,21,22],"killed_by":"3 Cultists","ascension_level":0}}