{"host":"f6f8cjhjgha9mpdq","time":1611334210,"event":{"mods":["BaseMod","Minty Spire (QoL Compilation)","Permanent Neow","StSLib","SuperFastMode"],"gold_per_floor":[117,127,139,64,164,197,197,208,262,294,311,341,353,353,353,458,458,476,476,488,587,338,338,350,378,378,406,406,424,424,444,444,543,543,554,572,620,314,328,357,376,376,431,431,431,431,142,155,155,155,155,155,6,40,40],"floor_reached":56,"language":"KOR","playtime":2295,"items_purged":["Strike_R","Bite","Bite"],"score":1262,"play_id":"67deaed8-aced-4e56-ad1a-3ea0782a3c6f","local_time":"20210123015010","is_ascension_mode":false,"campfire_choices":[{"data":"Heavy Blade","floor":7,"key":"SMITH"},{"data":"Seeing Red","floor":15,"key":"SMITH"},{"data":"Pommel Strike","floor":23,"key":"SMITH"},{"data":"Bash","floor":32,"key":"SMITH"},{"data":"Immolate","floor":42,"key":"SMITH"},{"data":"Impervious","floor":44,"key":"SMITH"},{"floor":46,"key":"RECALL"},{"data":"Reaper","floor":49,"key":"SMITH"},{"data":"Bite","floor":52,"key":"SMITH"}],"circlet_count":0,"master_deck":["Defend_R","Defend_R","Defend_R","Defend_R","Bash+1","Shockwave+1","Heavy Blade+1","Seeing Red+1","Reaper+1","Bite","Bite+1","Bite","Pommel Strike+1","Impervious+1","Corruption","Shrug It Off+1","Dark Embrace","Immolate+1","Shrug It Off","Evolve+1","Whirlwind+1"],"relics":["Burning Blood","FossilizedHelix","Pantograph","Lantern","Vajra","Singing Bowl","Snecko Eye","Strawberry","Champion Belt","HornCleat","Centennial Puzzle","Runic Dome","Frozen Egg 2","Omamori","Ornamental Fan","TheAbacus","Orichalcum"],"acts_visited":["Exordium","TheCity","TheBeyond","TheEnding"],"potions_floor_usage":[6,10,12,16,16,25,27,33,39,55,55],"damage_taken":[{"damage":0,"enemies":"Cultist","floor":1,"turns":3},{"damage":0,"enemies":"2 Louse","floor":2,"turns":4},{"damage":0,"enemies":"Jaw Worm","floor":3,"turns":3},{"damage":52,"enemies":"3 Sentries","floor":6,"turns":12},{"damage":0,"enemies":"2 Fungi Beasts","floor":8,"turns":4},{"damage":41,"enemies":"Lagavulin","floor":10,"turns":10},{"damage":3,"enemies":"Red Slaver","floor":11,"turns":5},{"damage":0,"enemies":"Gremlin Nob","floor":12,"turns":3},{"damage":13,"enemies":"Exordium Wildlife","floor":13,"turns":6},{"damage":39,"enemies":"The Guardian","floor":16,"turns":12},{"damage":2,"enemies":"Shell Parasite","floor":18,"turns":5},{"damage":24,"enemies":"2 Thieves","floor":20,"turns":4},{"damage":35,"enemies":"Sentry and Sphere","floor":24,"turns":6},{"damage":10,"enemies":"Book of Stabbing","floor":25,"turns":5},{"damage":38,"enemies":"Slavers","floor":27,"turns":12},{"damage":0,"enemies":"Snake Plant","floor":29,"turns":3},{"damage":18,"enemies":"Chosen and Byrds","floor":31,"turns":7},{"damage":48,"enemies":"Automaton","floor":33,"turns":10},{"damage":0,"enemies":"3 Darklings","floor":35,"turns":5},{"damage":0,"enemies":"Orb Walker","floor":36,"turns":3},{"damage":11,"enemies":"Writhing Mass","floor":39,"turns":3},{"damage":53,"enemies":"Giant Head","floor":40,"turns":8},{"damage":0,"enemies":"4 Shapes","floor":41,"turns":3},{"damage":0,"enemies":"3 Darklings","floor":48,"turns":2},{"damage":55,"enemies":"Donu and Deca","floor":50,"turns":7},{"damage":10,"enemies":"Shield and Spear","floor":54,"turns":4},{"damage":99,"enemies":"The Heart","floor":55,"turns":11}],"seed_played":"-4985383943410504714","potions_obtained":[{"floor":1,"key":"DuplicationPotion"},{"floor":2,"key":"Regen Potion"},{"floor":10,"key":"Block Potion"},{"floor":11,"key":"Swift Potion"},{"floor":13,"key":"Strength Potion"},{"floor":16,"key":"Fruit Juice"},{"floor":25,"key":"SkillPotion"},{"floor":29,"key":"SkillPotion"},{"floor":31,"key":"Strength Potion"},{"floor":35,"key":"DuplicationPotion"},{"floor":48,"key":"SpeedPotion"},{"floor":54,"key":"Explosive Potion"}],"is_trial":false,"path_per_floor":["M","M","M","$","?","E","R","M","T","E","M","E","M","?","R","B",null,"M","?","M","?","$","R","M","E","T","E","?","M","?","M","R","B",null,"M","M","T","$","M","E","M","R","T","R","?","R","$","M","R","B",null,"R","$","E","B",null],"character_chosen":"IRONCLAD","items_purchased":["Strawberry","Dark Embrace","Immolate","Evolve+1","Ornamental Fan","TheAbacus"],"campfire_rested":0,"item_purchase_floors":[22,38,38,47,47,53],"current_hp_per_floor":[62,68,74,74,74,43,43,49,49,14,17,25,18,18,18,10,82,84,58,55,55,62,62,47,63,63,55,55,76,76,74,74,58,78,80,80,80,80,77,41,74,74,74,74,84,84,84,84,84,54,84,84,84,86,26],"gold":40,"neow_bonus":"ONE_RARE_RELIC","is_daily":false,"chose_seed":false,"campfire_upgraded":8,"win_rate":0.0,"timestamp":1611334210,"path_taken":["M","M","M","?","?","E","R","?","T","E","M","E","M","?","R","BOSS","M","?","M","?","$","R","M","E","T","E","?","M","?","M","R","BOSS","M","M","?","$","M","E","M","R","T","R","?","R","?","?","R","BOSS","R","$","E","BOSS"],"items_purchased_type":["Relic","Card","Card","Card","Relic","Relic"],"build_version":"2020-12-22","purchased_purges":3,"victory":true,"max_hp_per_floor":[80,80,80,80,80,80,80,80,80,80,80,82,82,82,82,82,82,84,58,58,58,65,65,67,72,72,74,74,76,76,78,78,78,78,80,80,80,80,82,82,84,84,84,84,84,84,84,84,84,84,84,84,84,86,86],"card_choices":[{"not_picked":["Blood for Blood","Thunderclap","Headbutt"],"picked":"SKIP","floor":1},{"not_picked":["Rupture","Wild Strike","Infernal Blade"],"picked":"SKIP","floor":2},{"not_picked":["True Grit","Havoc"],"picked":"Shockwave","floor":3},{"not_picked":["Whirlwind","Juggernaut"],"picked":"Heavy Blade","floor":6},{"not_picked":["Feel No Pain","Combust","True Grit"],"picked":"SKIP","floor":8},{"not_picked":["Warcry","True Grit","Uppercut"],"picked":"SKIP","floor":10},{"not_picked":["Dark Embrace","Fire Breathing","Wild Strike"],"picked":"SKIP","floor":11},{"not_picked":["Hemokinesis","Flex","Dark Embrace"],"picked":"Singing Bowl","floor":12},{"not_picked":["Body Slam","Sword Boomerang"],"picked":"Seeing Red","floor":13},{"not_picked":["Fiend Fire","Double Tap"],"picked":"Reaper","floor":16},{"not_picked":["Sentinel+1","Feel No Pain+1","Body Slam"],"picked":"Singing Bowl","floor":18},{"not_picked":["Cleave","Pummel+1"],"picked":"Pommel Strike","floor":20},{"not_picked":["Disarm","Feel No Pain","Ghostly Armor"],"picked":"Singing Bowl","floor":24},{"not_picked":["Disarm","Armaments+1"],"picked":"Impervious","floor":25},{"not_picked":["Reckless Charge","True Grit","Sword Boomerang+1"],"picked":"Singing Bowl","floor":27},{"not_picked":["Entrench","Clothesline","Clash+1"],"picked":"Singing Bowl","floor":29},{"not_picked":["Dropkick","Body Slam","Headbutt"],"picked":"Singing Bowl","floor":31},{"not_picked":["Barricade","Double Tap"],"picked":"Corruption","floor":33},{"not_picked":["Iron Wave+1","Rupture","Headbutt+1"],"picked":"Singing Bowl","floor":35},{"not_picked":["Twin Strike+1","Havoc"],"picked":"Shrug It Off+1","floor":36},{"not_picked":["Entrench","Armaments","Body Slam"],"picked":"Singing Bowl","floor":39},{"not_picked":["Seeing Red","Fire Breathing+1"],"picked":"Shrug It Off","floor":40},{"not_picked":["Clothesline","Shockwave+1","Blood for Blood"],"picked":"Singing Bowl","floor":41},{"not_picked":["Pommel Strike","Headbutt+1"],"picked":"Whirlwind+1","floor":48},{"not_picked":["Rage+1","Feed","Dual Wield"],"picked":"Singing Bowl","floor":54}],"player_experience":583163,"relics_obtained":[{"floor":6,"key":"Pantograph"},{"floor":9,"key":"Lantern"},{"floor":10,"key":"Vajra"},{"floor":12,"key":"Singing Bowl"},{"floor":25,"key":"Champion Belt"},{"floor":26,"key":"HornCleat"},{"floor":27,"key":"Centennial Puzzle"},{"floor":40,"key":"Frozen Egg 2"},{"floor":43,"key":"Omamori"},{"floor":54,"key":"Orichalcum"}],"event_choices":[{"damage_healed":0,"gold_gain":100,"player_choice":"Pray","damage_taken":0,"max_hp_gain":0,"max_hp_loss":0,"event_name":"Golden Shrine","floor":5,"gold_loss":0},{"damage_healed":0,"gold_gain":0,"player_choice":"Ignored","damage_taken":0,"max_hp_gain":0,"max_hp_loss":0,"event_name":"Liars Game","floor":14,"gold_loss":0},{"damage_healed":0,"gold_gain":0,"player_choice":"Became a vampire","damage_taken":0,"max_hp_gain":0,"max_hp_loss":26,"event_name":"Vampires","floor":19,"gold_loss":0,"cards_obtained":["Bite","Bite","Bite","Bite","Bite"]},{"damage_healed":0,"gold_gain":99,"player_choice":"Stole From Cult","damage_taken":0,"max_hp_gain":0,"max_hp_loss":0,"event_name":"Nest","floor":21,"gold_loss":0},{"damage_healed":0,"gold_gain":0,"player_choice":"Ignored","damage_taken":0,"max_hp_gain":0,"max_hp_loss":0,"event_name":"Ghosts","floor":28,"gold_loss":0},{"damage_healed":0,"gold_gain":0,"player_choice":"Upgraded","damage_taken":0,"max_hp_gain":0,"max_hp_loss":0,"event_name":"Upgrade Shrine","floor":30,"gold_loss":0,"cards_upgraded":["Shockwave"]},{"damage_healed":21,"gold_gain":0,"player_choice":"Writhe","damage_taken":0,"max_hp_gain":0,"max_hp_loss":0,"event_name":"Winding Halls","floor":45,"gold_loss":0,"cards_obtained":["Writhe"]}],"is_beta":false,"boss_relics":[{"not_picked":["Fusion Hammer","Ectoplasm"],"picked":"Snecko Eye"},{"not_picked":["Runic Pyramid","Empty Cage"],"picked":"Runic Dome"}],"items_purged_floors":[4,22,38],"is_endless":false,"potions_floor_spawned":[1,2,10,11,13,16,25,29,31,35,48,54],"ascension_level":0}}