{"host":"foq4mrde4mssg7vt","time":1611308664,"event":{"mods":["AchievementEnabler","BaseMod","Colored Map","Colored Powertips","Highlight Path","Minty Spire (QoL Compilation)","Relic Stats","everything is the same but u backflip on backflip"],"gold_per_floor":[112,132,132,132,155,196,24,48,128,128,147,147,147,188,188,286,286,309,309,324,84,99,99,114,133,133,133,45,79,79,79,79,79,79],"floor_reached":33,"language":"ENG","playtime":1110,"items_purged":["Strike_R"],"score":550,"play_id":"7c34bdfe-abcb-400d-9077-be3b6893f1e9","local_time":"20210122174424","is_ascension_mode":true,"campfire_choices":[{"data":"True Grit","floor":12.0,"key":"SMITH"},{"floor":15.0,"key":"REST"},{"data":"Burning Pact","floor":23.0,"key":"SMITH"},{"data":"Shockwave","floor":27.0,"key":"SMITH"},{"data":"Feel No Pain","floor":30,"key":"SMITH"},{"data":"Ghostly","floor":32,"key":"SMITH"}],"circlet_count":0,"master_deck":["AscendersBane","Strike_R","Strike_R","Strike_R","Strike_R","Defend_R","Defend_R","Defend_R","Defend_R","Bash","Spot Weakness","Twin Strike","Heavy Blade","Whirlwind+1","True Grit+1","Battle Trance","Demon Form","Reaper","Shrug It Off","Intimidate","Combust","Burning Pact+1","Flame Barrier","Shockwave+1","Feel No Pain+1","Shrug It Off","Ghostly+1","Ghostly","Ghostly"],"relics":["Burning Blood","Golden Idol","CaptainsWheel","Orrery","Letter Opener","Nunchaku","Philosopher\u0027s Stone","Centennial Puzzle","StrikeDummy","Paper Frog"],"acts_visited":["Exordium","TheCity"],"potions_floor_usage":[29],"damage_taken":[{"damage":21.0,"enemies":"Jaw Worm","floor":1.0,"turns":5.0},{"damage":19.0,"enemies":"Small Slimes","floor":2.0,"turns":5.0},{"damage":4.0,"enemies":"2 Louse","floor":5.0,"turns":2.0},{"damage":25.0,"enemies":"3 Sentries","floor":6.0,"turns":6.0},{"damage":7.0,"enemies":"2 Fungi Beasts","floor":8.0,"turns":3.0},{"damage":6.0,"enemies":"Looter","floor":11.0,"turns":3.0},{"damage":21.0,"enemies":"Gremlin Nob","floor":14.0,"turns":4.0},{"damage":40.0,"enemies":"Slime Boss","floor":16.0,"turns":8.0},{"damage":23.0,"enemies":"Chosen","floor":18.0,"turns":4.0},{"damage":23.0,"enemies":"2 Thieves","floor":20.0,"turns":3.0},{"damage":11.0,"enemies":"Centurion and Healer","floor":22.0,"turns":12.0},{"damage":36.0,"enemies":"Cultist and Chosen","floor":24.0,"turns":6.0},{"damage":27.0,"enemies":"3 Cultists","floor":25.0,"turns":4.0},{"damage":42,"enemies":"Gremlin Leader","floor":29,"turns":5},{"damage":42,"enemies":"Collector","floor":33,"turns":5}],"seed_played":"-8691245481724434823","potions_obtained":[{"floor":5.0,"key":"AttackPotion"},{"floor":6.0,"key":"SteroidPotion"},{"floor":14.0,"key":"Weak Potion"},{"floor":20.0,"key":"Regen Potion"},{"floor":25.0,"key":"Dexterity Potion"}],"is_trial":false,"path_per_floor":["M","M","?","?","M","E","$","M","T","?","M","R","?","E","R","B",null,"M","?","M","$","M","R","M","M","T","R","$","E","R","?","R","B"],"character_chosen":"IRONCLAD","items_purchased":["Orrery","Centennial Puzzle","Feel No Pain"],"campfire_rested":1,"item_purchase_floors":[7,21,28],"current_hp_per_floor":[60,47,47,47,49,30,30,29,29,53,53,53,53,38,60,26,62,45,45,46,46,61,61,45,42,42,42,42,55,55,37,37,0,0],"gold":79,"neow_bonus":"TEN_PERCENT_HP_BONUS","is_daily":false,"chose_seed":false,"campfire_upgraded":5,"win_rate":0.0,"timestamp":1611308664,"path_taken":["M","M","?","?","M","E","?","M","T","?","M","R","?","E","R","BOSS","M","?","M","$","M","R","M","M","T","R","$","E","R","?","R","BOSS"],"items_purchased_type":["Relic","Relic","Card"],"build_version":"2020-12-22","purchased_purges":1,"victory":false,"max_hp_per_floor":[82,82,74,74,74,74,74,74,74,74,74,74,74,74,74,74,74,74,74,74,74,74,74,74,74,74,74,74,74,74,37,37,37,37],"relic_stats":{"Nunchaku":[5],"Centennial Puzzle":[15],"counters":[15,75],"Golden Idol":75,"Letter Opener":[100],"obtain_stats":[{"CaptainsWheel":6,"Nunchaku":14,"Centennial Puzzle":21,"Golden Idol":3,"Orrery":7,"Philosopher\u0027s Stone":17,"Letter Opener":9,"StrikeDummy":26,"Burning Blood":0,"Paper Frog":29},{"CaptainsWheel":4,"Nunchaku":7,"Centennial Puzzle":10,"Golden Idol":2,"Orrery":4,"Philosopher\u0027s Stone":8,"Letter Opener":5,"StrikeDummy":13,"Burning Blood":0,"Paper Frog":14},{"CaptainsWheel":18,"Nunchaku":28,"Centennial Puzzle":43,"Golden Idol":10,"Orrery":18,"Philosopher\u0027s Stone":36,"Letter Opener":21,"StrikeDummy":65,"Burning Blood":0,"Paper Frog":70}],"Burning Blood":84},"card_choices":[{"not_picked":["Clash","Flex"],"picked":"Spot Weakness","floor":1.0},{"not_picked":["Wild Strike","Headbutt"],"picked":"Twin Strike","floor":2.0},{"not_picked":["Body Slam","Rage"],"picked":"Heavy Blade","floor":5.0},{"not_picked":["Rampage","Carnage"],"picked":"Whirlwind","floor":6.0},{"not_picked":["Thunderclap","Flex"],"picked":"True Grit","floor":7.0},{"not_picked":["Havoc","Heavy Blade"],"picked":"Battle Trance","floor":7.0},{"not_picked":["Cleave","Headbutt"],"picked":"Demon Form","floor":7.0},{"not_picked":["Pommel Strike","Warcry","Armaments"],"picked":"SKIP","floor":8.0},{"not_picked":["True Grit","Havoc","Wild Strike"],"picked":"SKIP","floor":11.0},{"not_picked":["Armaments","Whirlwind","Immolate"],"picked":"SKIP","floor":14.0},{"not_picked":["Limit Break","Fiend Fire"],"picked":"Reaper","floor":16.0},{"not_picked":["Armaments","Entrench"],"picked":"Shrug It Off","floor":18.0},{"not_picked":["Perfected Strike","True Grit"],"picked":"Combust","floor":20.0},{"not_picked":["Heavy Blade","True Grit"],"picked":"Burning Pact","floor":22.0},{"not_picked":["Warcry","Thunderclap"],"picked":"Flame Barrier","floor":24.0},{"not_picked":["Sever Soul","Evolve"],"picked":"Shockwave","floor":25.0},{"not_picked":["Pommel Strike+1","Rage"],"picked":"Shrug It Off","floor":29}],"player_experience":539519,"relics_obtained":[{"floor":6.0,"key":"CaptainsWheel"},{"floor":9.0,"key":"Letter Opener"},{"floor":14.0,"key":"Nunchaku"},{"floor":26.0,"key":"StrikeDummy"},{"floor":29,"key":"Paper Frog"}],"event_choices":[{"damage_healed":0.0,"max_hp_gain":0.0,"max_hp_loss":8.0,"gold_gain":0.0,"event_name":"Golden Idol","player_choice":"Lose Max HP","floor":3.0,"gold_loss":0.0,"damage_taken":0.0,"relics_obtained":["Golden Idol"]},{"damage_healed":0.0,"max_hp_gain":0.0,"max_hp_loss":0.0,"gold_gain":0.0,"event_name":"Shining Light","player_choice":"Ignored","floor":4.0,"gold_loss":0.0,"damage_taken":0.0},{"damage_healed":24.0,"max_hp_gain":0.0,"max_hp_loss":0.0,"gold_gain":0.0,"event_name":"Big Fish","player_choice":"Banana","floor":10.0,"gold_loss":0.0,"damage_taken":0.0},{"damage_healed":0.0,"max_hp_gain":0.0,"max_hp_loss":0.0,"gold_gain":0.0,"event_name":"Living Wall","player_choice":"Grow","floor":13.0,"gold_loss":0.0,"damage_taken":0.0,"cards_upgraded":["Whirlwind"]},{"damage_healed":0.0,"max_hp_gain":0.0,"max_hp_loss":0.0,"gold_gain":0.0,"event_name":"The Library","player_choice":"Read","floor":19.0,"gold_loss":0.0,"damage_taken":0.0,"cards_obtained":["Intimidate"]},{"damage_healed":0,"gold_gain":0,"player_choice":"Became a Ghost","damage_taken":0,"max_hp_gain":0,"max_hp_loss":37,"event_name":"Ghosts","floor":31,"gold_loss":0,"cards_obtained":["Ghostly","Ghostly","Ghostly"]}],"is_beta":false,"boss_relics":[{"not_picked":["Black Star","Busted Crown"],"picked":"Philosopher\u0027s Stone"}],"items_purged_floors":[21],"is_endless":false,"potions_floor_spawned":[5,6,14,16,18,20,22,25],"killed_by":"Collector","ascension_level":20}}