{"host":"j7au2ovow4c9pz79","time":1611350015,"event":{"mods":["AchievementEnabler","BaseMod","Better Third Choice","BetterRewards","Colored Powertips","Defuse TimeMaze Blight","Energized Spire","Googly Eyes","Hubris","Infinite Spire","Minty Spire (QoL Compilation)","Quick Restart","Spicy Shops","StSLib","SuperFastMode","Transform Curses"],"gold_per_floor":[117,117,117,117,193,193,224,224,250,250,250,250,250,275,275,374,374,389,389,389,389,415,415,415,430,430,439,439,483,483,520,529,637,637,653,771,796,796,796,796,796,837,837,873,891,891,916,916,916,1028,1028,1037,1037,1077,1077,1103,1103,1128,1128,1207,1253,1260,1321,1321,1321,1321,1446,1446,1483,1510,1510,1510,1510,1510,1510,1577,1602,1602,1602,1602,1602,1618,1618,1741,1709,1727,1754,2762,2786,2786,2786,2786,2844,2869,47,47,65,83,103,103,207,207,214,248,325,9,30,30,103,103,103,103,142,154,166,223,235,423,435,464,513,440,476,488,537,582,64,364,364,364,364,398,504,504,603,662,673,673,696,796,836,836,836,836,836,840,840],"floor_reached":146,"language":"ENG","playtime":5838,"items_purged":["Normality","Immolate+1"],"score":3587,"play_id":"82593182-c774-454d-966a-0565ec0c9550","local_time":"20210122221335","daily_mods":["Specialized","Vintage","Allstar","Colorless Cards","Heirloom","Time Dilation","Flight","Elite Swarm","Lethality"],"is_ascension_mode":false,"campfire_choices":[{"data":"Wraith Form v2","floor":6,"key":"SMITH"},{"floor":8,"key":"REST"},{"data":"Echo Form","floor":10,"key":"SMITH"},{"data":"DevaForm","floor":11,"key":"SMITH"},{"data":"infinitespire:NeuralNetwork","floor":12,"key":"SMITH"},{"data":"Immolate","floor":13,"key":"SMITH"},{"floor":15,"key":"REST"},{"data":"Ghostly Armor","floor":23,"key":"SMITH"},{"data":"infinitespire:OneForAll","floor":28,"key":"SMITH"},{"data":"Apotheosis","floor":30,"key":"SMITH"},{"floor":32,"key":"REST"},{"data":"Limit Break","floor":40,"key":"SMITH"},{"data":"Bash","floor":41,"key":"SMITH"},{"data":"infinitespire:SevenWalls","floor":46,"key":"SMITH"},{"data":"Ghostly Armor","floor":49,"key":"SMITH"},{"data":"Reaper","floor":57,"key":"SMITH"},{"data":"HandOfGreed","floor":59,"key":"SMITH"},{"data":"hubris:StunningStrike","floor":64,"key":"SMITH"},{"data":"Heavy Blade","floor":66,"key":"SMITH"},{"data":"HandOfGreed","floor":74,"key":"SMITH"},{"data":"Ghostly Armor","floor":75,"key":"SMITH"},{"data":"Ghostly Armor","floor":78,"key":"SMITH"},{"data":"infinitespire:SevenWalls","floor":79,"key":"SMITH"},{"data":"Panache","floor":80,"key":"SMITH"},{"data":"Violence","floor":83,"key":"SMITH"},{"data":"Panache","floor":91,"key":"SMITH"},{"data":"Feed","floor":92,"key":"SMITH"},{"data":"1","floor":100,"key":"LIFT"},{"data":"2","floor":108,"key":"LIFT"},{"data":"3","floor":112,"key":"LIFT"},{"data":"Bash","floor":114,"key":"SMITH"},{"data":"Forethought","floor":115,"key":"SMITH"},{"data":"Core Surge","floor":117,"key":"SMITH"},{"data":"Panache","floor":129,"key":"SMITH"},{"data":"Flechettes","floor":130,"key":"SMITH"},{"data":"Dramatic Entrance","floor":131,"key":"SMITH"},{"data":"Die Die Die","floor":134,"key":"SMITH"},{"data":"Mayhem","floor":142,"key":"SMITH"},{"data":"Pummel","floor":143,"key":"SMITH"},{"data":"Bite","floor":144,"key":"SMITH"}],"circlet_count":0,"master_deck":["Demon Form+1","Wraith Form v2+1","Echo Form+1","DevaForm+1","Defend_R+1","Defend_R+1","Defend_R+1","Defend_R+1","Bash+1","Ghostly Armor+1","Ghostly Armor+1","Ghostly Armor+1","Ghostly Armor+1","Ghostly Armor+1","Deep Breath+1","Forethought+1","Forethought+1","Forethought+1","infinitespire:NeuralNetwork+1","Immolate+1","Violence+1","Bite","Bite","Bite+1","Bite","Bite+1","infinitespire:OneForAll+1","Apotheosis+1","Limit Break+1","Heavy Blade+1","Panache+1","infinitespire:SevenWalls+1","Perfected Strike+1","Feed+1","Reaper+1","Mayhem+1","HandOfGreed+1","Flex+1","infinitespire:Punishment+1","hubris:StunningStrike+1","Impervious+1","HandOfGreed+1","infinitespire:Collect+1","infinitespire:SevenWalls+1","Violence+1","Violence+1","Strike_R","Pummel+1","Apotheosis+1","Dramatic Entrance+1","hubris:Insight+1","Perfected Strike+1","hubris:DuctTapeCard","Madness+1","Madness+1","Impatience+1","Bash+1","Sadistic Nature+1","Flechettes+1","Core Surge+1","Enlightenment+1","Phantasmal Killer+1","Panache+1","infinitespire:FutureSight+1","Die Die Die+1","Panache+1","infinitespire:Collect+1","infinitespire:Neurotoxin+1","Adrenaline+1","Storm of Steel+1","Limit Break+1","Heavy Blade+1","Envenom+1","Ragnarok+1"],"relics":["Unceasing Top","FossilizedHelix","MealTicket","hubris:TinFlute","Tiny Chest","Singing Bowl","Mark of Pain","Dream Catcher","Bag of Preparation","Juzu Bracelet","infinitespire:ShieldingShard","CeramicFish","Bag of Marbles","Mummified Hand","hubris:Backtick","Membership Card","Toxic Egg 2","infinitespire:Joker Card","infinitespire:Blanks Blanky","Incense Burner","Charon\u0027s Ashes","Omamori","Happy Flower","hubris:TerracottaHorce","Anchor","Bloody Idol","Odd Mushroom","Black Star","Pantograph","hubris:SlimyHat","Smiling Mask","hubris:Zylophone","Shuriken","Whetstone","hubris:BottledRain","hubris:ChampionShield","Lantern","hubris:EvacipatedBox","hubris:FruitBowl","Calling Bell","infinitespire:Lucky Rock","The Courier","hubris:CuriousFeather","Vajra","infinitespire:Beetle Shell","hubris:Icosahedron","Enchiridion","Gremlin Horn","Sundial","Toy Ornithopter","infinitespire:Beetle Shell","Frozen Egg 2","energizedSpire:HugeHouse","Orichalcum","Art of War","hubris:Towel","Lizard Tail","hubris:TenFootPole","infinitespire:BottledMercury","Question Card","TheAbacus","OrangePellets","hubris:PeanutButter","Red Skull","hubris:ToyBattleship","hubris:GlazedTorus","hubris:DeckOfHolding","Ornamental Fan","Ancient Tea Set","TungstenRod","Bird Faced Urn","Akabeko","hubris:Reverence","PreservedInsect","hubris:DuctTape","infinitespire:CheckeredPen","Mango","Blood Vial","Bronze Scales","hubris:CrystalStatue","Oddly Smooth Stone","War Paint","hubris:Metronome","Meat on the Bone","infinitespire:Bottled Soul","hubris:MobiusCoin","infinitespire:WardingShard","infinitespire:PuzzleCube","Mercury Hourglass","Girya","Matryoshka","hubris:DisguiseKit","Coffee Dripper","infinitespire:Midas Blood","Centennial Puzzle","InkBottle","infinitespire:EmpoweringShard","Letter Opener","StrikeDummy","Prayer Wheel","hubris:AstralHammer","Strawberry","infinitespire:FocusingShard","hubris:SphereOfDissonance","MawBank","Pear","Thread and Needle","energizedSpire:DeadBattery","Boot","Ginger","Pen Nib","HornCleat","Molten Egg 2","Bottled Flame","Bottled Tornado","Eternal Feather","Ice Cream","hubris:MedicalManual","hubris:FunFungus","Shovel","Old Coin","Gambling Chip","Pocketwatch","Nilry\u0027s Codex","Tiny House","Nunchaku","hubris:OldNail","Self Forming Clay","Paper Frog","Kunai"],"acts_visited":["Exordium","TheCity","TheBeyond","Exordium","TheCity","TheBeyond","Exordium","TheCity","TheBeyond","Exordium"],"potions_floor_usage":[18],"damage_taken":[{"damage":3,"enemies":"Cultist","floor":1,"turns":6},{"damage":56,"enemies":"Gremlin Nob","floor":7,"turns":7},{"damage":0,"enemies":"Lagavulin","floor":14,"turns":6},{"damage":29,"enemies":"The Guardian","floor":16,"turns":9},{"damage":13,"enemies":"2 Thieves","floor":18,"turns":2},{"damage":0,"enemies":"Spheric Guardian","floor":25,"turns":4},{"damage":3,"enemies":"Slavers","floor":29,"turns":5},{"damage":72,"enemies":"Nightmare","floor":31,"turns":9},{"damage":0,"enemies":"Collector","floor":33,"turns":5},{"damage":0,"enemies":"3 Shapes","floor":35,"turns":1},{"damage":0,"enemies":"infinitespire:Three Voidlings","floor":36,"turns":4},{"damage":1,"enemies":"Nightmare_Alpha","floor":36,"turns":7},{"damage":29,"enemies":"Nemesis","floor":42,"turns":3},{"damage":0,"enemies":"Reptomancer","floor":44,"turns":4},{"damage":20,"enemies":"hubris:GrandSnecko","floor":50,"turns":4},{"damage":0,"enemies":"Jaw Worm","floor":52,"turns":1},{"damage":0,"enemies":"The Mushroom Lair","floor":54,"turns":1},{"damage":30,"enemies":"Nightmare","floor":58,"turns":5},{"damage":0,"enemies":"Small Slimes","floor":61,"turns":1},{"damage":0,"enemies":"Cultist","floor":62,"turns":1},{"damage":0,"enemies":"3 Sentries","floor":63,"turns":2},{"damage":0,"enemies":"The Guardian","floor":67,"turns":3},{"damage":0,"enemies":"Chosen","floor":69,"turns":1},{"damage":0,"enemies":"Slavers","floor":76,"turns":1},{"damage":0,"enemies":"3 Byrds","floor":82,"turns":1},{"damage":0,"enemies":"Collector","floor":84,"turns":1},{"damage":0,"enemies":"3 Darklings","floor":86,"turns":1},{"damage":0,"enemies":"2 Orb Walkers","floor":93,"turns":1},{"damage":0,"enemies":"3 Shapes","floor":99,"turns":1},{"damage":0,"enemies":"Awakened One","floor":101,"turns":4},{"damage":0,"enemies":"Small Slimes","floor":103,"turns":1},{"damage":0,"enemies":"Jaw Worm","floor":107,"turns":1},{"damage":0,"enemies":"Gremlin Nob","floor":109,"turns":1},{"damage":0,"enemies":"3 Sentries","floor":113,"turns":1},{"damage":0,"enemies":"Nightmare","floor":116,"turns":1},{"damage":128,"enemies":"Hexaghost","floor":118,"turns":3},{"damage":0,"enemies":"Spheric Guardian","floor":120,"turns":1},{"damage":0,"enemies":"Shell Parasite","floor":121,"turns":1},{"damage":0,"enemies":"Nightmare","floor":125,"turns":1},{"damage":0,"enemies":"Slavers","floor":126,"turns":2},{"damage":0,"enemies":"Book of Stabbing","floor":132,"turns":1},{"damage":0,"enemies":"Collector","floor":135,"turns":1},{"damage":0,"enemies":"2 Louse","floor":137,"turns":1},{"damage":157,"enemies":"Nightmare_Alpha","floor":146,"turns":2}],"seed_played":"-4544299365091361646","potions_obtained":[{"floor":1,"key":"infinitespire:BlackPotion"},{"floor":16,"key":"SteroidPotion"},{"floor":18,"key":"Energy Potion"},{"floor":25,"key":"DuplicationPotion"},{"floor":86,"key":"SmokeBomb"}],"is_trial":true,"path_per_floor":["M","?","?","?","T","R","E","R","T","R","R","R","R","E","R","B",null,"M","?","?","?","T","R","?","M","T","?","R","E","R","NM","R","B",null,"M","?","T","?","?","R","R","E","T","E","?","R","T","?","R","B",null,"M","?","?","AVR","T","R","NM","R","T","M","M","E","R","$","R","B",null,"M","AVR","?","?","T","R","R","E","T","R","R","R","?","M","R","B",null,"M","?","?","T","?","R","R","?","T","$","T","?","?","M","R","B",null,"M","?","T","?","M","R","E","?","T","R","E","R","R","NM","R","B",null,"M","M","?","T","?","NM","E","$","T","R","R","R","E","?","R","B",null,"M","?","T","?","?","R","R","R","T","NM"],"character_chosen":"IRONCLAD","items_purchased":["hubris:EvacipatedBox","hubris:FruitBowl","infinitespire:BottledMercury","Question Card","TheAbacus","OrangePellets","hubris:PeanutButter","Red Skull","hubris:ToyBattleship","hubris:GlazedTorus","hubris:DeckOfHolding","Ornamental Fan","Ancient Tea Set","TungstenRod","Bird Faced Urn","Akabeko","hubris:Reverence","PreservedInsect","hubris:DuctTape","infinitespire:CheckeredPen","Mango","Blood Vial","Bronze Scales","hubris:CrystalStatue","Oddly Smooth Stone","War Paint","hubris:Metronome","Meat on the Bone","infinitespire:Bottled Soul","hubris:MobiusCoin","infinitespire:WardingShard","infinitespire:PuzzleCube","Mercury Hourglass","Girya","Ice Cream","hubris:MedicalManual","hubris:FunFungus","Shovel"],"campfire_rested":3,"item_purchase_floors":[65,65,95,95,95,95,95,95,95,95,95,95,95,95,95,95,95,95,95,95,95,95,95,95,95,95,95,95,95,95,95,95,95,95,127,127,127,127],"current_hp_per_floor":[77,77,77,57,57,57,1,25,25,25,25,25,25,27,51,24,80,67,67,67,67,67,67,67,71,71,71,71,70,70,11,35,51,80,80,80,80,80,80,80,80,51,51,57,57,57,57,57,57,37,69,69,49,49,49,49,49,53,53,53,53,56,80,80,42,42,67,77,80,80,80,64,64,64,64,80,80,80,80,80,80,80,80,80,73,73,63,63,63,63,63,63,65,65,94,94,89,89,94,94,94,94,94,87,87,96,101,101,103,103,113,113,113,113,113,128,128,98,121,125,128,128,128,128,128,128,128,128,128,128,128,128,124,128,128,135,135,135,135,135,135,135,135,135,135,0,0],"gold":840,"neow_bonus":"","is_daily":false,"chose_seed":false,"campfire_upgraded":34,"win_rate":0.0,"timestamp":1611350015,"path_taken":["M","?","?","?","?","R","E","R","T","R","R","R","R","E","R","BOSS","M","?","?","?","?","R","?","M","T","?","R","E","R","NM","R","BOSS","M","?","?","?","?","R","R","E","T","E","?","R","?","?","R","BOSS","M","?","?","AVR","?","R","NM","R","T","M","M","E","R","?","R","BOSS","M","AVR","?","?","?","R","R","E","T","R","R","R","?","M","R","BOSS","M","?","?","?","?","R","R","?","T","?","?","?","?","M","R","BOSS","M","?","?","?","M","R","E","?","T","R","E","R","R","NM","R","BOSS","M","M","?","?","?","NM","E","$","T","R","R","R","E","?","R","BOSS","M","?","?","?","?","R","R","R","T","NM"],"items_purchased_type":["Relic","Relic","Relic","Relic","Relic","Relic","Relic","Relic","Relic","Relic","Relic","Relic","Relic","Relic","Relic","Relic","Relic","Relic","Relic","Relic","Relic","Relic","Relic","Relic","Relic","Relic","Relic","Relic","Relic","Relic","Relic","Relic","Relic","Relic","Relic","Relic","Relic","Relic"],"build_version":"2020-12-22","purchased_purges":2,"victory":false,"max_hp_per_floor":[80,80,80,80,80,80,80,80,80,80,80,80,80,80,80,80,80,80,80,80,80,80,80,80,80,80,80,80,80,80,80,80,80,80,80,80,80,80,80,80,80,80,80,80,80,80,80,80,80,80,80,80,80,80,80,80,80,80,80,80,80,80,80,80,80,80,80,80,80,80,80,80,80,80,80,80,80,80,80,80,80,80,80,80,73,73,73,73,73,73,73,73,73,73,94,94,94,94,94,94,94,94,94,94,94,103,103,103,103,103,113,113,113,113,113,128,128,128,128,128,128,128,128,128,128,128,128,128,128,128,128,128,128,128,128,135,135,135,135,135,135,135,135,135,135,135,135],"card_choices":[{"not_picked":["infinitespire:TheBestDefense","infinitespire:Oblivion"],"picked":"infinitespire:NeuralNetwork","floor":4},{"not_picked":["Secret Weapon","The Bomb"],"picked":"Immolate","floor":7},{"not_picked":["Secret Weapon","The Bomb"],"picked":"Immolate","floor":7},{"not_picked":["Fiend Fire","Metamorphosis"],"picked":"Violence","floor":14},{"not_picked":["Barricade","Transmutation"],"picked":"Panache","floor":16},{"not_picked":["Exhume","hubris:StunningStrike"],"picked":"Apotheosis","floor":29},{"not_picked":["Juggernaut","Transmutation"],"picked":"Limit Break","floor":31},{"not_picked":["Panacea","Twin Strike"],"picked":"Heavy Blade","floor":32},{"not_picked":["Master of Strategy","Metamorphosis"],"picked":"Panache","floor":33},{"not_picked":["infinitespire:Starlight","infinitespire:Fortify"],"picked":"infinitespire:SevenWalls","floor":36},{"not_picked":["Fire Breathing","Havoc+1"],"picked":"Perfected Strike+1","floor":36},{"not_picked":["Demon Form","Corruption"],"picked":"Feed","floor":42},{"not_picked":["Juggernaut","Immolate"],"picked":"Reaper","floor":44},{"not_picked":["Immolate","hubris:StunningStrike"],"picked":"HandOfGreed","floor":50},{"not_picked":["Power Through+1","Body Slam"],"picked":"Flex+1","floor":54},{"not_picked":["infinitespire:Oblivion","infinitespire:TheBestDefense"],"picked":"infinitespire:Punishment","floor":58},{"not_picked":["hubris:EnhanceAbility","Corruption"],"picked":"hubris:StunningStrike","floor":58},{"not_picked":["hubris:EnhanceAbility","Bludgeon"],"picked":"Impervious+1","floor":63},{"not_picked":["Limit Break+1","Berserk"],"picked":"HandOfGreed","floor":67},{"not_picked":["infinitespire:SealOfDarkness+","infinitespire:UltimateForm"],"picked":"infinitespire:Collect","floor":70},{"not_picked":["Exhume+1","Impervious+1"],"picked":"Violence+1","floor":76},{"not_picked":["Chrysalis+1","Metamorphosis+1"],"picked":"Violence+1","floor":84},{"not_picked":["Blind+1","Bandage Up+1"],"picked":"Apotheosis+1","floor":87},{"not_picked":["Good Instincts+1","The Bomb+1"],"picked":"Dramatic Entrance","floor":87},{"not_picked":["Jack Of All Trades+1","Discovery+1"],"picked":"hubris:Insight+1","floor":87},{"not_picked":["Madness+1","Pummel+1"],"picked":"Perfected Strike+1","floor":93},{"not_picked":["Secret Weapon+1","Offering+1","Master of Strategy+1","Malaise"],"picked":"Sadistic Nature+1","floor":101},{"not_picked":["Master of Strategy+1","Fiend Fire","Transmutation+1","Magnetism+1"],"picked":"Phantasmal Killer","floor":109},{"not_picked":["Master of Strategy+1","Transmutation+1","Magnetism+1","Die Die Die"],"picked":"Panache+1","floor":113},{"not_picked":["infinitespire:UltimateForm","hubris:Rewind"],"picked":"infinitespire:FutureSight","floor":116},{"not_picked":["Transmutation+1","hubris:StunningStrike","Violence+1","Feed"],"picked":"Die Die Die","floor":116},{"not_picked":["Feed","Berserk+1","hubris:StunningStrike","Tools of the Trade"],"picked":"Panache+1","floor":118},{"not_picked":["infinitespire:Gouge+1","infinitespire:NeuralNetwork"],"picked":"infinitespire:Collect","floor":125},{"not_picked":["The Bomb+1","Demon Form+1","Impervious+1","hubris:StunningStrike+1"],"picked":"infinitespire:Neurotoxin","floor":125},{"not_picked":["Violence+1","Double Tap+1","Demon Form+1","Barricade+1"],"picked":"Adrenaline","floor":126},{"not_picked":["Immolate+1","Berserk+1","Secret Technique+1","Reaper+1"],"picked":"Storm of Steel","floor":132},{"not_picked":["Berserk+1","Chrysalis+1","Reaper+1","Night Terror"],"picked":"Limit Break+1","floor":135},{"not_picked":["Whirlwind+1","Headbutt+1","Twin Strike+1","Backflip"],"picked":"Heavy Blade+1","floor":136}],"player_experience":1904888,"relics_obtained":[{"floor":1,"key":"MealTicket"},{"floor":5,"key":"hubris:TinFlute"},{"floor":7,"key":"Tiny Chest"},{"floor":9,"key":"Blood Vial"},{"floor":14,"key":"Singing Bowl"},{"floor":18,"key":"Dream Catcher"},{"floor":22,"key":"Juzu Bracelet"},{"floor":25,"key":"infinitespire:ShieldingShard"},{"floor":26,"key":"CeramicFish"},{"floor":29,"key":"Bag of Marbles"},{"floor":31,"key":"Mummified Hand"},{"floor":35,"key":"Toxic Egg 2"},{"floor":36,"key":"infinitespire:Joker Card"},{"floor":37,"key":"Regal Pillow"},{"floor":42,"key":"Incense Burner"},{"floor":43,"key":"Charon\u0027s Ashes"},{"floor":44,"key":"Omamori"},{"floor":47,"key":"Happy Flower"},{"floor":52,"key":"Anchor"},{"floor":54,"key":"Odd Mushroom"},{"floor":56,"key":"hubris:SlimyHat"},{"floor":58,"key":"Smiling Mask"},{"floor":58,"key":"hubris:Zylophone"},{"floor":60,"key":"Shuriken"},{"floor":61,"key":"Whetstone"},{"floor":62,"key":"hubris:BottledRain"},{"floor":63,"key":"hubris:ChampionShield"},{"floor":63,"key":"Lantern"},{"floor":68,"key":"infinitespire:Lucky Rock"},{"floor":68,"key":"The Courier"},{"floor":68,"key":"hubris:CuriousFeather"},{"floor":69,"key":"Vajra"},{"floor":72,"key":"Enchiridion"},{"floor":73,"key":"Gremlin Horn"},{"floor":76,"key":"Sundial"},{"floor":76,"key":"Toy Ornithopter"},{"floor":77,"key":"infinitespire:Beetle Shell"},{"floor":82,"key":"Frozen Egg 2"},{"floor":86,"key":"Orichalcum"},{"floor":89,"key":"Art of War"},{"floor":93,"key":"Lizard Tail"},{"floor":94,"key":"hubris:TenFootPole"},{"floor":96,"key":"Matryoshka"},{"floor":99,"key":"hubris:DisguiseKit"},{"floor":103,"key":"infinitespire:Midas Blood"},{"floor":105,"key":"infinitespire:EmpoweringShard"},{"floor":105,"key":"Letter Opener"},{"floor":107,"key":"StrikeDummy"},{"floor":109,"key":"Prayer Wheel"},{"floor":109,"key":"hubris:AstralHammer"},{"floor":111,"key":"Strawberry"},{"floor":111,"key":"infinitespire:FocusingShard"},{"floor":113,"key":"hubris:SphereOfDissonance"},{"floor":113,"key":"MawBank"},{"floor":116,"key":"Pear"},{"floor":116,"key":"Thread and Needle"},{"floor":120,"key":"Boot"},{"floor":121,"key":"Ginger"},{"floor":123,"key":"HornCleat"},{"floor":125,"key":"Molten Egg 2"},{"floor":125,"key":"Bottled Flame"},{"floor":126,"key":"Bottled Tornado"},{"floor":126,"key":"Eternal Feather"},{"floor":128,"key":"Old Coin"},{"floor":132,"key":"Gambling Chip"},{"floor":132,"key":"Pocketwatch"},{"floor":133,"key":"Nilry\u0027s Codex"},{"floor":137,"key":"Nunchaku"},{"floor":139,"key":"hubris:OldNail"},{"floor":145,"key":"Kunai"}],"event_choices":[{"damage_healed":0,"gold_gain":0,"player_choice":"Grow","damage_taken":0,"max_hp_gain":0,"max_hp_loss":0,"event_name":"Living Wall","floor":2,"gold_loss":0,"cards_upgraded":["Demon Form"]},{"damage_healed":0,"gold_gain":0,"player_choice":"Leave","damage_taken":0,"max_hp_gain":0,"max_hp_loss":0,"event_name":"The Cleric","floor":3,"gold_loss":0},{"damage_healed":0,"gold_gain":0,"player_choice":"Became a vampire (Vial)","damage_taken":0,"max_hp_gain":0,"max_hp_loss":0,"event_name":"Vampires","floor":19,"relics_lost":["Blood Vial"],"gold_loss":0,"cards_obtained":["Bite","Bite","Bite","Bite","Bite"]},{"damage_healed":0,"gold_gain":0,"player_choice":"Ignored","damage_taken":0,"max_hp_gain":0,"max_hp_loss":0,"event_name":"Beggar","floor":20,"gold_loss":0},{"damage_healed":0,"gold_gain":0,"player_choice":"Opened","damage_taken":0,"relics_obtained":["Bag of Preparation"],"max_hp_gain":0,"max_hp_loss":0,"event_name":"The Mausoleum","floor":21,"gold_loss":0},{"damage_healed":0,"gold_gain":0,"player_choice":"Simplicity","damage_taken":0,"max_hp_gain":0,"max_hp_loss":4,"event_name":"betterThird:BetterWriting","floor":24,"gold_loss":0},{"damage_healed":0,"gold_gain":0,"player_choice":"Read","damage_taken":0,"max_hp_gain":0,"max_hp_loss":0,"event_name":"The Library","floor":27,"gold_loss":0,"cards_obtained":["infinitespire:OneForAll"]},{"damage_healed":0,"gold_gain":0,"player_choice":"Ignored","damage_taken":0,"max_hp_gain":0,"max_hp_loss":0,"event_name":"Tomb of Lord Red Mask","floor":38,"gold_loss":0},{"damage_healed":0,"gold_gain":0,"player_choice":"Got Potions","damage_taken":0,"max_hp_gain":0,"max_hp_loss":0,"event_name":"Lab","floor":39,"gold_loss":0},{"damage_healed":0,"gold_gain":0,"player_choice":"2 cards matched","damage_taken":0,"max_hp_gain":0,"max_hp_loss":0,"event_name":"Match and Keep!","floor":45,"gold_loss":0,"cards_obtained":["Mayhem","Wild Strike"]},{"damage_healed":0,"gold_gain":0,"player_choice":"Take Damage","damage_taken":20,"relics_obtained":["Golden Idol"],"max_hp_gain":0,"max_hp_loss":0,"event_name":"Golden Idol","floor":53,"gold_loss":0},{"damage_healed":0,"gold_gain":0,"player_choice":"Fought Mushrooms","damage_taken":0,"max_hp_gain":0,"max_hp_loss":0,"event_name":"Mushrooms","floor":54,"gold_loss":0},{"damage_healed":0,"gold_gain":0,"player_choice":"Obtained Book","damage_taken":16,"max_hp_gain":0,"max_hp_loss":0,"event_name":"Cursed Tome","floor":72,"gold_loss":0},{"damage_healed":0,"gold_gain":0,"player_choice":"Ignored","damage_taken":0,"max_hp_gain":0,"max_hp_loss":0,"event_name":"Purifier","floor":81,"gold_loss":0},{"damage_healed":0,"gold_gain":0,"player_choice":"Memory 3","damage_taken":10,"max_hp_gain":0,"max_hp_loss":0,"event_name":"SensoryStone","floor":87,"gold_loss":0},{"damage_healed":0,"gold_gain":999,"player_choice":"Gold","damage_taken":0,"max_hp_gain":0,"max_hp_loss":0,"event_name":"MindBloom","floor":88,"gold_loss":0,"cards_obtained":["Normality","Normality"]},{"damage_healed":0,"gold_gain":0,"player_choice":"Fight","damage_taken":0,"max_hp_gain":0,"max_hp_loss":0,"event_name":"Mysterious Sphere","floor":93,"gold_loss":0},{"damage_healed":0,"gold_gain":0,"player_choice":"Embrace Madness","damage_taken":12,"max_hp_gain":0,"max_hp_loss":0,"event_name":"Winding Halls","floor":97,"gold_loss":0,"cards_obtained":["Madness","Madness"]},{"damage_healed":0,"gold_gain":0,"player_choice":"2 cards matched","damage_taken":0,"max_hp_gain":0,"max_hp_loss":0,"event_name":"Match and Keep!","floor":98,"gold_loss":0,"cards_obtained":["Impatience","Bash"]},{"damage_healed":0,"gold_gain":0,"player_choice":"RENOUNCE","damage_taken":325,"max_hp_gain":0,"max_hp_loss":0,"event_name":"betterThird:BetterSerpent","floor":106,"gold_loss":325,"cards_obtained":["Enlightenment"]},{"damage_healed":0,"gold_gain":0,"player_choice":"Leave","damage_taken":0,"max_hp_gain":0,"max_hp_loss":0,"event_name":"The Cleric","floor":110,"gold_loss":0},{"damage_healed":0,"gold_gain":0,"player_choice":"Obtained Relic","damage_taken":0,"relics_obtained":["Pen Nib"],"max_hp_gain":0,"max_hp_loss":0,"event_name":"Addict","floor":122,"gold_loss":85},{"damage_healed":0,"gold_gain":0,"player_choice":"Gave Idol","damage_taken":0,"relics_obtained":["Bloody Idol"],"max_hp_gain":0,"max_hp_loss":0,"event_name":"Forgotten Altar","floor":124,"relics_lost":["Golden Idol"],"gold_loss":0},{"damage_healed":0,"gold_gain":0,"player_choice":"Obtained Book","damage_taken":16,"max_hp_gain":0,"max_hp_loss":0,"event_name":"Cursed Tome","floor":133,"gold_loss":0}],"is_beta":false,"boss_relics":[{"not_picked":["Velvet Choker","Astrolabe"],"picked":"Mark of Pain"},{"not_picked":["SlaversCollar","Cursed Key"],"picked":"hubris:Backtick"},{"not_picked":["hubris:BlackHole","Runic Dome"],"picked":"hubris:TerracottaHorce"},{"not_picked":["Philosopher\u0027s Stone","energizedSpire:StickyHand","hubris:CrackedHourglass"],"picked":"Calling Bell"},{"not_picked":["infinitespire:Burning Sword","Astrolabe","hubris:HollowSoul"],"picked":"energizedSpire:HugeHouse"},{"not_picked":["infinitespire:Cupcake","Empty Cage","Runic Dome"],"picked":"Coffee Dripper"},{"not_picked":["energizedSpire:EnergizedDie","hubris:GrandSneckoEye","energizedSpire:StickyHand"],"picked":"energizedSpire:DeadBattery"},{"not_picked":["energizedSpire:TabascoSauce","energizedSpire:NeverEndingSparkler","energizedSpire:RedRose"],"picked":"Tiny House"}],"items_purged_floors":[127,127],"is_endless":true,"potions_floor_spawned":[1,16,18,25,33,35,42,50,52,62,63,84,86,99,109,113,120,125],"killed_by":"Nightmare_Alpha","ascension_level":0}}