{"host":"ekyl8r8j8fco3zlk","time":1611319510,"event":{"mods":["ATMod(∞¢Ë™Mod)","Act Like it!","Arknights The Spire","BaseMod","CapriCore","Decade(Õı–°√˜)","Dota2Spire","Friendly Minions","Gensokyo","Lobotomy","LobotomyExtend","Marisa£®ÏF”Í°°ƒß¿Ì…≥£©","Minty Spire (QoL Compilation)","READ ME - Guardian Mod","Rare Cards Sparkle","Reimu£®≤©¿ˆ¡È√Œ£©","StSLib","The Alterego","The Immortal","The Jungle","TheWitcher","Waifu the Spire","WarShipGirlsR/’ΩΩ¢…Ÿ≈ÆR mod","Yakumo Yukari mod","°æ“≈ŒÔø®≈∆°øREMEMod"],"gold_per_floor":[124,144,144,144,0,0,43,43,43,43,111,181,181,356,356,361,361],"floor_reached":16,"language":"ZHS","playtime":566,"items_purged":[],"score":88,"play_id":"a32ca6ab-5fda-4ee0-bdcc-0db5e8d7acee","local_time":"20210122204510","is_ascension_mode":false,"campfire_choices":[{"data":"SnafuTest:SweetHome","floor":6,"key":"SMITH"},{"data":"SnafuTest:SpellIncendiaryShower","floor":8,"key":"SMITH"},{"data":"SnafuTest:SignIgni","floor":13,"key":"SMITH"},{"floor":15,"key":"REST"}],"circlet_count":0,"master_deck":["SnafuTest:DefaultCommonAttack","SnafuTest:DefaultCommonAttack","SnafuTest:DefaultCommonAttack","SnafuTest:BountyHunt","SnafuTest:DefaultCommonSkill","SnafuTest:DefaultCommonSkill","SnafuTest:DefaultCommonSkill","SnafuTest:SignIgni+1","SnafuTest:SuddenPuncture","AT_DiedThrough+1","SnafuTest:SweetHome+1","SnafuTest:BombDancingStar","SnafuTest:BattleCry","SnafuTest:BombMoonDust","SnafuTest:SpellIncendiaryShower+1","SnafuTest:SpellBitingFrost","SnafuTest:FirstAid","SnafuTest:ScholarsIntrigue","Doubt"],"relics":["SnafuTest:UnstableMutagenRelic","AT_ATBox","REME_ComplimentaryCards","LetterFromLob","AT_MibuBalloonWealth","Dota2Spire:HeartOfTarrasque","AT_SilverBalance"],"acts_visited":["Exordium"],"potions_floor_usage":[16],"damage_taken":[{"damage":8,"enemies":"Small Slimes","floor":1,"turns":3},{"damage":13,"enemies":"Jaw Worm","floor":2,"turns":3},{"damage":6,"enemies":"Cultist","floor":7,"turns":3},{"damage":2,"enemies":"2 Fungi Beasts","floor":12,"turns":3},{"damage":51,"enemies":"Slime Boss","floor":16,"turns":6}],"seed_played":"1762542729048749306","potions_obtained":[{"floor":1,"key":"Strength Potion"}],"is_trial":false,"path_per_floor":["M","M","?","?","$","R","M","R","T","E","T","M","R","?","R","B"],"character_chosen":"THE_WITCHER","items_purchased":["AT_MibuBalloonWealth"],"campfire_rested":1,"item_purchase_floors":[5],"current_hp_per_floor":[67,54,54,59,59,59,53,53,61,61,61,39,39,39,63,0,0],"gold":361,"neow_bonus":"THREE_CARDS","is_daily":false,"chose_seed":false,"campfire_upgraded":3,"win_rate":0.0,"timestamp":1611319510,"path_taken":["M","M","?","?","$","R","?","R","T","E","?","M","R","?","R","BOSS"],"items_purchased_type":["Relic"],"build_version":"2020-12-22","purchased_purges":0,"victory":false,"max_hp_per_floor":[75,75,75,75,75,75,75,75,83,83,83,83,83,83,83,83,83],"card_choices":[{"not_picked":["SnafuTest:MercilessReaper","SnafuTest:SpellSageOmniscience"],"picked":"SnafuTest:SuddenPuncture","floor":0},{"not_picked":["SnafuTest:SpellSageOmniscience","SnafuTest:UndefeatedNarcissism"],"picked":"SnafuTest:BombDancingStar","floor":1},{"not_picked":["SnafuTest:RecklessBlow","SnafuTest:PowerAlwaysOnRoads"],"picked":"SnafuTest:BattleCry","floor":2},{"not_picked":["SnafuTest:SpellSageOmniscience","SnafuTest:SpellTortoise","SnafuTest:BlueWhale"],"picked":"SKIP","floor":7},{"not_picked":["SnafuTest:ShoulderSlam","SnafuTest:TrackingSense"],"picked":"SnafuTest:ScholarsIntrigue","floor":12}],"player_experience":692776,"relics_obtained":[{"floor":1,"key":"LetterFromLob"},{"floor":9,"key":"Dota2Spire:HeartOfTarrasque"},{"floor":11,"key":"AT_SilverBalance"}],"event_choices":[{"cards_removed":["SnafuTest:PayGnomePedlar"],"damage_healed":5,"gold_gain":0,"player_choice":"Offered Common","damage_taken":0,"max_hp_gain":0,"max_hp_loss":0,"event_name":"Bonfire Elementals","floor":4,"gold_loss":0},{"cards_removed":["SnafuTest:PayGnomePedlar"],"damage_healed":5,"gold_gain":0,"player_choice":"Offered Special","damage_taken":0,"max_hp_gain":0,"max_hp_loss":0,"event_name":"Bonfire Elementals","floor":4,"gold_loss":0},{"damage_healed":0,"gold_gain":175,"player_choice":"AGREE","damage_taken":0,"max_hp_gain":0,"max_hp_loss":0,"event_name":"Liars Game","floor":14,"gold_loss":0,"cards_obtained":["Doubt"]}],"is_beta":false,"boss_relics":[],"items_purged_floors":[],"is_endless":false,"potions_floor_spawned":[1],"killed_by":"Slime Boss","ascension_level":0}}