{"host":"fmwbmnqnrup981we","time":1611317635,"event":{"mods":["AchievementEnabler","Act Like it!","Alarm Clock","Arknights The Spire","Aspiration","Astrologer","Bard","Bartender","BaseMod","Better Altar","Better Match","Better Note","Better Sensory Stone","Better Skull","Better Synergies","Better Third Choice","Better Vampires","BetterRewards","Block Reminder","Curses Come First","Custom Start","DeckTracker","Displayed Cursed Tome","Downfall","Duelist Mod","Ekko","Elementarium","Energized Spire","Evolution","Fox Events","Gold Saver","Good Game Mod","GungeonMod","HexUI Lib","HornydragonMod","Infinite Spire","Kratos Character Expansion","Marked Mod","Minty Spire (QoL Compilation)","Permanent Neow","Pikachu Mod","Poor People Problems","Potionbrewer","Quick Restart","Relic Stats","Reorder Act Four","SIMod","Shop Mod","Small Relic Pack","StS++","StSLib","The Bug Knight","The Death Knight","The Forsaken","The Marked","The Necromancer","The Runesmith","The Servant 0.9.4","The Wild Card","TheHero","TheVacant","TheVelvet","Thieving Mod","Transform Curses","Uncapped","Unceasing Turn Reminder","Waifu the Spire","Yuri Mod","everything is the same but u backflip on backflip"],"gold_per_floor":[112,112,112,129,41,67,67,92,119,152,180,180,212,225,225,225,225],"floor_reached":16,"language":"ENG","playtime":691,"items_purged":[],"score":131,"play_id":"5fd16af4-6316-4fd2-be83-386ae5903fdb","local_time":"20210122121355","is_ascension_mode":true,"campfire_choices":[{"floor":7,"key":"RECALL"},{"floor":12,"key":"REST"},{"floor":15,"key":"REST"}],"circlet_count":0,"master_deck":["Strike_P","Strike_P","Strike_P","Strike_P","Defend_P","Defend_P","Defend_P","Defend_P","Eruption","Vigilance","White Noise","Weave","Devotion+1","Dark Shackles","TalkToTheHand","Evaluate","LikeWater+1"],"relics":["PureWater","EVO:Axolotl","REME:ComplimentaryCards","theForsaken:Gavel","Frozen Egg 2","Spirit Poop","aspiration:ChemicalBlood","aspiration:TomeofQuesting","Damaru","Odd Mushroom","StSpp:BrokenTotem"],"acts_visited":["Exordium"],"potions_floor_usage":[11,13,16,16],"damage_taken":[{"damage":0,"enemies":"2 Louse","floor":1,"turns":4},{"damage":0,"enemies":"Small Slimes","floor":4,"turns":5},{"damage":7,"enemies":"Lagavulin","floor":6,"turns":6},{"damage":15,"enemies":"Gremlin Nob","floor":8,"turns":3},{"damage":46,"enemies":"3 Sentries","floor":10,"turns":9},{"damage":1,"enemies":"The Mushroom Lair","floor":11,"turns":5},{"damage":16,"enemies":"Lagavulin","floor":13,"turns":5},{"damage":0,"enemies":"Cultist","floor":14,"turns":4},{"damage":30,"enemies":"Hexaghost","floor":16,"turns":2}],"seed_played":"-566456158048155606","potions_obtained":[{"floor":1,"key":"SpeedPotion"},{"floor":6,"key":"potionbrewer:CleansingPotion"},{"floor":10,"key":"Energy Potion"},{"floor":10,"key":"potionbrewer:ToxicPotion"},{"floor":13,"key":"Strength Potion"}],"is_trial":false,"path_per_floor":["M","?","?","M","$","E","R","E","T","E","?","R","E","M","R","B"],"character_chosen":"WATCHER","items_purchased":["Dark Shackles"],"campfire_rested":2,"item_purchase_floors":[5],"current_hp_per_floor":[72,72,72,72,72,65,65,50,50,4,3,24,8,8,29,0,0],"gold":225,"neow_bonus":"RANDOM_COMMON_RELIC","is_daily":false,"chose_seed":false,"campfire_upgraded":0,"win_rate":0.0,"timestamp":1611317635,"path_taken":["M","?","?","?","?","E","R","E","T","E","?","R","E","M","R","BOSS"],"items_purchased_type":["Card"],"build_version":"2020-12-22","purchased_purges":0,"victory":false,"max_hp_per_floor":[72,72,72,72,72,72,72,72,72,72,72,72,72,72,72,72,72],"relic_stats":{"counters":[9,43],"obtain_stats":[{"REME:ComplimentaryCards":0,"Spirit Poop":3,"Damaru":10,"aspiration:TomeofQuesting":8,"StSpp:BrokenTotem":13,"DemoMod:GlassGuonStoneRelic":1,"EVO:Axolotl":0,"PureWater":0,"Frozen Egg 2":2,"Odd Mushroom":11,"theForsaken:Gavel":0,"aspiration:ChemicalBlood":6},{"REME:ComplimentaryCards":0,"Spirit Poop":1,"Damaru":5,"aspiration:TomeofQuesting":4,"StSpp:BrokenTotem":7,"DemoMod:GlassGuonStoneRelic":1,"EVO:Axolotl":0,"PureWater":0,"Frozen Egg 2":1,"Odd Mushroom":6,"theForsaken:Gavel":0,"aspiration:ChemicalBlood":3},{"REME:ComplimentaryCards":0,"Spirit Poop":4,"Damaru":27,"aspiration:TomeofQuesting":18,"StSpp:BrokenTotem":37,"DemoMod:GlassGuonStoneRelic":4,"EVO:Axolotl":0,"PureWater":0,"Frozen Egg 2":4,"Odd Mushroom":32,"theForsaken:Gavel":0,"aspiration:ChemicalBlood":15}]},"card_choices":[{"not_picked":["MarkedMod:OneThousandNeedles","ClearTheMind"],"picked":"Weave","floor":1},{"not_picked":["Evaluate","Halt"],"picked":"Devotion+1","floor":4},{"not_picked":["Ragnarok","SandsOfTime","CarveReality"],"picked":"SKIP","floor":6},{"not_picked":["Crescendo","Halt"],"picked":"TalkToTheHand","floor":8},{"not_picked":["MarkedMod:Acupuncture","CrushJoints","MarkedMod:ChiBlock"],"picked":"SKIP","floor":10},{"not_picked":["ReachHeaven","ForeignInfluence"],"picked":"Evaluate","floor":13},{"not_picked":["StSpp:Renounce","Halt"],"picked":"LikeWater+1","floor":14}],"player_experience":462868,"relics_obtained":[{"floor":6,"key":"aspiration:ChemicalBlood"},{"floor":8,"key":"aspiration:TomeofQuesting"},{"floor":10,"key":"Damaru"},{"floor":11,"key":"Odd Mushroom"},{"floor":13,"key":"StSpp:BrokenTotem"}],"event_choices":[{"cards_removed":["Injury"],"damage_healed":0,"gold_gain":0,"player_choice":"Offered Curse","damage_taken":0,"relics_obtained":["Spirit Poop"],"max_hp_gain":0,"max_hp_loss":0,"event_name":"Bonfire Elementals","floor":3,"gold_loss":0},{"damage_healed":0,"gold_gain":0,"player_choice":"Fought Mushrooms","damage_taken":0,"max_hp_gain":0,"max_hp_loss":0,"event_name":"Mushrooms","floor":11,"gold_loss":0}],"is_beta":false,"boss_relics":[],"items_purged_floors":[],"is_endless":false,"potions_floor_spawned":[1,6,13],"killed_by":"Hexaghost","ascension_level":1}}