{"host":"jscggscbx0p7706o","time":1611287607,"event":{"mods":["AchievementEnabler","BaseMod","Block Reminder","Colored Powertips","Filter the Spire","Minty Spire (QoL Compilation)","Permanent Neow","Quick Restart","StSLib"],"gold_per_floor":[369,385,405,18,18,18,43,57,82,82,82,82,99,62,75,75,179,179,159,172,172,187,207,237,247,247,247,247,264,264,164,181,193,193,193,290,290,305,32,48,68,0,0,20,20,47,64,10,29,46,60,60,60,60],"floor_reached":55,"language":"ENG","playtime":2459,"items_purged":["Strike_G","Strike_G","Defend_G"],"score":774,"play_id":"48a447ba-c2d0-4595-b1d0-d72d7f040eb4","local_time":"20210122115327","is_ascension_mode":false,"campfire_choices":[{"data":"Adrenaline","floor":6.0,"key":"SMITH"},{"data":"Accuracy","floor":11.0,"key":"SMITH"},{"data":"Footwork","floor":16.0,"key":"SMITH"},{"data":"Tactician","floor":26.0,"key":"SMITH"},{"data":"Neutralize","floor":28.0,"key":"SMITH"},{"data":"After Image","floor":30.0,"key":"SMITH"},{"data":"Infinite Blades","floor":34.0,"key":"SMITH"},{"data":"Dodge and Roll","floor":35.0,"key":"SMITH"},{"data":"Accuracy","floor":43,"key":"SMITH"},{"floor":52,"key":"REST"},{"data":"Bullet Time","floor":53,"key":"SMITH"}],"circlet_count":0,"master_deck":["Strike_G","Strike_G","Strike_G+1","Defend_G","Defend_G","Defend_G","Defend_G+1","Survivor","Neutralize+1","Dash","Slice","Dagger Throw","Adrenaline+1","Cloak And Dagger","Accuracy+1","Footwork+1","Infinite Blades+1","After Image+1","Backflip+1","Blade Dance","Blade Dance","Tactician+1","Dodge and Roll+1","Accuracy+1","Blur","Blade Dance+1","Infinite Blades","Bullet Time+1","Parasite","Cloak And Dagger+1"],"relics":["Ring of the Snake","ClockworkSouvenir","Ancient Tea Set","Bronze Scales","Art of War","HornCleat","Runic Pyramid","Blue Candle","Ornamental Fan","SacredBark","Red Mask","The Courier","Regal Pillow"],"acts_visited":["Exordium","TheCity","TheBeyond"],"potions_floor_usage":[54,54],"damage_taken":[{"damage":0.0,"enemies":"Cultist","floor":1.0,"turns":3.0},{"damage":0.0,"enemies":"2 Louse","floor":2.0,"turns":4.0},{"damage":0.0,"enemies":"Small Slimes","floor":3.0,"turns":2.0},{"damage":16.0,"enemies":"3 Sentries","floor":7.0,"turns":11.0},{"damage":0.0,"enemies":"Exordium Thugs","floor":8.0,"turns":3.0},{"damage":0.0,"enemies":"Looter","floor":13.0,"turns":2.0},{"damage":2.0,"enemies":"3 Louse","floor":15.0,"turns":3.0},{"damage":19.0,"enemies":"Slime Boss","floor":17.0,"turns":10.0},{"damage":3.0,"enemies":"2 Thieves","floor":19.0,"turns":4.0},{"damage":0.0,"enemies":"Shell Parasite","floor":20.0,"turns":4.0},{"damage":6.0,"enemies":"Shelled Parasite and Fungi","floor":22.0,"turns":5.0},{"damage":0.0,"enemies":"Snake Plant","floor":23.0,"turns":5.0},{"damage":0.0,"enemies":"Book of Stabbing","floor":24.0,"turns":6.0},{"damage":0.0,"enemies":"Sentry and Sphere","floor":25.0,"turns":6.0},{"damage":0.0,"enemies":"Chosen and Byrds","floor":29.0,"turns":6.0},{"damage":0.0,"enemies":"Snecko","floor":32.0,"turns":6.0},{"damage":0.0,"enemies":"3 Cultists","floor":33.0,"turns":4.0},{"damage":0.0,"enemies":"Collector","floor":36.0,"turns":16.0},{"damage":15.0,"enemies":"3 Darklings","floor":38.0,"turns":5.0},{"damage":0.0,"enemies":"Orb Walker","floor":40.0,"turns":4.0},{"damage":0,"enemies":"Spire Growth","floor":41,"turns":5},{"damage":0,"enemies":"Writhing Mass","floor":44,"turns":5},{"damage":0,"enemies":"Maw","floor":47,"turns":5},{"damage":1,"enemies":"4 Shapes","floor":49,"turns":7},{"damage":0,"enemies":"Writhing Mass","floor":50,"turns":6},{"damage":0,"enemies":"3 Darklings","floor":51,"turns":5},{"damage":4,"enemies":"Donu and Deca","floor":54,"turns":6}],"seed_played":"-2448681122567934819","potions_obtained":[{"floor":3.0,"key":"ColorlessPotion"},{"floor":8.0,"key":"Poison Potion"},{"floor":15.0,"key":"SkillPotion"},{"floor":19.0,"key":"FairyPotion"},{"floor":24.0,"key":"Ancient Potion"},{"floor":40.0,"key":"Strength Potion"}],"is_trial":false,"path_per_floor":["M","M","M","$","?","R","E","M","T","T","R","?","M","$","M","R","B",null,"M","M","?","M","M","E","M","R","T","R","M","R","$","M","M","R","R","B",null,"M","$","M","M","?","R","M","T","T","M","$","M","M","M","R","R","B",null],"character_chosen":"THE_SILENT","items_purchased":["Adrenaline","ClockworkSouvenir","Infinite Blades","Accuracy","Blur","Infinite Blades"],"campfire_rested":1,"item_purchase_floors":[4,4,14,39,39,48],"current_hp_per_floor":[63,63,63,63,56,56,40,40,40,40,40,27,27,27,25,25,6,63,60,60,54,48,48,48,48,48,48,48,48,48,48,48,48,48,48,48,63,48,48,48,48,48,48,48,48,48,48,48,47,47,47,63,63,59],"gold":60,"neow_bonus":"TWO_FIFTY_GOLD","is_daily":false,"chose_seed":false,"campfire_upgraded":10,"win_rate":0.0,"timestamp":1611287607,"path_taken":["M","M","?","$","?","R","E","M","T","T","R","?","M","$","M","R","BOSS","M","M","?","?","M","E","M","R","T","R","M","R","$","M","M","R","R","BOSS","M","$","M","M","?","R","M","?","T","M","$","M","M","M","R","R","BOSS"],"items_purchased_type":["Card","Relic","Card","Card","Card","Card"],"build_version":"2020-12-22","purchased_purges":3,"victory":true,"max_hp_per_floor":[63,63,63,63,63,63,63,63,63,63,63,63,63,63,63,63,63,63,63,63,63,63,63,63,63,63,63,63,63,63,63,63,63,63,63,63,63,63,63,63,63,63,63,63,63,63,63,63,63,63,63,63,63,63],"card_choices":[{"not_picked":["Outmaneuver","Acrobatics"],"picked":"Dash","floor":1.0},{"not_picked":["Quick Slash","Prepared"],"picked":"Slice","floor":2.0},{"not_picked":["Prepared","Dodge and Roll"],"picked":"Dagger Throw","floor":3.0},{"not_picked":["Unload","Deadly Poison"],"picked":"Cloak And Dagger","floor":7.0},{"not_picked":["Dagger Throw","Slice"],"picked":"Accuracy","floor":8.0},{"not_picked":["Dagger Spray","Choke"],"picked":"Footwork","floor":13.0},{"not_picked":["Setup","Expertise","Sucker Punch"],"picked":"SKIP","floor":15.0},{"not_picked":["Malaise","Unload"],"picked":"After Image","floor":17.0},{"not_picked":["Underhanded Strike","Concentrate","Deadly Poison"],"picked":"SKIP","floor":19.0},{"not_picked":["Quick Slash","Accuracy"],"picked":"Backflip+1","floor":20.0},{"not_picked":["Calculated Gamble+1","Flying Knee"],"picked":"Blade Dance","floor":22.0},{"not_picked":["Dash","Choke","Bane"],"picked":"SKIP","floor":23.0},{"not_picked":["Dodge and Roll","Heel Hook"],"picked":"Blade Dance","floor":24.0},{"not_picked":["Slice","Sucker Punch+1"],"picked":"Tactician","floor":25.0},{"not_picked":["Poisoned Stab","Dagger Throw","Tools of the Trade"],"picked":"SKIP","floor":29.0},{"not_picked":["Heel Hook+1","Underhanded Strike","Poisoned Stab"],"picked":"SKIP","floor":32.0},{"not_picked":["Blade Dance+1","Flying Knee+1"],"picked":"Dodge and Roll","floor":33.0},{"not_picked":["Deadly Poison+1","Leg Sweep","Calculated Gamble"],"picked":"SKIP","floor":38.0},{"not_picked":["Heel Hook+1","Outmaneuver"],"picked":"Blade Dance+1","floor":40.0},{"not_picked":["Prepared+1","PiercingWail+1","Deadly Poison"],"picked":"SKIP","floor":41},{"not_picked":["Catalyst+1","Deadly Poison+1","Endless Agony+1"],"picked":"SKIP","floor":44},{"not_picked":["Terror+1","Blade Dance","Leg Sweep"],"picked":"SKIP","floor":47},{"not_picked":["Bane","Deadly Poison"],"picked":"Bullet Time","floor":49},{"not_picked":["Endless Agony+1","Bane"],"picked":"Cloak And Dagger+1","floor":50},{"not_picked":["Bane+1","Masterful Stab","Predator"],"picked":"SKIP","floor":51}],"player_experience":335507,"relics_obtained":[{"floor":7.0,"key":"Bronze Scales"},{"floor":9.0,"key":"Art of War"},{"floor":10.0,"key":"HornCleat"},{"floor":24.0,"key":"Blue Candle"},{"floor":27.0,"key":"Ornamental Fan"},{"floor":45,"key":"The Courier"},{"floor":46,"key":"Regal Pillow"}],"event_choices":[{"damage_healed":0.0,"max_hp_gain":0.0,"max_hp_loss":0.0,"gold_gain":0.0,"event_name":"Scrap Ooze","player_choice":"Success","floor":5.0,"gold_loss":0.0,"damage_taken":7.0,"relics_obtained":["Ancient Tea Set"]},{"damage_healed":0.0,"max_hp_gain":0.0,"max_hp_loss":0.0,"gold_gain":0.0,"event_name":"Shining Light","player_choice":"Entered Light","floor":12.0,"gold_loss":0.0,"damage_taken":13.0,"cards_upgraded":["Strike_G","Defend_G"]},{"damage_healed":0.0,"max_hp_gain":0.0,"max_hp_loss":0.0,"gold_gain":0.0,"event_name":"Wheel of Change","player_choice":"Damaged","floor":21.0,"gold_loss":0.0,"damage_taken":6.0},{"damage_healed":0,"gold_gain":0,"player_choice":"Paid","damage_taken":0,"relics_obtained":["Red Mask"],"max_hp_gain":0,"max_hp_loss":0,"event_name":"Tomb of Lord Red Mask","floor":42,"gold_loss":68}],"is_beta":false,"boss_relics":[{"not_picked":["Tiny House","Pandora\u0027s Box"],"picked":"Runic Pyramid"},{"not_picked":["HoveringKite","Fusion Hammer"],"picked":"SacredBark"}],"items_purged_floors":[4,31,39],"is_endless":false,"potions_floor_spawned":[3,8,15,19,24,25,32,40,41],"ascension_level":0}}