{"host":"w8xisjf5mgmfjvmt","time":1611289899,"event":{"mods":["BaseMod","BetterRewards","Challenge The Spire","Conspire","Dota2Spire","Energized Spire","Filter the Spire","Minty Spire (QoL Compilation)","Quarter Circle Forward PUNCH!","Quick Restart","Relic Stats","Replay The Spire","Shop Mod","Spicy Shops","StSLib","Starting Relic: Pandora\u0027s Box","¡¾ÒÅÎï¿¨ÅÆ¡¿REMEMod","óô»ðÖ¸ÄÏ"],"gold_per_floor":[119,119,5,16,36,36,70,70,149,149,169,200,200,216,6,80,80,95,95,115,115,131,166,179,204,204,229,129,129,149,184,59,135,135,151,166,166,183,202,40,73,34,81,114,143,188,188,19,19,27,49,49,49,49,91,115],"floor_reached":57,"language":"ZHS","playtime":4009,"items_purged":["Pain","Quick Slash","Dagger Throw"],"score":4020,"play_id":"24b7c53b-e7bb-4f81-adb3-ec8b60ec564e","local_time":"20210122123138","is_ascension_mode":true,"campfire_choices":[{"data":"REME_GreenPollution","floor":6.0,"key":"SMITH"},{"data":"Well Laid Plans","floor":8.0,"key":"SMITH"},{"data":"Tactician","floor":10.0,"key":"SMITH"},{"data":"Calculated Gamble","floor":29,"key":"SMITH"},{"data":"Sadistic Nature","floor":47,"key":"SMITH"},{"floor":49,"key":"RECALL"},{"data":"After Image","floor":53,"key":"SMITH"}],"circlet_count":0,"master_deck":["AscendersBane","Survivor","Neutralize","Deflect","Expertise","Tactician+1","REME_GreenPollution+1","Blur","Prepared","Hidden Blade","Unload","Well Laid Plans+1","PiercingWail","Prepared","conspire:PoisonWeapons","Sadistic Nature+1","After Image+1","Calculated Gamble+1","Reflex+1","Leg Sweep","Backflip+1","Madness","Reflex+1","Midas Touch"],"relics":["REME_ComplimentaryCards","Busted Crown","WarpedTongs","Blood Vial","Replay:Bottled Flurry","qcfpunch:Red_Headband","Runic Pyramid","conspire:DecoderRing","Basket Of Snakes","Red Mask","Orichalcum","REME_LowDesire","Pen Nib","Dota2Spire:ArcaneBoots","Bag of Preparation","White Beast Statue","Nunchaku","Replay:Bandana","Dota2Spire:ArmletOfMordiggian","DollysMirror","Dota2Spire:BladeMail"],"acts_visited":["Exordium","TheCity","TheBeyond","TheEnding"],"potions_floor_usage":[56,56],"damage_taken":[{"damage":0.0,"enemies":"Small Slimes","floor":1.0,"turns":2.0},{"damage":0.0,"enemies":"Cultist","floor":4.0,"turns":2.0},{"damage":9.0,"enemies":"Jaw Worm","floor":5.0,"turns":3.0},{"damage":8.0,"enemies":"Gremlin Nob","floor":7.0,"turns":3.0},{"damage":1.0,"enemies":"2 Fungi Beasts","floor":11.0,"turns":3.0},{"damage":10.0,"enemies":"Lagavulin","floor":12.0,"turns":4.0},{"damage":0.0,"enemies":"Exordium Thugs","floor":14.0,"turns":4.0},{"damage":0.0,"enemies":"Fading Forest","floor":16.0,"turns":9.0},{"damage":0.0,"enemies":"2 Thieves","floor":18.0,"turns":1.0},{"damage":5.0,"enemies":"Shell Parasite","floor":20.0,"turns":3.0},{"damage":0.0,"enemies":"Snake Plant","floor":22.0,"turns":2.0},{"damage":6.0,"enemies":"Replay:Snechameleon","floor":23.0,"turns":3.0},{"damage":0.0,"enemies":"3 Cultists","floor":24.0,"turns":3.0},{"damage":3.0,"enemies":"REME_1_Revenger","floor":25.0,"turns":4.0},{"damage":4.0,"enemies":"Masked Bandits","floor":27.0,"turns":2.0},{"damage":0,"enemies":"conspire:HollyBat","floor":30,"turns":4},{"damage":3,"enemies":"conspire:SneckoGhost","floor":31,"turns":3},{"damage":0,"enemies":"Pondfish","floor":33,"turns":4},{"damage":0,"enemies":"Orb Walker","floor":35,"turns":2},{"damage":0,"enemies":"3 Shapes","floor":36,"turns":2},{"damage":0,"enemies":"Transient","floor":38,"turns":6},{"damage":8,"enemies":"4 Shapes","floor":39,"turns":2},{"damage":0,"enemies":"R_Hoarder","floor":41,"turns":3},{"damage":0,"enemies":"Nemesis","floor":44,"turns":3},{"damage":0,"enemies":"Maw","floor":45,"turns":3},{"damage":0,"enemies":"Reptomancer","floor":46,"turns":3},{"damage":0,"enemies":"Time Eater","floor":50,"turns":4},{"damage":0,"enemies":"Awakened One","floor":51,"turns":3},{"damage":0,"enemies":"Shield and Spear","floor":55,"turns":3},{"damage":9,"enemies":"The Heart","floor":56,"turns":5}],"seed_played":"-1808941042109667157","potions_obtained":[{"floor":4.0,"key":"Dota2Spire:HealingSalve"},{"floor":5.0,"key":"GamblersBrew"},{"floor":14.0,"key":"SpeedPotion"},{"floor":18.0,"key":"EssenceOfSteel"},{"floor":22.0,"key":"SkillPotion"},{"floor":24.0,"key":"PowerPotion"},{"floor":25.0,"key":"Block Potion"}],"is_trial":false,"path_per_floor":["M","?","$","M","M","R","E","R","T","R","M","E","?","M","R","B",null,"M","?","M","?","M","E","M","E","T","?","$","R","M","E","R","B",null,"M","M","?","M","M","R","E","$","T","E","M","E","R","$","R","B","B",null,"R","$","E","B",null],"character_chosen":"THE_SILENT","items_purchased":["Well Laid Plans","Sadistic Nature","Bag of Preparation","Elixir","DollysMirror"],"campfire_rested":0,"item_purchase_floors":[3,15,40,42,48],"current_hp_per_floor":[59,59,59,59,50,50,42,42,42,42,43,41,41,43,43,53,63,65,65,61,61,63,59,61,60,60,58,58,58,60,59,59,61,65,66,66,66,66,58,58,60,60,60,62,64,66,66,66,66,66,66,66,66,66,66,57],"gold":115,"neow_bonus":"BOSS_RELIC","is_daily":false,"chose_seed":false,"campfire_upgraded":6,"win_rate":0.0,"timestamp":1611289898,"path_taken":["M","?","$","?","M","R","E","R","T","R","M","E","?","?","R","BOSS","M","?","M","?","M","E","M","E","T","?","?","R","M","E","R","BOSS","M","M","?","M","M","R","E","?","T","E","M","E","R","$","R","BOSS","BOSS","R","$","E","BOSS"],"items_purchased_type":["Card","Card","Relic","Potion","Relic"],"build_version":"2020-12-22","purchased_purges":3,"victory":true,"max_hp_per_floor":[66,66,66,66,66,66,66,66,66,66,66,66,66,66,66,66,66,66,66,66,66,66,66,66,66,66,66,66,66,66,66,66,66,66,66,66,66,66,66,66,66,66,66,66,66,66,66,66,66,66,66,66,66,66,66,66],"relic_stats":{"Blood Vial":36,"Nunchaku":[6],"Busted Crown":56,"counters":[30,98],"Pen Nib":[9],"Bag of Preparation":[16],"Orichalcum":[6],"obtain_stats":[{"Basket Of Snakes":25,"Dota2Spire:ArmletOfMordiggian":46,"Pen Nib":34,"Bag of Preparation":40,"Orichalcum":31,"White Beast Statue":41,"WarpedTongs":2,"Blood Vial":7,"Nunchaku":43,"Replay:Bandana":44,"Busted Crown":0,"DollysMirror":48,"conspire:DecoderRing":23,"Dota2Spire:BladeMail":55,"Pandora\u0027s Box":0,"Replay:Bottled Flurry":9,"qcfpunch:Red_Headband":12,"Red Mask":27,"Dota2Spire:ArcaneBoots":34,"REME_LowDesire":34,"REME_ComplimentaryCards":0,"Runic Pyramid":17},{"Basket Of Snakes":14,"Dota2Spire:ArmletOfMordiggian":26,"Pen Nib":18,"Bag of Preparation":22,"Orichalcum":17,"White Beast Statue":23,"WarpedTongs":1,"Blood Vial":4,"Nunchaku":23,"Replay:Bandana":24,"Busted Crown":0,"DollysMirror":26,"conspire:DecoderRing":12,"Dota2Spire:BladeMail":29,"Pandora\u0027s Box":0,"Replay:Bottled Flurry":4,"qcfpunch:Red_Headband":6,"Red Mask":15,"Dota2Spire:ArcaneBoots":18,"REME_LowDesire":18,"REME_ComplimentaryCards":0,"Runic Pyramid":8},{"Basket Of Snakes":46,"Dota2Spire:ArmletOfMordiggian":83,"Pen Nib":59,"Bag of Preparation":71,"Orichalcum":55,"White Beast Statue":74,"WarpedTongs":2,"Blood Vial":10,"Nunchaku":74,"Replay:Bandana":77,"Busted Crown":0,"DollysMirror":83,"conspire:DecoderRing":39,"Dota2Spire:BladeMail":93,"Pandora\u0027s Box":0,"Replay:Bottled Flurry":10,"qcfpunch:Red_Headband":17,"Red Mask":48,"Dota2Spire:ArcaneBoots":59,"REME_LowDesire":59,"REME_ComplimentaryCards":0,"Runic Pyramid":30}],"WarpedTongs":[95]},"card_choices":[{"not_picked":[],"picked":"Dagger Throw","floor":1.0},{"not_picked":["Sucker Punch"],"picked":"SKIP","floor":4.0},{"not_picked":["Sucker Punch"],"picked":"SKIP","floor":5.0},{"not_picked":[],"picked":"PiercingWail","floor":7.0},{"not_picked":[],"picked":"Prepared","floor":11.0},{"not_picked":["Skewer"],"picked":"SKIP","floor":12.0},{"not_picked":["Dagger Throw"],"picked":"SKIP","floor":14.0},{"not_picked":[],"picked":"After Image","floor":16.0},{"not_picked":["Deflect"],"picked":"SKIP","floor":18.0},{"not_picked":[],"picked":"Reflex","floor":20.0},{"not_picked":["ReplayTheSpireMod:Tripwire"],"picked":"SKIP","floor":22.0},{"not_picked":[],"picked":"Leg Sweep","floor":23.0},{"not_picked":["Deflect"],"picked":"SKIP","floor":24.0},{"not_picked":["Underhanded Strike"],"picked":"SKIP","floor":25.0},{"not_picked":[],"picked":"Backflip+1","floor":27.0},{"not_picked":["ReplayTheSpireMod:Exploit Weakness"],"picked":"SKIP","floor":30},{"not_picked":["Flechettes"],"picked":"SKIP","floor":31},{"not_picked":["Dodge and Roll+1","Replay:Parry"],"picked":"SKIP","floor":35},{"not_picked":["Blade Dance","Panache"],"picked":"SKIP","floor":36},{"not_picked":["Cloak And Dagger"],"picked":"Madness","floor":38},{"not_picked":["Deflect","REME_MawOfCthun"],"picked":"SKIP","floor":39},{"not_picked":["Dagger Throw","Panacea"],"picked":"SKIP","floor":41},{"not_picked":["Blur+1","Thinking Ahead"],"picked":"SKIP","floor":44},{"not_picked":["Blade Dance","Replay:Sssssssssstrike"],"picked":"SKIP","floor":45},{"not_picked":["Slice","Transmutation"],"picked":"SKIP","floor":46},{"not_picked":["Slice","Transmutation"],"picked":"SKIP","floor":46},{"not_picked":["Finisher"],"picked":"Midas Touch","floor":55}],"player_experience":1195942,"relics_obtained":[{"floor":7.0,"key":"Blood Vial"},{"floor":9.0,"key":"Replay:Bottled Flurry"},{"floor":12.0,"key":"qcfpunch:Red_Headband"},{"floor":23.0,"key":"conspire:DecoderRing"},{"floor":25.0,"key":"Basket Of Snakes"},{"floor":27.0,"key":"Red Mask"},{"floor":31,"key":"Orichalcum"},{"floor":34,"key":"Pen Nib"},{"floor":34,"key":"Dota2Spire:ArcaneBoots"},{"floor":41,"key":"White Beast Statue"},{"floor":43,"key":"Nunchaku"},{"floor":44,"key":"Replay:Bandana"},{"floor":46,"key":"Dota2Spire:ArmletOfMordiggian"},{"floor":55,"key":"Dota2Spire:BladeMail"}],"event_choices":[{"damage_healed":0.0,"max_hp_gain":0.0,"max_hp_loss":0.0,"gold_gain":0.0,"event_name":"Accursed Blacksmith","player_choice":"Rummage","floor":2.0,"gold_loss":0.0,"damage_taken":0.0,"relics_obtained":["WarpedTongs"],"cards_obtained":["Pain"]},{"damage_healed":0.0,"max_hp_gain":0.0,"max_hp_loss":0.0,"gold_gain":0.0,"cards_transformed":["Sucker Punch"],"event_name":"Transmorgrifier","player_choice":"Transformed","floor":13.0,"gold_loss":0.0,"damage_taken":0.0,"cards_obtained":["conspire:PoisonWeapons"]},{"damage_healed":0.0,"max_hp_gain":0.0,"max_hp_loss":0.0,"gold_gain":0.0,"event_name":"The Library","player_choice":"Read","floor":19.0,"gold_loss":0.0,"damage_taken":0.0,"cards_obtained":["Calculated Gamble"]},{"cards_removed":["Flying Knee"],"damage_healed":0.0,"max_hp_gain":0.0,"max_hp_loss":0.0,"gold_gain":0.0,"event_name":"Back to Basics","player_choice":"Elegance","floor":21.0,"gold_loss":0.0,"damage_taken":0.0},{"damage_healed":0.0,"max_hp_gain":0.0,"max_hp_loss":0.0,"gold_gain":0.0,"event_name":"Masked Bandits","player_choice":"Fought Bandits","floor":27.0,"gold_loss":0.0,"damage_taken":0.0},{"damage_healed":0,"gold_gain":0,"player_choice":"Upgraded","damage_taken":0,"max_hp_gain":0,"max_hp_loss":0,"event_name":"Upgrade Shrine","floor":37,"gold_loss":0,"cards_upgraded":["Reflex"]}],"is_beta":false,"boss_relics":[{"not_picked":["Ectoplasm","Velvet Choker"],"picked":"Runic Pyramid"},{"not_picked":["qcfpunch:Crimson_Sash","energizedSpire:NeverEndingSparkler"],"picked":"REME_LowDesire"}],"items_purged_floors":[3,28,32],"is_endless":false,"potions_floor_spawned":[4,5,14,18,22,24,25,31,33,36,41,44,45,46,55],"ascension_level":20}}