{"host":"mmxi1hjn5usmb1ga","time":1611329013,"event":{"mods":["BaseMod","BetterRewards","Downfall","Minty Spire (QoL Compilation)","Quick Restart","READ ME - Guardian Mod","READ ME - Snecko Mod","RumiaBox-露米娅的神秘盒子","Shop Mod","StSLib","Td1madao Mod","The Bug Knight","Yuri Mod","[IsaacMod]以撒尖塔"],"gold_per_floor":[99,112,112,112,112,144,144,177,177,208,242,142,161,315,334,411,411,511,521,531,731,831,869,946,946,968,630,674,285,285,329,346,435,435,606,620,656,656,111,111,120,140,184,269,278,278,308,357,375,384,384,424,160,160,160,160,160],"floor_reached":55,"language":"ZHS","playtime":1639,"items_purged":[],"score":2380,"play_id":"e76d6a62-ddb9-48af-a16e-5068d98ad9e6","local_time":"20210122232333","daily_mods":["Hoarder","Flight","Cursed Run"],"is_ascension_mode":true,"campfire_choices":[{"data":"Wraith Form v2","floor":1.0,"key":"SMITH"},{"floor":12,"key":"RECALL"},{"data":"yuri:GhostForm","floor":18,"key":"SMITH"},{"data":"Slimebound:DuplicatedForm","floor":30,"key":"SMITH"},{"data":"yuri:DragonForm","floor":35,"key":"SMITH"}],"circlet_count":0,"master_deck":["Demon Form+1","Wraith Form v2+1","Echo Form+1","DevaForm+1","bronze:Verify+1","Guardian:ConstructionForm+1","Slimebound:DuplicatedForm+1","yuri:DragonForm+1","yuri:GhostForm+1","AscendersBane","bronze:Strike+1","bronze:Strike+1","bronze:Strike+1","bronze:Strike+1","bronze:Defend+1","bronze:Defend+1","bronze:Defend+1","bronze:Defend+1","bronze:Replicate+1","bronze:Goto+1","bronze:Overload+1","bronze:Overload+1","bronze:Overload+1","Regret","Regret","Regret","bronze:RecursiveStrike+1","bronze:RecursiveStrike+1","bronze:RecursiveStrike+1","Regret","Regret","Regret","bronze:DarkDash+1","bronze:DarkDash+1","bronze:DarkDash+1","Echo Form+1","Echo Form+1","Echo Form+1","DevaForm+1","DevaForm+1","DevaForm+1","Doubt","Doubt","Doubt","bronze:Flail+1","bronze:Flail+1","bronze:Flail+1","bronze:Flail+1","bronze:Flail+1","bronze:Flail+1","bronze:ForceShield+1","bronze:ForceShield+1","bronze:ForceShield+1","Clumsy","Clumsy","Clumsy","bronze:RecursiveStrike+1","bronze:RecursiveStrike+1","bronze:RecursiveStrike+1","bronze:Optimize+1","bronze:Optimize+1","bronze:Optimize+1","downfall:Haunted","downfall:Haunted","downfall:Haunted","bronze:ItsAFeature+1","bronze:ItsAFeature+1","bronze:ItsAFeature+1","bronze:ForceShield+1","bronze:ForceShield+1","bronze:ForceShield+1","bronze:Branch+1","bronze:Branch+1","bronze:Branch+1","bronze:Safeguard+1","bronze:Safeguard+1","bronze:Safeguard+1","downfall:Icky","downfall:Icky","downfall:Icky","bronze:BuggyMess+1","bronze:BuggyMess+1","bronze:BuggyMess+1","bronze:BugBarrage+1","bronze:BugBarrage+1","bronze:BugBarrage+1","bronze:BugBarrage+1","bronze:BugBarrage+1","bronze:BugBarrage+1","bronze:Fortify+1","bronze:Fortify+1","bronze:Fortify+1","Decay","Decay","Decay","bronze:BurnOut+1","bronze:BurnOut+1","bronze:BurnOut+1","Decay","Decay","Decay","downfall:Haunted","downfall:Haunted","downfall:Haunted","bronze:Mutator+1","bronze:Mutator+1","bronze:Mutator+1","Parasite","Parasite","Parasite","expansioncontent:LastStand+1","expansioncontent:LastStand+1","expansioncontent:LastStand+1","Regret","Regret","Regret","bronze:MaxOutput+1","bronze:MaxOutput+1","bronze:MaxOutput+1"],"relics":["Cursed Key","Darkstone Periapt","Du-Vu Doll","HushsDoor","Bronze Scales","Ccalipers","DoctorsRemote","StrikeDummy","Centennial Puzzle","SSSystem","Whetstone","Coffee Dripper","MutagenicStrength","CeramicFish","Singing Bowl","bronze:BronzeIdol","TheBattery","Tiny Chest","Eternal Feather","Frozen Egg 2","champ:Barbells","Art of War","Runic Dome","GuppysHead","PreservedInsect","Bottled Flame","bronze:CableSpool","HollowMod:StagPassRelic","GodSword3","Blood Vial","Void","Bag of Preparation","GodSword7"],"acts_visited":["Exordium","TheCity","TheBeyond","TheEnding"],"potions_floor_usage":[10,16],"damage_taken":[{"damage":2.0,"enemies":"Small Slimes","floor":2.0,"turns":6.0},{"damage":6,"enemies":"Lagavulin","floor":6,"turns":8},{"damage":0,"enemies":"Gremlin Nob","floor":8,"turns":2},{"damage":38,"enemies":"3 Sentries","floor":10,"turns":5},{"damage":3,"enemies":"Gremlin Nob","floor":11,"turns":2},{"damage":15,"enemies":"2 Louse","floor":13,"turns":1},{"damage":0,"enemies":"3 Sentries","floor":14,"turns":2},{"damage":0,"enemies":"Cultist","floor":15,"turns":1},{"damage":43,"enemies":"WA_ARCHETYPE_RETAIN","floor":16,"turns":3},{"damage":24,"enemies":"Chosen","floor":19,"turns":3},{"damage":13,"enemies":"3 Byrds","floor":20,"turns":2},{"damage":31,"enemies":"downfall:Augmenter","floor":22,"turns":2},{"damage":3,"enemies":"Slavers","floor":23,"turns":2},{"damage":3,"enemies":"3 Cultists","floor":26,"turns":2},{"damage":17,"enemies":"downfall:FleeingMerchant","floor":27,"turns":4},{"damage":6,"enemies":"Book of Stabbing","floor":28,"turns":2},{"damage":1,"enemies":"downfall:FleeingMerchant","floor":29,"turns":4},{"damage":0,"enemies":"Slavers","floor":31,"turns":1},{"damage":0,"enemies":"Snecko","floor":32,"turns":1},{"damage":17,"enemies":"DF_ARCHETYPE_CLAW","floor":33,"turns":4},{"damage":0,"enemies":"3 Shapes","floor":36,"turns":1},{"damage":11,"enemies":"Orb Walker","floor":42,"turns":2},{"damage":2,"enemies":"Reptomancer","floor":43,"turns":2},{"damage":46,"enemies":"Nemesis","floor":47,"turns":3},{"damage":16,"enemies":"2 Orb Walkers","floor":48,"turns":2},{"damage":0,"enemies":"Maw","floor":49,"turns":1},{"damage":11,"enemies":"IC_BLOCK_ARCHETYPE","floor":50,"turns":5},{"damage":10,"enemies":"downfall:CharBossMerchant","floor":52,"turns":3},{"damage":22,"enemies":"downfall:NeowBoss","floor":55,"turns":8}],"seed_played":"5604166155191226233","potions_obtained":[{"floor":2.0,"key":"Regen Potion"},{"floor":8,"key":"Explosive Potion"},{"floor":10,"key":"Explosive Potion"},{"floor":19,"key":"FairyPotion"},{"floor":33,"key":"PowerPotion"}],"is_trial":true,"path_per_floor":["R","M","?","?","?","E","T","E","?","E","E","R","M","E","M","B",null,"R","M","M","?","?","E","T","?","M","$","E","$","R","E","M","B",null,"R","M","?","?","$","R","T","M","E","T","?","R","E","?","M","B",null,"E","$","R","B"],"character_chosen":"THE_AUTOMATON","items_purchased":["bronze:BronzeIdol","TheBattery","Eternal Feather","Frozen Egg 2","champ:Barbells","GuppysHead","Bottled Flame","bronze:CableSpool","GodSword7"],"campfire_rested":0,"item_purchase_floors":[27,27,29,29,29,34,39,39,53],"current_hp_per_floor":[57,63,63,45,63,75,93,93,111,73,70,80,80,63,63,53,118,74,50,37,55,24,21,39,39,36,36,30,29,80,80,82,83,157,167,169,187,187,187,198,216,207,205,223,223,236,192,180,184,208,246,238,238,258,236,236,236],"gold":160,"neow_bonus":"","is_daily":false,"chose_seed":false,"campfire_upgraded":4,"win_rate":0.0,"timestamp":1611329013,"path_taken":["R","M","?","?","?","E","T","E","?","E","E","R","?","E","M","BOSS","R","M","M","?","?","E","T","?","?","$","E","$","R","E","M","BOSS","R","M","?","?","$","R","T","?","E","?","?","R","E","?","M","BOSS","E","$","R","BOSS"],"items_purchased_type":["Relic","Relic","Relic","Relic","Relic","Relic","Relic","Relic","Relic"],"build_version":"2020-12-22","purchased_purges":0,"victory":false,"max_hp_per_floor":[63,63,63,63,81,77,95,95,113,111,111,121,121,121,121,139,139,139,139,137,155,155,155,173,173,173,173,173,171,171,171,173,191,181,188,190,208,198,198,198,216,218,218,236,236,236,238,240,242,258,258,258,258,258,258,258,258],"card_choices":[{"not_picked":["bronze:NullPointer","bronze:Turbo"],"picked":"bronze:Overload","floor":2.0},{"not_picked":["bronze:Constructor","bronze:Overheat"],"picked":"bronze:RecursiveStrike","floor":6},{"not_picked":["bronze:Deprecate","bronze:Shield"],"picked":"bronze:DarkDash","floor":8},{"not_picked":["bronze:Philosophize","bronze:CutThrough"],"picked":"bronze:Flail","floor":10},{"not_picked":["bronze:Frontload","bronze:Constructor"],"picked":"bronze:Flail","floor":11},{"not_picked":["bronze:Invalidate","bronze:ClassDefault","bronze:Boost"],"picked":"SKIP","floor":13},{"not_picked":["bronze:WildBeam","bronze:BitShift","bronze:Break"],"picked":"SKIP","floor":14},{"not_picked":["bronze:OilSpill","bronze:Branch"],"picked":"bronze:ForceShield","floor":15},{"not_picked":["bronze:SpaghettiCode","bronze:HyperBeam"],"picked":"bronze:RecursiveStrike","floor":16},{"not_picked":["bronze:Frontload","bronze:Turbo"],"picked":"bronze:Optimize","floor":19},{"not_picked":["bronze:CutThrough","bronze:WildBeam+1","bronze:Turbo"],"picked":"SKIP","floor":20},{"not_picked":["bronze:Deprecate","bronze:Assembly"],"picked":"bronze:Branch+1","floor":22},{"not_picked":["bronze:Invalidate","bronze:Assembly"],"picked":"bronze:Safeguard","floor":23},{"not_picked":["bronze:Branch","bronze:WildBeam"],"picked":"bronze:BuggyMess+1","floor":26},{"not_picked":["bronze:Shield","bronze:Deprecate","bronze:FollowUp"],"picked":"Singing Bowl","floor":27},{"not_picked":["bronze:Shield","bronze:Constructor"],"picked":"bronze:BugBarrage","floor":28},{"not_picked":["bronze:InfiniteBeams","bronze:CutThrough"],"picked":"bronze:BugBarrage+1","floor":29},{"not_picked":["bronze:Deprecate","bronze:HyperBeam"],"picked":"bronze:Fortify","floor":31},{"not_picked":["bronze:WildBeam","bronze:Allocate","bronze:BuggyMess"],"picked":"Singing Bowl","floor":32},{"not_picked":["bronze:HyperBeam","bronze:ShipIt"],"picked":"bronze:BurnOut","floor":33},{"not_picked":["bronze:Deprecate","bronze:Constructor+1","bronze:Optimize+1"],"picked":"Singing Bowl","floor":36},{"not_picked":["bronze:Shell","bronze:Constructor","bronze:Frontload+1"],"picked":"Singing Bowl","floor":42},{"not_picked":["bronze:GetLatest","bronze:Overheat+1"],"picked":"bronze:Mutator+1","floor":43},{"not_picked":["expansioncontent:Chronoboost+1","expansioncontent:PrepareCrush"],"picked":"expansioncontent:LastStand+1","floor":45},{"not_picked":["bronze:Overheat","bronze:Turbo","bronze:BugBarrage"],"picked":"Singing Bowl","floor":47},{"not_picked":["bronze:ChosenStrike","bronze:WildBeam","bronze:DelayedSlice"],"picked":"Singing Bowl","floor":48},{"not_picked":["bronze:BitShift","bronze:DelayedSlice+1","bronze:Turbo+1"],"picked":"Singing Bowl","floor":49},{"not_picked":["bronze:DelayedGuard+1","bronze:WildBeam"],"picked":"bronze:MaxOutput+1","floor":52}],"player_experience":715783,"relics_obtained":[{"floor":6,"key":"DoctorsRemote"},{"floor":8,"key":"StrikeDummy"},{"floor":10,"key":"Centennial Puzzle"},{"floor":11,"key":"SSSystem"},{"floor":14,"key":"Whetstone"},{"floor":22,"key":"MutagenicStrength"},{"floor":23,"key":"CeramicFish"},{"floor":24,"key":"Singing Bowl"},{"floor":28,"key":"Tiny Chest"},{"floor":31,"key":"Art of War"},{"floor":37,"key":"PreservedInsect"},{"floor":41,"key":"HollowMod:StagPassRelic"},{"floor":43,"key":"MealTicket"},{"floor":44,"key":"GodSword3"},{"floor":47,"key":"Blood Vial"},{"floor":48,"key":"Void"},{"floor":52,"key":"Bag of Preparation"}],"event_choices":[{"cards_removed":["sneckomod:SerpentMind"],"damage_healed":0.0,"max_hp_gain":0.0,"max_hp_loss":0.0,"gold_gain":0.0,"event_name":"The Cleric","player_choice":"Card Removal","floor":3.0,"gold_loss":0.0,"damage_taken":0.0},{"damage_healed":0.0,"max_hp_gain":0.0,"max_hp_loss":0.0,"gold_gain":0.0,"event_name":"Scrap Ooze","player_choice":"Success","floor":4.0,"gold_loss":0.0,"damage_taken":18.0,"relics_obtained":["Bronze Scales"]},{"damage_healed":0.0,"max_hp_gain":0.0,"max_hp_loss":0.0,"gold_gain":0.0,"event_name":"Big Fish","player_choice":"Box","floor":5.0,"gold_loss":0.0,"damage_taken":0.0,"relics_obtained":["Ccalipers"],"cards_obtained":["Regret"]},{"damage_healed":0,"gold_gain":0,"player_choice":"Fight","damage_taken":0,"max_hp_gain":0,"max_hp_loss":0,"event_name":"Mysterious Sphere","floor":48,"gold_loss":0}],"is_beta":false,"boss_relics":[{"not_picked":["Empty Cage","AddBug"],"picked":"Coffee Dripper"},{"not_picked":[]},{"not_picked":["Black Star","SlaversCollar"],"picked":"Runic Dome"},{"not_picked":[]}],"items_purged_floors":[],"is_endless":false,"potions_floor_spawned":[2,8,10,11,15,19,23,32,33,47,48,49,52],"killed_by":"downfall:NeowBoss","ascension_level":20}}