{"host":"rs1c3lkx7vj3kohb","time":1611343966,"event":{"mods":["Act Like it!","Aspiration","BaseMod","BetterRewards","Chen","Colored Map","Colored Powertips","Downfall","Friendly Minions","Gensokyo","Gremlin Mod","Hallownest","Hermit","Hero for Fun","KinomotoSakuraMod(木之本樱)","Koishi","KomeijiMod","LagranYue(拉格朗・月)","Luminous","Marisa（F雨　魔理沙）","Minty Spire (QoL Compilation)","Onozuka Komachi Mod","Prisma Mod","Quick Restart","Reimu（博丽灵梦）","Remilia（蕾米莉亚）","SOS（斯巴达之子）","Shop Mod","StSLib","The Administrix","The Alterego","The Cursed","The Senshi","The Servant 0.9.4","Waifu the Spire","WarShipGirlsR/战舰少女R mod","Yakumo Yukari mod","Yohane!","Youmu（魂魄妖梦）","Yuri Mod","Yuyuko"],"gold_per_floor":[118,118,129,145,162,195,211,224,224,224,28,38,38,69,69,165,165,185,198,211,22,293,293,326,326,326,326,336,364,378,410,410,512,512,529,529,529,529],"floor_reached":37,"language":"ZHS","playtime":4519,"items_purged":["theSenshi:SailorBlock"],"score":441,"play_id":"4f5d1aa7-849a-4c48-b81d-29116d4ee8ff","local_time":"20210123033246","is_ascension_mode":false,"campfire_choices":[{"data":"theSenshi:CrisisMakeUp","floor":10,"key":"SMITH"},{"data":"theSenshi:MoonPrincessHalation","floor":13,"key":"SMITH"},{"data":"theSenshi:SailorStarMakerAssists","floor":15,"key":"SMITH"},{"data":"Apotheosis","floor":23,"key":"SMITH"},{"floor":25,"key":"RECALL"},{"data":"theSenshi:SailorStarMakerAssists","floor":32,"key":"SMITH"}],"circlet_count":0,"master_deck":["theSenshi:SailorKick","theSenshi:SailorKick","theSenshi:SailorKick","theSenshi:SailorKick","theSenshi:SailorBlock","theSenshi:SailorBlock","theSenshi:MoonPrismPowerMakeUp","theSenshi:SailorMarsAssists","Impatience","theSenshi:CrisisMakeUp+1","theSenshi:LunaWiseMentor","theSenshi:InTheNickOfTime","theSenshi:SchoolBag","theSenshi:SailorVenusAssists","theSenshi:SailorStarMakerAssists+1","theSenshi:MoonHealingEscalation","theSenshi:MoonPrincessHalation+1","theSenshi:MoonPrincessHalation","theSenshi:SailorChibiMoonAssists","theSenshi:SaturnsMystery","theSenshi:LunaSensingAllies","theSenshi:VenusGlamour","theSenshi:MoonPunch+1","Apotheosis+1","theSenshi:SailorChibiMoonAssists","Hallownest:curseDreamersLament","theSenshi:SailorChibiMoonAssists","theSenshi:SailorStarMakerAssists+1","theSenshi:SailorMercuryAssists","theSenshi:MoonPrincessHalation","theSenshi:MoonGorgeousMeditation"],"relics":["theSenshi:TransformationBroochRelic","LagranYue:RandomDrawCardRelic","theSenshi:ChokerRelic","TungstenRod","Eternal Feather","Bag of Marbles","theSenshi:CosmicHeartCompactRelic","aspiration:FutureDiary","Bottled Lightning","Bottled Tornado","Hallownest:WatcherSealRelic","Omamori","StoneCalendar","LagranYue:ContractPerformanceRelic"],"acts_visited":["Hallownest:Greenpath","Hallownest:CityofTears","TheBeyond"],"potions_floor_usage":[6,6,29,29],"damage_taken":[{"damage":0.0,"enemies":"Hallownest:monsterHuskWarrior","floor":1.0,"turns":3.0},{"damage":0.0,"enemies":"Hallownest:monsterHuskGuard","floor":3.0,"turns":4.0},{"damage":4.0,"enemies":"2_ Uuma","floor":4.0,"turns":5.0},{"damage":0.0,"enemies":"Hallownest:monsterMossCharger","floor":5.0,"turns":5.0},{"damage":7,"enemies":"Hallownest:eliteCrystalGuardian","floor":6,"turns":6},{"damage":5,"enemies":"Hallownest:1_Baldur_1_Crawlid_1_Warrior","floor":7,"turns":6},{"damage":1,"enemies":"Hallownest:Wandering_and_Horned","floor":8,"turns":8},{"damage":11,"enemies":"Hallownest:1_Ooma_and_2_Uuma","floor":12,"turns":9},{"damage":18,"enemies":"Hallownest:eliteMossKnight","floor":14,"turns":10},{"damage":49,"enemies":"Hallownest:BossBrokenVessel","floor":16,"turns":11},{"damage":10,"enemies":"Hallownest:Guard_and_Sentry","floor":18,"turns":6},{"damage":13,"enemies":"Hallownest:3_Youths","floor":19,"turns":8},{"damage":12,"enemies":"Hallownest:Warrior_and_Youth","floor":20,"turns":7},{"damage":6,"enemies":"Hallownest:Nosk","floor":24,"turns":4},{"damage":10,"enemies":"Hallownest:2_Flukemon","floor":28,"turns":6},{"damage":32,"enemies":"Hallownest:eliteWatcherKnight","floor":29,"turns":11},{"damage":34,"enemies":"Hallownest:Master_and_Novice","floor":30,"turns":4},{"damage":7,"enemies":"Hallownest:Nosk","floor":31,"turns":7},{"damage":35,"enemies":"Hallownest:BossSoulMaster","floor":33,"turns":8},{"damage":21,"enemies":"3 Darklings","floor":35,"turns":5}],"seed_played":"2709088259117098748","potions_obtained":[{"floor":1.0,"key":"Guardian:BlockOnCardUsePotion"},{"floor":3.0,"key":"AttackPotion"},{"floor":7,"key":"CalmPotion"},{"floor":16,"key":"Fire Potion"},{"floor":19,"key":"Fire Potion"},{"floor":24,"key":"bronze:BurnAndBuffPotion"},{"floor":31,"key":"DuplicationPotion"},{"floor":35,"key":"CalmPotion"}],"is_trial":false,"path_per_floor":["M","?","M","M","M","E","M","M","T","R","$","M","R","E","R","B",null,"M","M","M","$","?","R","E","R","T","?","M","E","M","E","R","B",null,"M","?","?"],"character_chosen":"THE_SENSHI","items_purchased":["theSenshi:ChokerRelic","theSenshi:CrisisMakeUp","theSenshi:CosmicHeartCompactRelic","theSenshi:MoonPrincessHalation","Apotheosis"],"campfire_rested":0,"item_purchase_floors":[0,0,11,11,21],"current_hp_per_floor":[33,41,41,37,37,30,25,29,29,38,38,32,44,36,48,11,75,66,66,73,73,73,75,69,75,75,75,66,68,44,57,75,50,75,69,69,69,69],"gold":529,"neow_bonus":"","is_daily":false,"chose_seed":false,"campfire_upgraded":5,"win_rate":0.0,"timestamp":1611343966,"path_taken":["M","?","?","M","M","E","M","M","T","R","?","M","R","E","R","BOSS","M","M","M","$","?","R","E","R","T","?","M","E","M","E","R","BOSS","M","?","?"],"items_purchased_type":["Relic","Card","Relic","Card","Card"],"build_version":"2020-12-22","purchased_purges":1,"victory":false,"max_hp_per_floor":[75,75,75,75,75,75,75,75,75,75,75,75,75,75,75,75,75,75,75,75,75,75,75,75,75,75,75,75,75,75,75,75,75,75,75,75,75,75],"card_choices":[{"not_picked":["theSenshi:TuxedoSmokingBomber","theSenshi:SailorStarFighterAssists"],"picked":"theSenshi:LunaWiseMentor","floor":1.0},{"not_picked":["theSenshi:SchoolBag","theSenshi:LunasBite"],"picked":"theSenshi:InTheNickOfTime","floor":3.0},{"not_picked":["theSenshi:MoonKick","theSenshi:TuxedoMaskAssists"],"picked":"theSenshi:SchoolBag","floor":4.0},{"not_picked":["theSenshi:TuxedoSmokingBomber","theSenshi:InTheNickOfTime"],"picked":"theSenshi:SailorVenusAssists","floor":5.0},{"not_picked":["theSenshi:LunaWiseMentor","theSenshi:SailorChibiMoonAssists"],"picked":"theSenshi:SailorStarMakerAssists","floor":6},{"not_picked":["theSenshi:YouCanTalk","theSenshi:GatheringStrength"],"picked":"theSenshi:MoonHealingEscalation","floor":7},{"not_picked":["theSenshi:SailorUranusAssists","theSenshi:SailorVenusAssists"],"picked":"theSenshi:MoonPrincessHalation","floor":8},{"not_picked":["theSenshi:SupersonicWaves","theSenshi:EncouragingSpeech"],"picked":"theSenshi:SailorChibiMoonAssists","floor":12},{"not_picked":["theSenshi:MoonsReflection","theSenshi:LunasBite"],"picked":"theSenshi:SaturnsMystery","floor":14},{"not_picked":["theSenshi:JupitersPower","theSenshi:GlimpseOfThePast"],"picked":"theSenshi:LunaSensingAllies","floor":16},{"not_picked":["theSenshi:CrisisMakeUp","theSenshi:Sidestep","theSenshi:SailorNeptuneAssists"],"picked":"SKIP","floor":18},{"not_picked":["theSenshi:MoonsReflection","theSenshi:SchoolBag"],"picked":"theSenshi:VenusGlamour","floor":19},{"not_picked":["theSenshi:YouCanTalk","theSenshi:KlutzyLuck"],"picked":"theSenshi:MoonPunch+1","floor":20},{"not_picked":["theSenshi:OdangoHead","theSenshi:LateForSchool+1"],"picked":"theSenshi:SailorChibiMoonAssists","floor":24},{"not_picked":["theSenshi:MoonTwilightFlash","theSenshi:SchoolBag"],"picked":"theSenshi:SailorChibiMoonAssists","floor":28},{"not_picked":["theSenshi:TuxedoMaskAssists+1","theSenshi:SteeledNerves+1"],"picked":"theSenshi:SailorStarMakerAssists","floor":29},{"not_picked":["theSenshi:MoonSpiralHeartAttack","theSenshi:PlutosSolemnity+1"],"picked":"theSenshi:SailorMercuryAssists","floor":30},{"not_picked":["theSenshi:MoonSpiralHeartAttack","theSenshi:HesSoDreamy+1"],"picked":"theSenshi:MoonPrincessHalation","floor":31},{"not_picked":["theSenshi:ChibiMoonsLove","theSenshi:GlimpseOfThePast"],"picked":"theSenshi:MoonGorgeousMeditation","floor":33},{"not_picked":["theSenshi:SupersonicWaves+1","theSenshi:Sidestep","theSenshi:SailorPlanetPower+1"],"picked":"SKIP","floor":35}],"player_experience":378725,"relics_obtained":[{"floor":6,"key":"Eternal Feather"},{"floor":9,"key":"Bag of Marbles"},{"floor":14,"key":"aspiration:HiddenCompartment"},{"floor":24,"key":"Bottled Lightning"},{"floor":26,"key":"Bottled Tornado"},{"floor":29,"key":"Omamori"},{"floor":31,"key":"StoneCalendar"}],"event_choices":[{"cards_removed":["theSenshi:SailorBlock"],"damage_healed":0,"gold_gain":0,"player_choice":"Removed Skill","damage_taken":0,"max_hp_gain":0,"max_hp_loss":0,"event_name":"Falling","floor":36,"gold_loss":0}],"is_beta":false,"boss_relics":[{"not_picked":["bronze:MakeshiftBattery","aspiration:WatcherSkillbook"],"picked":"aspiration:FutureDiary"},{"not_picked":["Sozu","Empty Cage"],"picked":"LagranYue:ContractPerformanceRelic"}],"items_purged_floors":[0],"is_endless":false,"potions_floor_spawned":[1,3,7,16,19,20,24,28,31,35],"ascension_level":0}}