{"host":"d9m9v0h6vo0edadb","time":1611317430,"event":{"mods":["BaseMod","Hermit","Keyboard Shortcuts","Minty Spire (QoL Compilation)","StSLib","SuperFastMode","The Cursed"],"gold_per_floor":[116,131,149,74,88,88,120,100,124,124,159,176,176,176,176,249,249,249,249],"floor_reached":18,"language":"KOR","playtime":212,"items_purged":["Strike_B"],"score":340,"play_id":"46df3641-5a4b-47de-841a-6645f544bfbd","local_time":"20210122211030","is_ascension_mode":true,"campfire_choices":[{"data":"Coolheaded","floor":6.0,"key":"SMITH"},{"data":"Capacitor","floor":10,"key":"SMITH"},{"data":"Dualcast","floor":13,"key":"SMITH"},{"floor":15,"key":"REST"}],"circlet_count":0,"master_deck":["AscendersBane","Strike_B","Strike_B","Defend_B","Defend_B","Defend_B","Defend_B","Zap","Dualcast+1","Ball Lightning","Blizzard","Coolheaded+1","Cold Snap","Capacitor+1","BootSequence"],"relics":["Cracked Core","Juzu Bracelet","Pen Nib","Blood Vial","Black Star"],"acts_visited":["Exordium","TheCity"],"potions_floor_usage":[7,7,11,11,16],"damage_taken":[{"damage":1.0,"enemies":"Cultist","floor":1.0,"turns":3.0},{"damage":2.0,"enemies":"Small Slimes","floor":2.0,"turns":3.0},{"damage":2.0,"enemies":"Jaw Worm","floor":3.0,"turns":3.0},{"damage":7.0,"enemies":"Blue Slaver","floor":5.0,"turns":4.0},{"damage":10,"enemies":"Gremlin Nob","floor":7,"turns":3},{"damage":16,"enemies":"3 Sentries","floor":11,"turns":7},{"damage":2,"enemies":"Exordium Thugs","floor":12,"turns":4},{"damage":29,"enemies":"Slime Boss","floor":16,"turns":10},{"damage":16,"enemies":"3 Byrds","floor":18,"turns":3}],"seed_played":"-2746228695052150970","potions_obtained":[{"floor":0.0,"key":"BlessingOfTheForge"},{"floor":0.0,"key":"Strength Potion"},{"floor":7,"key":"Dexterity Potion"},{"floor":8,"key":"Explosive Potion"},{"floor":12,"key":"Strength Potion"}],"is_trial":false,"path_per_floor":["M","M","M","$","M","R","E","?","T","R","E","M","R","?","R","B",null,"M"],"character_chosen":"DEFECT","items_purchased":[],"campfire_rested":1,"item_purchase_floors":[],"current_hp_per_floor":[63,61,59,59,52,52,42,42,42,42,26,26,26,19,40,13,57,43,43],"gold":249,"neow_bonus":"THREE_SMALL_POTIONS","is_daily":false,"chose_seed":false,"campfire_upgraded":3,"win_rate":0.0,"timestamp":1611317430,"path_taken":["M","M","M","$","M","R","E","?","T","R","E","M","R","?","R","BOSS","M"],"items_purchased_type":[],"build_version":"2020-12-22","purchased_purges":1,"victory":false,"max_hp_per_floor":[71,71,71,71,71,71,71,71,71,71,71,71,71,71,71,71,71,71,71],"card_choices":[{"not_picked":["Cold Snap","Reinforced Body"],"picked":"Ball Lightning","floor":1.0},{"not_picked":["All For One","Barrage"],"picked":"Blizzard","floor":2.0},{"not_picked":["Undo","Compile Driver"],"picked":"Coolheaded","floor":3.0},{"not_picked":["Beam Cell","Chaos"],"picked":"Cold Snap","floor":5.0},{"not_picked":["Rebound","Cold Snap"],"picked":"Capacitor","floor":7},{"not_picked":["Turbo","Melter"],"picked":"BootSequence","floor":11},{"not_picked":["Conserve Battery","Beam Cell","Force Field"],"picked":"SKIP","floor":12}],"player_experience":985827,"relics_obtained":[{"floor":7,"key":"Juzu Bracelet"},{"floor":9,"key":"Pen Nib"},{"floor":11,"key":"Blood Vial"}],"event_choices":[{"damage_healed":0,"gold_gain":0,"player_choice":"Bought 1 Potion","damage_taken":0,"max_hp_gain":0,"max_hp_loss":0,"event_name":"The Woman in Blue","floor":8,"gold_loss":0},{"cards_removed":["Strike_B"],"damage_healed":0,"gold_gain":0,"player_choice":"Card Removal","damage_taken":7,"max_hp_gain":0,"max_hp_loss":0,"event_name":"Golden Wing","floor":14,"gold_loss":0}],"is_beta":false,"boss_relics":[{"not_picked":["Snecko Eye","Philosopher\u0027s Stone"],"picked":"Black Star"}],"items_purged_floors":[4],"is_endless":false,"potions_floor_spawned":[1,2,7,12],"killed_by":"3 Byrds","ascension_level":20}}