{"host":"neeznpvpgo0qgfkd","time":1611336633,"event":{"mods":["AchievementEnabler","BaseMod","BetterRewards","Colored Map","Colored Powertips","Exacting","Minty Spire (QoL Compilation)","Permanent Neow","Quick Restart","Shop Mod"],"gold_per_floor":[112,112,112,112,126,175,222,261,296,308,345,390,402,13,13,90,90,108,122,150,150,150,150,184,41,41,96,113,160,170,199,199,273,273,285,312,24,44,78,78,78],"floor_reached":40,"language":"ENG","playtime":2854,"items_purged":[],"score":1107,"play_id":"83ebc708-dee9-4708-afaa-ea818f329ae8","local_time":"20210122123033","is_ascension_mode":true,"campfire_choices":[{"floor":10,"key":"REST"},{"floor":13,"key":"REST"},{"floor":15,"key":"REST"},{"data":"Infinite Blades","floor":23,"key":"SMITH"},{"floor":32,"key":"REST"}],"circlet_count":0,"master_deck":["AscendersBane","Strike_G","Strike_G","Strike_G","Strike_G","Strike_G","Defend_G","Defend_G","Defend_G","Defend_G+1","Survivor","Neutralize","Footwork+1","Blade Dance","Dagger Spray","Deadly Poison","After Image+1","Infinite Blades+1","Poisoned Stab","Accuracy","Sadistic Nature","A Thousand Cuts","Noxious Fumes","Prepared","Underhanded Strike","Flying Knee","Tools of the Trade","Cloak And Dagger+1","Blade Dance","Accuracy","Glass Knife","Accuracy","Finisher","Bouncing Flask","Noxious Fumes"],"relics":["Ring of the Snake","Ninja Scroll","StoneCalendar","ClockworkSouvenir","Ginger","Orichalcum","Snake Skull","MawBank","StrikeDummy","FossilizedHelix","TwistedFunnel","Sozu","Question Card","Nunchaku","Strawberry","Pen Nib","Toy Ornithopter","Empty Cage","Bag of Preparation"],"acts_visited":["Exordium","TheCity","TheBeyond"],"potions_floor_usage":[16,24,40],"damage_taken":[{"damage":0,"enemies":"Jaw Worm","floor":1,"turns":4},{"damage":0,"enemies":"Small Slimes","floor":5,"turns":2},{"damage":13,"enemies":"3 Sentries","floor":6,"turns":7},{"damage":0,"enemies":"2 Louse","floor":7,"turns":2},{"damage":23,"enemies":"Lagavulin","floor":8,"turns":7},{"damage":9,"enemies":"Gremlin Nob","floor":11,"turns":4},{"damage":13,"enemies":"Exordium Wildlife","floor":12,"turns":4},{"damage":10,"enemies":"The Guardian","floor":16,"turns":7},{"damage":1,"enemies":"Shell Parasite","floor":18,"turns":4},{"damage":0,"enemies":"Chosen","floor":19,"turns":3},{"damage":16,"enemies":"Snecko","floor":20,"turns":4},{"damage":23,"enemies":"Book of Stabbing","floor":24,"turns":5},{"damage":0,"enemies":"Sentry and Sphere","floor":27,"turns":6},{"damage":3,"enemies":"Centurion and Healer","floor":28,"turns":5},{"damage":16,"enemies":"Slavers","floor":29,"turns":4},{"damage":0,"enemies":"Shelled Parasite and Fungi","floor":30,"turns":3},{"damage":14,"enemies":"Book of Stabbing","floor":31,"turns":4},{"damage":19,"enemies":"Champ","floor":33,"turns":8},{"damage":20,"enemies":"3 Darklings","floor":35,"turns":3},{"damage":0,"enemies":"3 Shapes","floor":36,"turns":3},{"damage":7,"enemies":"Sphere and 2 Shapes","floor":38,"turns":3},{"damage":43,"enemies":"3 Darklings","floor":39,"turns":4},{"damage":47,"enemies":"Giant Head","floor":40,"turns":6}],"seed_played":"-8153366405977865302","potions_obtained":[{"floor":11,"key":"Weak Potion"},{"floor":12,"key":"Explosive Potion"},{"floor":16,"key":"Poison Potion"}],"is_trial":false,"path_per_floor":["M","?","?","?","M","E","M","E","T","R","E","M","R","$","R","B",null,"M","M","M","?","?","R","E","$","T","M","M","E","M","E","R","B",null,"M","M","$","M","M","E"],"character_chosen":"THE_SILENT","items_purchased":["Ninja Scroll","StoneCalendar","ClockworkSouvenir","Footwork","Blade Dance","TwistedFunnel","Accuracy","Sadistic Nature","Nunchaku","Bag of Preparation","Accuracy","Finisher"],"campfire_rested":4,"item_purchase_floors":[0,0,0,0,0,14,14,14,25,37,37,37],"current_hp_per_floor":[59,59,48,28,30,17,27,4,4,24,25,12,32,32,52,42,62,61,61,45,45,45,45,22,22,29,29,37,32,32,18,40,21,62,42,53,53,57,14,0,0],"gold":78,"neow_bonus":"","is_daily":false,"chose_seed":false,"campfire_upgraded":1,"win_rate":0.0,"timestamp":1611336633,"path_taken":["M","?","?","?","?","E","?","E","T","R","E","M","R","$","R","BOSS","M","M","M","?","?","R","E","$","T","M","M","E","?","E","R","BOSS","M","M","$","M","M","E"],"items_purchased_type":["Relic","Relic","Relic","Card","Card","Relic","Card","Card","Relic","Relic","Card","Card"],"build_version":"2020-12-22","purchased_purges":0,"victory":false,"max_hp_per_floor":[66,66,66,66,68,68,68,68,68,68,68,68,68,68,68,68,68,68,68,68,68,68,68,68,68,75,75,75,75,75,75,75,75,75,75,75,75,75,75,75,75],"card_choices":[{"not_picked":["Riddle With Holes","Backstab"],"picked":"Dagger Spray","floor":1},{"not_picked":["Backflip","Sucker Punch"],"picked":"Deadly Poison","floor":5},{"not_picked":["Accuracy","Eviscerate"],"picked":"After Image","floor":6},{"not_picked":["Dodge and Roll","Masterful Stab","Reflex"],"picked":"SKIP","floor":7},{"not_picked":["Terror","Slice","Dagger Throw"],"picked":"SKIP","floor":8},{"not_picked":["Deflect","Wraith Form v2"],"picked":"Infinite Blades","floor":11},{"not_picked":["Sucker Punch","Dagger Throw"],"picked":"Poisoned Stab","floor":12},{"not_picked":["After Image","Phantasmal Killer"],"picked":"A Thousand Cuts","floor":16},{"not_picked":["Poisoned Stab","Deadly Poison"],"picked":"Noxious Fumes","floor":18},{"not_picked":["Backflip+1","Flying Knee"],"picked":"Prepared","floor":19},{"not_picked":["PiercingWail","Heel Hook"],"picked":"Underhanded Strike","floor":20},{"not_picked":["Sucker Punch","Predator"],"picked":"Flying Knee","floor":24},{"not_picked":["Flying Knee","Calculated Gamble","Underhanded Strike"],"picked":"Tools of the Trade","floor":27},{"not_picked":["Endless Agony","Slice","Poisoned Stab"],"picked":"Cloak And Dagger+1","floor":28},{"not_picked":["Catalyst","Masterful Stab","Flying Knee"],"picked":"Blade Dance","floor":29},{"not_picked":["Bullet Time","Predator","PiercingWail","Quick Slash"],"picked":"SKIP","floor":30},{"not_picked":["Dash","Escape Plan+1","Cloak And Dagger"],"picked":"Accuracy","floor":31},{"not_picked":["Grand Finale","After Image","Wraith Form v2"],"picked":"Glass Knife","floor":33},{"not_picked":["Dagger Spray+1","Sucker Punch","Reflex+1","Acrobatics+1"],"picked":"SKIP","floor":35},{"not_picked":["Dodge and Roll","Flying Knee","Outmaneuver","Reflex"],"picked":"SKIP","floor":36},{"not_picked":["Bullet Time","Outmaneuver","Escape Plan+1"],"picked":"Bouncing Flask","floor":38},{"not_picked":["Dagger Spray","Sucker Punch+1","Setup+1","Eviscerate+1"],"picked":"SKIP","floor":38},{"not_picked":["Underhanded Strike","Infinite Blades","Reflex+1"],"picked":"Noxious Fumes","floor":39}],"player_experience":1739033,"relics_obtained":[{"floor":6,"key":"MawBank"},{"floor":8,"key":"StrikeDummy"},{"floor":11,"key":"FossilizedHelix"},{"floor":24,"key":"Question Card"},{"floor":26,"key":"Strawberry"},{"floor":29,"key":"Pen Nib"},{"floor":31,"key":"Toy Ornithopter"}],"event_choices":[{"damage_healed":0,"gold_gain":0,"player_choice":"Box","damage_taken":0,"relics_obtained":["Orichalcum"],"max_hp_gain":0,"max_hp_loss":0,"event_name":"Big Fish","floor":2,"gold_loss":0,"cards_obtained":["Regret"]},{"damage_healed":0,"gold_gain":0,"player_choice":"Success","damage_taken":11,"relics_obtained":["Snake Skull"],"max_hp_gain":0,"max_hp_loss":0,"event_name":"Scrap Ooze","floor":3,"gold_loss":0},{"damage_healed":0,"gold_gain":0,"player_choice":"Entered Light","damage_taken":20,"max_hp_gain":0,"max_hp_loss":0,"event_name":"Shining Light","floor":4,"gold_loss":0,"cards_upgraded":["Footwork","Defend_G"]},{"damage_healed":0,"gold_gain":0,"player_choice":"Ignored","damage_taken":0,"max_hp_gain":0,"max_hp_loss":0,"event_name":"Vampires","floor":21,"gold_loss":0},{"damage_healed":0,"gold_gain":0,"player_choice":"Upgraded","damage_taken":0,"max_hp_gain":0,"max_hp_loss":0,"event_name":"Upgrade Shrine","floor":22,"gold_loss":0,"cards_upgraded":["After Image"]}],"is_beta":false,"boss_relics":[{"not_picked":["Velvet Choker","Pandora\u0027s Box"],"picked":"Sozu"},{"not_picked":["Runic Dome","Astrolabe"],"picked":"Empty Cage"}],"items_purged_floors":[],"is_endless":false,"potions_floor_spawned":[11,12,16,18,19,30,31,35,39],"killed_by":"Giant Head","ascension_level":15}}