{"host":"6hzrz31j95f2y1pa","time":1611294680,"event":{"mods":["BaseMod","Colored Map","Downfall","Minty Spire (QoL Compilation)","StSLib"],"gold_per_floor":[99,99,99,99,99,22,22,52,72,92,124,151,51,84,101,197,197,97,112,22,32,32,59,59,70,20,48,48,48,67,102,114,214,214,114,128,128,142,27,27,27,39,58,92,92,108,137,177,195,195,195,228,83,83,83,83,83,83],"floor_reached":56,"language":"ENG","playtime":3127,"items_purged":["bronze:Defend","bronze:Goto","bronze:Strike+1"],"score":1037,"play_id":"c09359c1-c87a-4acc-a3ec-6bc5983ed9a1","local_time":"20210122005120","is_ascension_mode":true,"campfire_choices":[{"floor":1.0,"key":"RECALL"},{"data":"bronze:Philosophize","floor":13.0,"key":"SMITH"},{"data":"bronze:Library","floor":18.0,"key":"SMITH"},{"data":"bronze:Shell","floor":28.0,"key":"SMITH"},{"data":"bronze:Overload","floor":35.0,"key":"SMITH"},{"floor":45.0,"key":"REST"},{"floor":54,"key":"REST"}],"circlet_count":0,"master_deck":["bronze:Strike+1","bronze:Strike+1","bronze:Defend+1","bronze:Defend+1","bronze:Replicate","bronze:OilSpill","bronze:Shell+1","bronze:Separator","bronze:CutThrough+1","bronze:Flail+1","bronze:Boost","bronze:ClassDefault","bronze:Constructor","bronze:Philosophize+1","bronze:Frontload","bronze:ChildClass","bronze:Library+1","bronze:OilSpill+1","bronze:ItsAFeature","bronze:BronzeArmor","bronze:Overload+1","bronze:BitShift+1","bronze:BurnOut","bronze:Branch","bronze:FineTuning","bronze:Format","bronze:Repair+1","bronze:DelayedGuard+1","bronze:ShipIt","expansioncontent:StudyTheSpire"],"relics":["bronze:BronzeCore","downfall:HeartsMalice","Orichalcum","Pen Nib","Darkstone Periapt","Odd Mushroom","downfall:HeartBlessingRed","MealTicket","bronze:MakeshiftBattery","downfall:HeartBlessingGreen","PreservedInsect","Kunai","Boot","bronze:ProtectiveGoggles","bronze:ElectromagneticCoil","downfall:HeartBlessingBlue","Letter Opener","Singing Bowl","Ornamental Fan","Anchor","Whetstone"],"acts_visited":["Exordium","TheCity","TheBeyond","TheEnding"],"potions_floor_usage":[48,56,56,56],"damage_taken":[{"damage":0.0,"enemies":"2 Louse","floor":3.0,"turns":1.0},{"damage":0.0,"enemies":"Cultist","floor":5.0,"turns":1.0},{"damage":0.0,"enemies":"downfall:FleeingMerchant","floor":6.0,"turns":1.0},{"damage":30.0,"enemies":"Lagavulin","floor":8.0,"turns":5.0},{"damage":6.0,"enemies":"Small Slimes","floor":9.0,"turns":2.0},{"damage":9.0,"enemies":"2 Fungi Beasts","floor":10.0,"turns":3.0},{"damage":10.0,"enemies":"3 Sentries","floor":11.0,"turns":7.0},{"damage":0.0,"enemies":"The Mushroom Lair","floor":12.0,"turns":2.0},{"damage":0.0,"enemies":"Gremlin Nob","floor":14.0,"turns":3.0},{"damage":3.0,"enemies":"Blue Slaver","floor":15.0,"turns":3.0},{"damage":21.0,"enemies":"WA_ARCHETYPE_RETAIN","floor":16.0,"turns":6.0},{"damage":16.0,"enemies":"Shell Parasite","floor":19.0,"turns":4.0},{"damage":0.0,"enemies":"downfall:FleeingMerchant","floor":20.0,"turns":4.0},{"damage":0.0,"enemies":"3 Byrds","floor":21.0,"turns":3.0},{"damage":22.0,"enemies":"Book of Stabbing","floor":23.0,"turns":6.0},{"damage":1.0,"enemies":"Centurion and Healer","floor":25.0,"turns":3.0},{"damage":15.0,"enemies":"Gremlin Leader","floor":27.0,"turns":6.0},{"damage":6.0,"enemies":"Chosen and Byrds","floor":30.0,"turns":4.0},{"damage":21.0,"enemies":"Slavers","floor":31.0,"turns":5.0},{"damage":8.0,"enemies":"Snecko","floor":32.0,"turns":4.0},{"damage":16.0,"enemies":"DF_ARCHETYPE_CLAW","floor":33.0,"turns":7.0},{"damage":6.0,"enemies":"3 Shapes","floor":36.0,"turns":5.0},{"damage":30.0,"enemies":"3 Darklings","floor":38.0,"turns":7.0},{"damage":0.0,"enemies":"downfall:FleeingMerchant","floor":39.0,"turns":4.0},{"damage":12.0,"enemies":"Spire Growth","floor":42.0,"turns":5.0},{"damage":25.0,"enemies":"Sphere and 2 Shapes","floor":43.0,"turns":4.0},{"damage":0.0,"enemies":"Reptomancer","floor":44.0,"turns":2.0},{"damage":15.0,"enemies":"Writhing Mass","floor":46.0,"turns":7.0},{"damage":1.0,"enemies":"Giant Head","floor":47.0,"turns":6.0},{"damage":0,"enemies":"downfall:FleeingMerchant","floor":48,"turns":4},{"damage":8,"enemies":"Maw","floor":49,"turns":8},{"damage":26,"enemies":"SI_POISON_ARCHETYPE","floor":50,"turns":8},{"damage":53,"enemies":"downfall:CharBossMerchant","floor":52,"turns":8},{"damage":33,"enemies":"downfall:NeowBoss","floor":55,"turns":12},{"damage":80,"enemies":"downfall:NeowBossFinal","floor":56,"turns":8}],"seed_played":"-7744243829760887202","potions_obtained":[{"floor":2.0,"key":"SmokeBomb"},{"floor":2.0,"key":"Regen Potion"},{"floor":2.0,"key":"DuplicationPotion"},{"floor":8.0,"key":"Guardian:BlockOnCardUsePotion"},{"floor":11.0,"key":"EntropicBrew"},{"floor":14.0,"key":"LiquidBronze"},{"floor":16.0,"key":"Swift Potion"},{"floor":21.0,"key":"EssenceOfSteel"},{"floor":25.0,"key":"Guardian:BlockOnCardUsePotion"},{"floor":27.0,"key":"LiquidBronze"},{"floor":30.0,"key":"Regen Potion"},{"floor":32.0,"key":"Strength Potion"},{"floor":43.0,"key":"LiquidMemories"},{"floor":44.0,"key":"Strength Potion"},{"floor":49,"key":"PowerPotion"}],"is_trial":false,"path_per_floor":["R","?","M","?","M","$","T","E","M","M","E","?","R","E","M","B",null,"R","M","$","M","?","E","T","M","?","E","R","T","M","E","M","B",null,"R","M","?","M","$","?","T","M","M","E","R","M","E","$","M","B",null,"E","$","R","B","B"],"character_chosen":"THE_AUTOMATON","items_purchased":["bronze:Flail","expansioncontent:StudyTheSpire","Whetstone"],"campfire_rested":2,"item_purchase_floors":[6,48,53],"current_hp_per_floor":[70,70,70,70,70,70,70,40,34,25,30,30,30,30,27,6,70,70,54,69,69,69,47,47,46,70,55,55,55,49,42,34,18,70,80,74,74,54,69,69,69,67,52,54,78,75,85,86,80,64,88,43,58,85,62,0,0,0],"gold":83,"neow_bonus":"THREE_ENEMY_KILL","is_daily":false,"chose_seed":false,"campfire_upgraded":4,"win_rate":0.0,"timestamp":1611294680,"path_taken":["R","?","?","?","M","$","T","E","M","M","E","?","R","E","M","BOSS","R","M","$","M","?","E","T","M","?","E","R","?","M","E","M","BOSS","R","M","?","M","$","?","T","M","?","E","R","M","E","$","M","BOSS","E","$","R","BOSS","BOSS"],"items_purchased_type":["Card","Card","Relic"],"build_version":"2020-12-22","purchased_purges":3,"victory":false,"max_hp_per_floor":[70,70,70,70,70,70,70,70,70,70,70,70,70,70,70,70,70,70,70,70,70,70,70,70,70,70,70,70,70,70,70,70,70,70,80,80,80,80,80,80,80,80,80,82,82,84,86,86,88,88,88,90,90,90,90,90,90,90],"card_choices":[{"not_picked":["bronze:FineTuning","bronze:Shield"],"picked":"bronze:OilSpill","floor":3.0},{"not_picked":["bronze:WildBeam","bronze:DelayedGuard"],"picked":"bronze:Separator","floor":5.0},{"not_picked":["bronze:BuggyMess","bronze:ItsAFeature"],"picked":"bronze:CutThrough","floor":6.0},{"not_picked":["bronze:Shield","bronze:Turbo"],"picked":"bronze:Boost","floor":8.0},{"not_picked":["bronze:BitShift","bronze:Refactor"],"picked":"bronze:ClassDefault","floor":9.0},{"not_picked":["bronze:FindAndReplace","bronze:BitShift"],"picked":"bronze:Constructor","floor":10.0},{"not_picked":["bronze:BugBarrage","bronze:FineTuning"],"picked":"bronze:Philosophize","floor":11.0},{"not_picked":["bronze:CutThrough","bronze:Constructor"],"picked":"bronze:Frontload","floor":12.0},{"not_picked":["bronze:Constructor","bronze:DigitalCarnage","bronze:Allocate"],"picked":"SKIP","floor":14.0},{"not_picked":["bronze:Frontload","bronze:BuggyMess"],"picked":"bronze:ChildClass","floor":15.0},{"not_picked":["bronze:RecursiveStrike","bronze:HyperBeam"],"picked":"bronze:Library","floor":16.0},{"not_picked":["bronze:Constructor+1","bronze:BitShift+1"],"picked":"bronze:OilSpill+1","floor":19.0},{"not_picked":["bronze:Overload","bronze:WhirlingStrike"],"picked":"bronze:ItsAFeature","floor":20.0},{"not_picked":["bronze:Iterate+1","bronze:OilSpill"],"picked":"bronze:BronzeArmor","floor":21.0},{"not_picked":["bronze:Optimize","bronze:HyperBeam"],"picked":"bronze:Overload","floor":23.0},{"not_picked":["bronze:WildBeam","bronze:Separator"],"picked":"bronze:BitShift+1","floor":25.0},{"not_picked":["bronze:Iterate+1","bronze:DarkDash"],"picked":"bronze:BurnOut","floor":27.0},{"not_picked":["bronze:DarkDash","bronze:BuggyMess+1"],"picked":"bronze:Branch","floor":30.0},{"not_picked":["bronze:WhirlingStrike","bronze:Separator","bronze:Frontload"],"picked":"SKIP","floor":31.0},{"not_picked":["bronze:DelayedSlice","bronze:Turbo"],"picked":"bronze:FineTuning","floor":32.0},{"not_picked":["bronze:BurnOut","bronze:Assembly"],"picked":"bronze:Format","floor":33.0},{"not_picked":["bronze:Safeguard+1","bronze:WildBeam+1"],"picked":"bronze:Repair+1","floor":36.0},{"not_picked":["bronze:Repair","bronze:Flail","bronze:Constructor+1"],"picked":"SKIP","floor":38.0},{"not_picked":["bronze:Invalidate+1","bronze:DigitalCarnage+1","bronze:Frontload"],"picked":"SKIP","floor":39.0},{"not_picked":["bronze:Separator","bronze:Repair+1","bronze:Branch"],"picked":"SKIP","floor":42.0},{"not_picked":["bronze:ItsAFeature+1","bronze:Turbo+1"],"picked":"bronze:DelayedGuard+1","floor":43.0},{"not_picked":["bronze:Backtrace","bronze:RecursiveStrike","bronze:Turbo"],"picked":"Singing Bowl","floor":44.0},{"not_picked":["bronze:Invalidate+1","bronze:Shell","bronze:Optimize"],"picked":"Singing Bowl","floor":46.0},{"not_picked":["bronze:Shield+1","bronze:GetLatest","bronze:DelayedGuard+1"],"picked":"Singing Bowl","floor":47.0},{"not_picked":["bronze:Refactor","bronze:Iterate+1"],"picked":"bronze:ShipIt","floor":48},{"not_picked":["bronze:Separator","bronze:Deprecate","bronze:Overheat+1"],"picked":"Singing Bowl","floor":49},{"not_picked":["bronze:DelayedGuard","bronze:NullPointer+1","bronze:ChosenStrike+1"],"picked":"Singing Bowl","floor":52}],"player_experience":1381000,"relics_obtained":[{"floor":7.0,"key":"Orichalcum"},{"floor":8.0,"key":"Pen Nib"},{"floor":11.0,"key":"Darkstone Periapt"},{"floor":12.0,"key":"Odd Mushroom"},{"floor":14.0,"key":"MealTicket"},{"floor":23.0,"key":"PreservedInsect"},{"floor":24.0,"key":"Kunai"},{"floor":27.0,"key":"Boot"},{"floor":31.0,"key":"bronze:ProtectiveGoggles"},{"floor":41.0,"key":"Letter Opener"},{"floor":44.0,"key":"Singing Bowl"},{"floor":47.0,"key":"Ornamental Fan"},{"floor":52,"key":"Anchor"}],"event_choices":[{"damage_healed":0.0,"max_hp_gain":0.0,"max_hp_loss":0.0,"gold_gain":0.0,"event_name":"Lab","player_choice":"Got Potions","floor":2.0,"gold_loss":0.0,"damage_taken":0.0},{"damage_healed":0.0,"max_hp_gain":0.0,"max_hp_loss":0.0,"gold_gain":0.0,"event_name":"Mushrooms","player_choice":"Fought Mushrooms","floor":12.0,"gold_loss":0.0,"damage_taken":0.0},{"cards_removed":["bronze:Strike"],"damage_healed":0.0,"max_hp_gain":0.0,"max_hp_loss":0.0,"gold_gain":0.0,"event_name":"Bonfire Elementals","player_choice":"Offered Basic","floor":40.0,"gold_loss":0.0,"damage_taken":0.0}],"is_beta":false,"boss_relics":[{"not_picked":["Astrolabe","Velvet Choker"],"picked":"bronze:MakeshiftBattery"},{"not_picked":["Calling Bell","SlaversCollar"],"picked":"bronze:ElectromagneticCoil"}],"items_purged_floors":[20,39,48],"is_endless":false,"potions_floor_spawned":[8,11,14,15,16,21,25,27,30,32,43,44,46,47,49],"killed_by":"downfall:NeowBossFinal","ascension_level":3}}