{"host":"axuns55dzq466eei","time":1611322330,"event":{"mods":["BaseMod","Colored Map","Keyboard Shortcuts","Minty Spire (QoL Compilation)","StSLib","SuperFastMode"],"gold_per_floor":[116,116,41,59,59,59,71,102,102,112,112,168,207,219,219,219,219],"floor_reached":16,"language":"KOR","playtime":532,"items_purged":["Defend_B"],"score":220,"play_id":"0fef8dd0-55e6-474a-9057-0f19ea99ed62","local_time":"20210122223210","is_ascension_mode":true,"campfire_choices":[{"data":"Zap","floor":6,"key":"SMITH"},{"data":"Recycle","floor":11,"key":"SMITH"},{"floor":15,"key":"REST"}],"circlet_count":0,"master_deck":["AscendersBane","Strike_B","Strike_B","Strike_B","Defend_B","Defend_B","Zap+1","Dualcast","Undo","Cold Snap","Recycle+1","Compile Driver","Compile Driver+1","Meteor Strike+1"],"relics":["Cracked Core","White Beast Statue","Nunchaku","Molten Egg 2","CeramicFish"],"acts_visited":["Exordium"],"potions_floor_usage":[8,12,13],"damage_taken":[{"damage":1,"enemies":"2 Louse","floor":1,"turns":2},{"damage":1,"enemies":"Cultist","floor":4,"turns":3},{"damage":0,"enemies":"Small Slimes","floor":7,"turns":3},{"damage":13,"enemies":"Lagavulin","floor":8,"turns":6},{"damage":7,"enemies":"Red Slaver","floor":10,"turns":3},{"damage":17,"enemies":"Gremlin Nob","floor":12,"turns":4},{"damage":8,"enemies":"3 Sentries","floor":13,"turns":5},{"damage":3,"enemies":"2 Fungi Beasts","floor":14,"turns":4},{"damage":45,"enemies":"Slime Boss","floor":16,"turns":6}],"seed_played":"3498097390249954947","potions_obtained":[{"floor":7,"key":"AttackPotion"},{"floor":10,"key":"ColorlessPotion"},{"floor":12,"key":"Explosive Potion"},{"floor":13,"key":"SmokeBomb"},{"floor":14,"key":"SmokeBomb"}],"is_trial":false,"path_per_floor":["M","?","$","M","?","R","M","E","T","M","R","?","E","M","R","B"],"character_chosen":"DEFECT","items_purchased":[],"campfire_rested":1,"item_purchase_floors":[],"current_hp_per_floor":[63,68,68,67,67,67,67,54,54,47,47,30,22,19,41,0,0],"gold":219,"neow_bonus":"REMOVE_CARD","is_daily":false,"chose_seed":false,"campfire_upgraded":2,"win_rate":0.0,"timestamp":1611322330,"path_taken":["M","?","$","M","?","R","M","E","T","?","R","?","E","M","R","BOSS"],"items_purchased_type":[],"build_version":"2020-12-22","purchased_purges":1,"victory":false,"max_hp_per_floor":[71,76,76,76,76,76,76,76,76,76,76,76,76,76,76,76,76],"card_choices":[{"not_picked":["Stack","Leap","Hello World"],"picked":"SKIP","floor":1},{"not_picked":["Streamline","Conserve Battery"],"picked":"Undo","floor":4},{"not_picked":["Compile Driver","Undo"],"picked":"Cold Snap","floor":7},{"not_picked":["Steam Power","Redo"],"picked":"Recycle","floor":8},{"not_picked":["Genetic Algorithm","BootSequence"],"picked":"Compile Driver","floor":10},{"not_picked":["Leap","Conserve Battery"],"picked":"Compile Driver+1","floor":12},{"not_picked":["Beam Cell+1","Storm"],"picked":"Meteor Strike+1","floor":13},{"not_picked":["Barrage+1","Cold Snap+1","Undo"],"picked":"SKIP","floor":14}],"player_experience":1097197,"relics_obtained":[{"floor":8,"key":"White Beast Statue"},{"floor":9,"key":"Nunchaku"},{"floor":12,"key":"Molten Egg 2"},{"floor":13,"key":"CeramicFish"}],"event_choices":[{"damage_healed":0,"gold_gain":0,"player_choice":"Donut","damage_taken":0,"max_hp_gain":5,"max_hp_loss":0,"event_name":"Big Fish","floor":2,"gold_loss":0},{"cards_removed":["Strike_B"],"damage_healed":0,"gold_gain":0,"player_choice":"Purged","damage_taken":0,"max_hp_gain":0,"max_hp_loss":0,"event_name":"Purifier","floor":5,"gold_loss":0},{"damage_healed":0,"gold_gain":30,"player_choice":"Searched \u00272\u0027 times","damage_taken":0,"max_hp_gain":0,"max_hp_loss":0,"event_name":"Dead Adventurer","floor":12,"gold_loss":0}],"is_beta":false,"boss_relics":[],"items_purged_floors":[3],"is_endless":false,"potions_floor_spawned":[7,10,12,13,14],"killed_by":"Slime Boss","ascension_level":20}}