{"host":"3xls0xm49ftugio7","time":1611337646,"event":{"mods":["2.2 Compatiblity","AchievementEnabler","Act Like it!","BaseMod","Bestiary","Colored Powertips","Infinite Spire","Minty Spire (QoL Compilation)","Quick Restart","StSLib"],"gold_per_floor":[113,113,113,137,137,137,184,217,263,263,291,32,32,64,64,154,163,176,176,209,74,98,98,98,98],"floor_reached":24,"language":"ENG","playtime":1070,"items_purged":["Strike_G","Strike_G"],"score":392,"play_id":"3c48e81e-6c5b-4fae-a06a-af22212b74bc","local_time":"20210122194726","is_ascension_mode":true,"campfire_choices":[{"data":"Skewer","floor":6,"key":"SMITH"},{"floor":10,"key":"REST"},{"data":"Venomology","floor":13,"key":"SMITH"},{"data":"Caltrops","floor":15,"key":"SMITH"},{"floor":23,"key":"REST"}],"circlet_count":0,"master_deck":["AscendersBane","Strike_G","Strike_G","Strike_G","Defend_G","Defend_G","Defend_G","Defend_G","Defend_G","Survivor","Neutralize","Skewer+1","Poisoned Stab","All Out Attack","Venomology+1","Escape Plan","Caltrops+1","Dodge and Roll","Blade Dance","CurseOfTheBell","Dagger Throw","Calculated Gamble"],"relics":["Burning Blood","Golden Idol","infinitespire:Cubic Diamond","CeramicFish","Shuriken","Boot","Membership Card","Calling Bell","Snake Skull","infinitespire:CheckeredPen","Bird Faced Urn","SsserpentHead","Chemical X"],"acts_visited":["Exordium","TheCity"],"potions_floor_usage":[11,14,16,16,18,22,22,24,24],"damage_taken":[{"damage":0,"enemies":"Cultist","floor":1,"turns":4},{"damage":6,"enemies":"2 Louse","floor":4,"turns":2},{"damage":27,"enemies":"3 Sentries","floor":7,"turns":8},{"damage":0,"enemies":"Jaw Worm","floor":8,"turns":3},{"damage":1,"enemies":"Red Slaver","floor":11,"turns":2},{"damage":4,"enemies":"Exordium Thugs","floor":14,"turns":3},{"damage":23,"enemies":"The Guardian","floor":16,"turns":13},{"damage":16,"enemies":"Shell Parasite","floor":18,"turns":5},{"damage":20,"enemies":"2 Thieves","floor":20,"turns":4},{"damage":26,"enemies":"Snecko","floor":22,"turns":6},{"damage":46,"enemies":"Nightmare","floor":24,"turns":5}],"seed_played":"4332282682679574825","potions_obtained":[{"floor":7,"key":"Explosive Potion"},{"floor":8,"key":"Ancient Potion"},{"floor":16,"key":"Block Potion"},{"floor":18,"key":"CultistPotion"}],"is_trial":false,"path_per_floor":["M","?","?","M","?","R","E","M","T","R","M","$","R","M","R","B",null,"M","?","M","$","M","R","NM"],"character_chosen":"THE_SILENT","items_purchased":["Membership Card","Dodge and Roll","DuplicationPotion","Chemical X"],"campfire_rested":2,"item_purchase_floors":[12,12,12,21],"current_hp_per_floor":[59,59,59,59,41,41,20,26,26,44,49,49,49,51,51,34,54,46,46,34,34,14,32,0,0],"gold":98,"neow_bonus":"THREE_CARDS","is_daily":false,"chose_seed":false,"campfire_upgraded":3,"win_rate":0.0,"timestamp":1611337646,"path_taken":["M","?","?","M","?","R","E","M","T","R","M","$","R","M","R","BOSS","M","?","?","$","M","R","NM"],"items_purchased_type":["Relic","Card","Potion","Relic"],"build_version":"2020-12-22","purchased_purges":2,"victory":false,"max_hp_per_floor":[66,60,60,60,60,60,60,60,60,60,60,60,60,60,60,60,60,60,60,60,60,60,60,60,60],"card_choices":[{"not_picked":["Caltrops","Deflect"],"picked":"Skewer","floor":0},{"not_picked":["Outmaneuver","Deflect"],"picked":"Poisoned Stab","floor":1},{"not_picked":["Flechettes","Crippling Poison"],"picked":"All Out Attack","floor":4},{"not_picked":["Bullet Time","Deadly Poison"],"picked":"Venomology","floor":7},{"not_picked":["Poisoned Stab","Deadly Poison"],"picked":"Escape Plan","floor":8},{"not_picked":["PiercingWail","Bane"],"picked":"Caltrops","floor":11},{"not_picked":["Acrobatics","Eviscerate"],"picked":"Blade Dance","floor":14},{"not_picked":["Deadly Poison","Flying Knee","Underhanded Strike"],"picked":"SKIP","floor":18},{"not_picked":["Prepared","Acrobatics"],"picked":"Dagger Throw","floor":20},{"not_picked":["Choke+1","Deflect"],"picked":"Calculated Gamble","floor":22}],"player_experience":724272,"relics_obtained":[{"floor":7,"key":"Shuriken"},{"floor":9,"key":"Boot"},{"floor":17,"key":"Snake Skull"},{"floor":17,"key":"infinitespire:CheckeredPen"},{"floor":17,"key":"Bird Faced Urn"}],"event_choices":[{"damage_healed":0,"gold_gain":0,"player_choice":"Lose Max HP","damage_taken":0,"relics_obtained":["Golden Idol"],"max_hp_gain":0,"max_hp_loss":6,"event_name":"Golden Idol","floor":2,"gold_loss":0},{"damage_healed":0,"gold_gain":0,"player_choice":"Success","damage_taken":18,"relics_obtained":["CeramicFish"],"max_hp_gain":0,"max_hp_loss":0,"event_name":"Scrap Ooze","floor":5,"gold_loss":0},{"damage_healed":0,"gold_gain":0,"player_choice":"Trade","damage_taken":0,"relics_obtained":["SsserpentHead"],"max_hp_gain":0,"max_hp_loss":0,"event_name":"FaceTrader","floor":19,"gold_loss":0}],"is_beta":false,"boss_relics":[{"not_picked":["SlaversCollar","HoveringKite"],"picked":"Calling Bell"}],"items_purged_floors":[12,21],"is_endless":false,"potions_floor_spawned":[7,8,14,16,18],"killed_by":"Nightmare","ascension_level":20}}