{"host":"k7udt7atmcuzf6l0","time":1611298789,"event":{"mods":["AchievementEnabler","BaseMod","Colored Map","Colored Powertips","Highlight Path","Minty Spire (QoL Compilation)","Quick Restart","Rare Cards Sparkle","StSLib","UnlockEverythingMod"],"gold_per_floor":[114,133,150,2,13,41,41,55,55,55,66,11,23,54,54,150,150,105,105,105,105,105,105,105,55,55,55,55,55,55],"floor_reached":29,"language":"ZHT","playtime":1052,"items_purged":[],"score":259,"play_id":"dfcf0b8a-6b0e-4de6-adec-b8a18d28818e","local_time":"20210122145949","is_ascension_mode":false,"campfire_choices":[{"data":"Pommel Strike","floor":7,"key":"SMITH"},{"data":"Bloodletting","floor":10,"key":"SMITH"},{"data":"Shockwave","floor":15,"key":"SMITH"},{"data":"Berserk","floor":24,"key":"SMITH"},{"data":"Armaments","floor":27,"key":"SMITH"}],"circlet_count":0,"master_deck":["Strike_R","Strike_R","Strike_R","Strike_R","Strike_R","Defend_R","Defend_R","Defend_R","Defend_R","Bash","Twin Strike","Pommel Strike+1","Sword Boomerang","Bloodletting+1","Thunderclap","Cleave","Headbutt","Battle Trance","Shockwave+1","Berserk+1","Intimidate+1","Shrug It Off","Pommel Strike+1","Seeing Red","Armaments+1","Inflame+1","Pummel"],"relics":["Burning Blood","Lantern","Frozen Eye","Happy Flower","Torii","Incense Burner","Champion Belt","Ectoplasm","Prayer Wheel","Blood Vial"],"acts_visited":["Exordium","TheCity"],"potions_floor_usage":[6,6,14,16,20,29,29,29,29],"damage_taken":[{"damage":5,"enemies":"2 Louse","floor":1,"turns":3},{"damage":6,"enemies":"Cultist","floor":2,"turns":3},{"damage":4,"enemies":"Small Slimes","floor":3,"turns":3},{"damage":9,"enemies":"Blue Slaver","floor":5,"turns":3},{"damage":12,"enemies":"3 Sentries","floor":6,"turns":5},{"damage":15,"enemies":"Exordium Thugs","floor":8,"turns":4},{"damage":0,"enemies":"Gremlin Gang","floor":11,"turns":3},{"damage":1,"enemies":"2 Fungi Beasts","floor":13,"turns":2},{"damage":24,"enemies":"Lagavulin","floor":14,"turns":3},{"damage":53,"enemies":"The Guardian","floor":16,"turns":10},{"damage":9,"enemies":"2 Thieves","floor":18,"turns":3},{"damage":1,"enemies":"Chosen","floor":19,"turns":4},{"damage":1,"enemies":"3 Cultists","floor":20,"turns":4},{"damage":1,"enemies":"Chosen and Byrds","floor":22,"turns":4},{"damage":65,"enemies":"Book of Stabbing","floor":23,"turns":8},{"damage":17,"enemies":"Snecko","floor":28,"turns":5},{"damage":19,"enemies":"Gremlin Leader","floor":29,"turns":1}],"seed_played":"8833338139230669592","potions_obtained":[{"floor":3,"key":"PowerPotion"},{"floor":5,"key":"SkillPotion"},{"floor":13,"key":"Swift Potion"},{"floor":14,"key":"GamblersBrew"},{"floor":18,"key":"GamblersBrew"},{"floor":28,"key":"EntropicBrew"}],"is_trial":false,"path_per_floor":["M","M","M","$","M","E","R","M","T","R","M","?","M","E","R","B",null,"M","M","M","?","M","E","R","$","T","R","M","E"],"character_chosen":"IRONCLAD","items_purchased":["Frozen Eye","SteroidPotion"],"campfire_rested":0,"item_purchase_floors":[4,25],"current_hp_per_floor":[80,80,80,80,77,71,71,62,62,62,68,68,73,55,55,8,80,77,80,80,80,80,21,21,21,21,21,12,0,0],"gold":55,"neow_bonus":"RANDOM_COMMON_RELIC","is_daily":false,"chose_seed":false,"campfire_upgraded":5,"win_rate":0.0,"timestamp":1611298789,"path_taken":["M","M","M","$","M","E","R","M","T","R","M","?","M","E","R","BOSS","M","M","M","?","M","E","R","$","T","R","M","E"],"items_purchased_type":["Relic","Potion"],"build_version":"2020-12-22","purchased_purges":0,"victory":false,"max_hp_per_floor":[80,80,80,80,80,80,80,80,80,80,80,80,80,80,80,80,80,80,80,80,80,80,80,80,80,80,80,80,80,80],"card_choices":[{"not_picked":["Evolve","Iron Wave"],"picked":"Twin Strike","floor":1},{"not_picked":["Anger","Disarm"],"picked":"Pommel Strike","floor":2},{"not_picked":["Shrug It Off","Perfected Strike"],"picked":"Sword Boomerang","floor":3},{"not_picked":["Heavy Blade","Searing Blow"],"picked":"Bloodletting","floor":5},{"not_picked":["Body Slam","Heavy Blade"],"picked":"Thunderclap","floor":6},{"not_picked":["Flame Barrier","Warcry"],"picked":"Cleave","floor":8},{"not_picked":["Feel No Pain","Fiend Fire"],"picked":"Headbutt","floor":11},{"not_picked":["Sword Boomerang","Flame Barrier"],"picked":"Battle Trance","floor":13},{"not_picked":["Reckless Charge","Dual Wield"],"picked":"Shockwave","floor":14},{"not_picked":["Bludgeon","Reaper"],"picked":"Berserk","floor":16},{"not_picked":["Wild Strike","Reckless Charge"],"picked":"Intimidate+1","floor":18},{"not_picked":["Wild Strike","Metallicize+1"],"picked":"Shrug It Off","floor":19},{"not_picked":["Fire Breathing","Body Slam"],"picked":"Pommel Strike+1","floor":20},{"not_picked":["Perfected Strike","Pommel Strike"],"picked":"Seeing Red","floor":22},{"not_picked":["Pommel Strike","Exhume"],"picked":"Armaments","floor":23},{"not_picked":["Flex","Twin Strike"],"picked":"Inflame+1","floor":28},{"not_picked":["Armaments","Disarm"],"picked":"Pummel","floor":28}],"player_experience":94107,"relics_obtained":[{"floor":6,"key":"Happy Flower"},{"floor":9,"key":"Torii"},{"floor":14,"key":"Champion Belt"},{"floor":23,"key":"Prayer Wheel"},{"floor":26,"key":"Blood Vial"}],"event_choices":[{"damage_healed":0,"gold_gain":0,"player_choice":"Paid Gold","damage_taken":0,"relics_obtained":["Incense Burner"],"max_hp_gain":0,"max_hp_loss":0,"event_name":"WeMeetAgain","floor":12,"gold_loss":55},{"damage_healed":0,"gold_gain":0,"player_choice":"Ignored","damage_taken":0,"max_hp_gain":0,"max_hp_loss":0,"event_name":"Vampires","floor":21,"gold_loss":0}],"is_beta":false,"boss_relics":[{"not_picked":["Mark of Pain","Cursed Key"],"picked":"Ectoplasm"}],"items_purged_floors":[],"is_endless":false,"potions_floor_spawned":[3,5,13,14,18,28],"killed_by":"Gremlin Leader","ascension_level":0}}