{"host":"l491xr9n6v7t2d5g","time":1611316037,"event":{"mods":["Act Like it!","Arknights The Spire","BaseMod","Gensokyo","Marisa£®ÏF”Í°°ƒß¿Ì…≥£©","Minty Spire (QoL Compilation)","StSLib","[IsaacMod]“‘»ˆº‚À˛"],"gold_per_floor":[114,114,0,14,31,31,58,58,58,5,22,93,104,139,139,237,237,252,167,90,90,90,122,122,151,199,199,213,239,259,271,271,271,271],"floor_reached":33,"language":"ZHS","playtime":2169,"items_purged":["ats:Strike G","ats:Strike S"],"score":313,"play_id":"33617f56-cec0-4240-8c4c-f73bb34a5ac0","local_time":"20210122194717","is_ascension_mode":false,"campfire_choices":[{"data":"ats:Burning Ground","floor":6,"key":"SMITH"},{"data":"ats:Guardian Obelisk","floor":8,"key":"SMITH"},{"floor":15,"key":"REST"},{"data":"ats:Calcification","floor":24,"key":"SMITH"},{"floor":27,"key":"REST"},{"floor":32,"key":"REST"}],"circlet_count":0,"master_deck":["ats:Strike C","ats:Strike V","ats:Armor Crushing Shot","ats:Defend","ats:Defend","ats:Defend","ats:Defend","ats:Emotion Absorption+1","ats:Directed Diagnosis","ats:Burning Ground+1","ats:Guardian Obelisk+1","ats:Consecutive Shot Auto","ats:Ignite","ats:Shell Defense","ats:Volcano","ats:Thermite Blade","ats:Shell Defense","ats:Calcification+1","ats:Very Hot Blade","ats:Healing Strengthening","ats:Ignite","ats:Serious Mode+1","ats:Burning Ground","ats:Very Hot Blade"],"relics":["ats:Sanity","HushsDoor","SteamSale","Strawberry","ats:Originium","Lizard Tail","Bottled Tornado","AnarchistCookbook","ats:Omniscience","GuppysHead","Gensokyo:RedStar","InkBottle","CaptainsWheel","HowToJump","SharpPlug","Art of War","PunchingBag"],"acts_visited":["Exordium","Gensokyo:Gensokyo"],"potions_floor_usage":[14,16,23,33,33,33],"damage_taken":[{"damage":0,"enemies":"Gensokyo:2_Kodama","floor":1,"turns":3},{"damage":4,"enemies":"Gensokyo:Gryphon","floor":4,"turns":4},{"damage":0,"enemies":"Gensokyo:3_Fairies","floor":5,"turns":4},{"damage":9,"enemies":"Gensokyo:Cirno","floor":7,"turns":5},{"damage":0,"enemies":"Gensokyo:LivingMonolith","floor":11,"turns":2},{"damage":4,"enemies":"Gensokyo:3_Kodama","floor":13,"turns":2},{"damage":19,"enemies":"Gensokyo:Mamizou","floor":14,"turns":8},{"damage":42,"enemies":"Gensokyo:Kokoro","floor":16,"turns":11},{"damage":12,"enemies":"Gensokyo:3_Dogs","floor":18,"turns":3},{"damage":85,"enemies":"Gensokyo:Koishi","floor":23,"turns":5},{"damage":30,"enemies":"Gensokyo:Tenshi","floor":25,"turns":5},{"damage":0,"enemies":"Gensokyo:CosmicMonolith","floor":28,"turns":4},{"damage":13,"enemies":"Gensokyo:Reisen","floor":29,"turns":5},{"damage":0,"enemies":"Gensokyo:Chomper_and_Gloop","floor":30,"turns":3},{"damage":6,"enemies":"Gensokyo:Mirror_and_Dog","floor":31,"turns":3},{"damage":45,"enemies":"Gensokyo:Kaguya","floor":33,"turns":8}],"seed_played":"853855911208262169","potions_obtained":[{"floor":4,"key":"LiquidMemories"},{"floor":7,"key":"Swift Potion"},{"floor":11,"key":"Swift Potion"},{"floor":16,"key":"DistilledChaos"},{"floor":23,"key":"Regen Potion"},{"floor":28,"key":"LiquidMemories"},{"floor":31,"key":"Weak Potion"}],"is_trial":false,"path_per_floor":["M","?","$","M","M","R","E","R","T","COS","M","?","M","E","R","B",null,"M","COS","$","?","?","E","R","E","T","R","M","E","M","M","R","B"],"character_chosen":"DOCTOR_CLASS","items_purchased":["ats:Burning Ground","ats:Guardian Obelisk","GuppysHead","ats:Very Hot Blade"],"campfire_rested":3,"item_purchase_floors":[3,3,17,20],"current_hp_per_floor":[72,69,69,65,65,65,56,56,56,56,56,41,37,21,44,13,69,58,58,58,58,58,34,34,18,18,38,39,26,26,20,40,0,0],"gold":271,"neow_bonus":"UPGRADE_CARD","is_daily":false,"chose_seed":false,"campfire_upgraded":3,"win_rate":0.0,"timestamp":1611316037,"path_taken":["M","?","$","M","M","R","E","R","T","COS","M","?","M","E","R","BOSS","M","COS","?","?","?","E","R","E","T","R","M","E","M","M","R","BOSS"],"items_purchased_type":["Card","Card","Relic","Card"],"build_version":"2020-12-22","purchased_purges":2,"victory":false,"max_hp_per_floor":[72,79,79,79,79,79,79,79,79,79,79,79,79,79,79,79,69,69,69,69,69,69,69,69,69,69,69,69,69,69,69,69,35,35],"card_choices":[{"not_picked":["ats:Leaping Hammer","ats:Poison Spread"],"picked":"ats:Directed Diagnosis","floor":1},{"not_picked":["ats:Curse Doll","ats:Poison Spread"],"picked":"ats:Consecutive Shot Auto","floor":4},{"not_picked":["ats:Flexible Camouflage","ats:Poison Spread"],"picked":"ats:Ignite","floor":5},{"not_picked":["ats:Consecutive Shot Auto","ats:Support Order"],"picked":"ats:Shell Defense","floor":7},{"not_picked":["ats:Hook Shot","ats:Consecutive Shot Auto"],"picked":"ats:Volcano","floor":11},{"not_picked":["ats:Hammer On","ats:Automatic Cover"],"picked":"ats:Thermite Blade","floor":13},{"not_picked":["ats:Childhood Dance","ats:Neurotoxin"],"picked":"ats:Shell Defense","floor":14},{"not_picked":["ats:Shadow Assault","ats:Durian"],"picked":"ats:Calcification","floor":16},{"not_picked":["ats:Steam Pump","ats:Hammer On","ats:Automatic Cover"],"picked":"SKIP","floor":18},{"not_picked":["ats:Powerful Strike+1","ats:Flexible Camouflage+1","ats:Encircling Forest"],"picked":"SKIP","floor":23},{"not_picked":["ats:Thorns+1","ats:Hook Shot"],"picked":"ats:Healing Strengthening","floor":25},{"not_picked":["ats:Poison Spread","ats:Childhood Dance"],"picked":"ats:Ignite","floor":28},{"not_picked":["ats:Consecutive Shot Auto","ats:Shell Defense"],"picked":"ats:Serious Mode+1","floor":29},{"not_picked":["ats:Composite Medical Shells","ats:Chain Hook"],"picked":"ats:Burning Ground","floor":30},{"not_picked":["ats:Apocalypse","ats:Revitalization+1"],"picked":"ats:Very Hot Blade","floor":31}],"player_experience":180039,"relics_obtained":[{"floor":7,"key":"ats:Originium"},{"floor":7,"key":"Lizard Tail"},{"floor":14,"key":"ats:Originium"},{"floor":14,"key":"Bottled Tornado"},{"floor":23,"key":"ats:Originium"},{"floor":23,"key":"InkBottle"},{"floor":25,"key":"ats:Originium"},{"floor":25,"key":"CaptainsWheel"},{"floor":26,"key":"HowToJump"},{"floor":29,"key":"PunchingBag"}],"event_choices":[],"is_beta":false,"boss_relics":[{"not_picked":["Calling Bell","Ectoplasm"],"picked":"ats:Omniscience"},{"not_picked":[]}],"items_purged_floors":[3,20],"is_endless":false,"potions_floor_spawned":[4,7,11,16,23,28,31],"killed_by":"Gensokyo:Kaguya","ascension_level":0}}