{"host":"m1hsm1cztz438mir","time":1611282566,"event":{"mods":["2.2 Compatiblity","AchievementEnabler","Act Like it!","BaseMod","Colored Map","Curses Come First","Downfall","Minty Spire (QoL Compilation)","Relic Stats","Shop Mod","StSLib"],"gold_per_floor":[99,117,117,130,40,140,163,192,210,10,44,64,64,82,98,98,98,98],"floor_reached":16,"language":"ENG","playtime":2084,"items_purged":["champ:Strike"],"score":112,"play_id":"a3e218c8-f9ac-4326-8421-c181b92a2265","local_time":"20210122022926","is_ascension_mode":false,"campfire_choices":[{"floor":1,"key":"RECALL"},{"data":"champ:Taunt","floor":10,"key":"SMITH"},{"floor":13,"key":"REST"}],"circlet_count":0,"master_deck":["champ:Strike","champ:Strike","champ:Strike","champ:Defend","champ:Defend","champ:Defend","champ:Defend","champ:Execute","champ:Taunt+1","champ:DefensiveShout","champ:FalseCounter","champ:TornadoPunch","champ:FlashCut","champ:GladiatorStyle","champ:FanOfKnives","champ:BerserkersShout","champ:EnGarde","champ:AdrenalArmor","champ:TripleStrike"],"relics":["champ:ChampionCrown","Omamori","CloakClasp","champ:FightingForDummies","Regal Pillow","downfall:HeartBlessingRed","downfall:HeartBlessingGreen","Incense Burner"],"acts_visited":["Exordium"],"potions_floor_usage":[8,16,16],"damage_taken":[{"damage":23,"enemies":"Cultist","floor":2,"turns":5},{"damage":3,"enemies":"2 Louse","floor":4,"turns":4},{"damage":20,"enemies":"downfall:FleeingMerchant","floor":5,"turns":4},{"damage":72,"enemies":"downfall:FleeingMerchant","floor":6,"turns":11},{"damage":22,"enemies":"Gremlin Nob","floor":8,"turns":4},{"damage":10,"enemies":"Jaw Worm","floor":9,"turns":3},{"damage":30,"enemies":"Lagavulin","floor":11,"turns":6},{"damage":0,"enemies":"Lots of Slimes","floor":12,"turns":1},{"damage":20,"enemies":"Blue Slaver","floor":14,"turns":4},{"damage":27,"enemies":"Red Slaver","floor":15,"turns":4},{"damage":81,"enemies":"SI_SHIV_ARCHETYPE","floor":16,"turns":10}],"seed_played":"-8331907462365375421","potions_obtained":[{"floor":4,"key":"Strength Potion"},{"floor":8,"key":"champ:TechniquePotion"},{"floor":11,"key":"BlessingOfTheForge"},{"floor":14,"key":"Fire Potion"}],"is_trial":false,"path_per_floor":["R","M","T","M","$","?","T","E","M","R","E","M","R","M","M","B"],"character_chosen":"THE_CHAMP","items_purchased":[],"campfire_rested":1,"item_purchase_floors":[],"current_hp_per_floor":[99,86,86,83,83,56,56,44,44,44,34,34,78,73,81,0,0,0],"gold":98,"neow_bonus":"TEN_PERCENT_HP_BONUS","is_daily":false,"chose_seed":false,"campfire_upgraded":1,"win_rate":0.0,"timestamp":1611282566,"path_taken":["R","M","?","M","$","?","T","E","M","R","E","M","R","M","M","BOSS"],"items_purchased_type":[],"build_version":"2020-12-22","purchased_purges":1,"victory":false,"max_hp_per_floor":[99,99,99,99,99,99,99,99,99,99,99,99,99,99,99,99,99,99],"relic_stats":{"Regal Pillow":15,"counters":[11,56],"CloakClasp":[57],"obtain_stats":[{"Regal Pillow":8,"downfall:HeartBlessingRed":10,"champ:ChampionCrown":0,"downfall:HeartBlessingGreen":10,"Omamori":3,"CloakClasp":6,"Incense Burner":11,"champ:FightingForDummies":7},{"Regal Pillow":5,"downfall:HeartBlessingRed":6,"champ:ChampionCrown":0,"downfall:HeartBlessingGreen":6,"Omamori":1,"CloakClasp":4,"Incense Burner":7,"champ:FightingForDummies":4},{"Regal Pillow":28,"downfall:HeartBlessingRed":31,"champ:ChampionCrown":0,"downfall:HeartBlessingGreen":31,"Omamori":5,"CloakClasp":24,"Incense Burner":37,"champ:FightingForDummies":24}]},"card_choices":[{"not_picked":["champ:EndlessRage","champ:FlashCut"],"picked":"champ:DefensiveShout","floor":2},{"not_picked":["champ:HeartStrike","champ:PreciseThrust"],"picked":"champ:FalseCounter","floor":4},{"not_picked":["champ:BladeFlurry","champ:SwordThrow"],"picked":"champ:TornadoPunch","floor":5},{"not_picked":["champ:Endure","champ:BladeFlurry"],"picked":"champ:FlashCut","floor":6},{"not_picked":["champ:CrownThrow","champ:Haymaker"],"picked":"champ:GladiatorStyle","floor":8},{"not_picked":["champ:TornadoPunch","champ:SetATrap"],"picked":"champ:FanOfKnives","floor":9},{"not_picked":["champ:PreciseThrust","champ:Haymaker"],"picked":"champ:BerserkersShout","floor":11},{"not_picked":["champ:Shatter","champ:Circumvent"],"picked":"champ:EnGarde","floor":12},{"not_picked":["champ:StanceDance","champ:PreciseThrust"],"picked":"champ:AdrenalArmor","floor":14},{"not_picked":["champ:PreciseThrust","champ:FancyFootwork"],"picked":"champ:TripleStrike","floor":15}],"player_experience":381778,"relics_obtained":[{"floor":3,"key":"Omamori"},{"floor":6,"key":"CloakClasp"},{"floor":7,"key":"champ:FightingForDummies"},{"floor":8,"key":"Regal Pillow"},{"floor":11,"key":"Incense Burner"}],"event_choices":[],"is_beta":false,"boss_relics":[],"items_purged_floors":[5],"is_endless":false,"potions_floor_spawned":[4,8,11,14,15],"killed_by":"SI_SHIV_ARCHETYPE","ascension_level":0}}