{"host":"tj6tjcyqgbd0xj5u","time":1611345364,"event":{"mods":["Aspiration","BaseMod","Better Match","BetterRewards","Challenge The Spire","Conspire","Defuse TimeMaze Blight","Downfall","Energized Spire","Evolution","GifTheSpireLib","Halation","Hubris","Infinite Spire","Minty Spire (QoL Compilation)","Replay The Spire","Reworked Bosses","Spikes Relics","StS++","StSLib","Stuff the Spire","vexMod"],"gold_per_floor":[113,130,105,123,123,163,184,110,110,128,147,147,147,90,90,214,214,234,234,234,259,27,27,42,42,42],"floor_reached":25,"language":"ENG","playtime":817,"items_purged":["StSpp:Turnabout"],"score":269,"play_id":"d8e56abb-8387-4f41-8a89-342a18c771ff","local_time":"20210122155604","is_ascension_mode":true,"campfire_choices":[{"floor":12,"key":"REST"},{"floor":15,"key":"REST"},{"data":"Strike_R","floor":23,"key":"PURGE"}],"circlet_count":0,"master_deck":["Strike_R","Strike_R","Strike_R","Strike_R","Defend_R","Defend_R","Defend_R","Defend_R","Bash+1","StSpp:TheBiggerTheyAre","Perfected Strike","ReplayTheSpireMod:Muscle Training","Feed","Inflame","Pommel Strike","infinitespire:OneForAll","infinitespire:OneForAll","StuffTheSpire:TitanForm","Fiend Fire","StSpp:Betrayal","Demonic Infusion","Reaper","Impervious","Replay:Many Hands","Juggernaut","Exhume","Double Tap","conspire:HitWhereItHurts","Berserk","hubris:StunningStrike","Offering","conspire:Purge","Limit Break","Immolate","Bludgeon","Corruption","StSpp:BladeOfBlood","Barricade","Hemogenesis","Eclipse","Demon Form","Feed","StSpp:IntoTheAbyss","Brutality","Cleave","ReplayTheSpireMod:Muscle Training","Spot Weakness+1"],"relics":["Burning Blood","EVO:Axolotl","Golden Idol","Replay:Bottled Steam","StuffTheSpire:NeowsTribute","Self Forming Clay","StSpp:CrystalBall","Peace Pipe","Regal Pillow"],"acts_visited":["Exordium","TheCity"],"potions_floor_usage":[6,25,25],"damage_taken":[{"damage":6,"enemies":"Cultist","floor":1,"turns":3},{"damage":17,"enemies":"conspire:RoseBush","floor":2,"turns":2},{"damage":14,"enemies":"Jaw Worm","floor":4,"turns":3},{"damage":35,"enemies":"Lagavulin","floor":6,"turns":5},{"damage":17,"enemies":"Blue Slaver","floor":7,"turns":3},{"damage":15,"enemies":"2 Fungi Beasts","floor":10,"turns":3},{"damage":8,"enemies":"3 Louse","floor":11,"turns":4},{"damage":43,"enemies":"The Guardian","floor":16,"turns":11},{"damage":11,"enemies":"conspire:FuzzyDice","floor":18,"turns":5},{"damage":32,"enemies":"Shell Parasite","floor":21,"turns":3},{"damage":37,"enemies":"Cultist and Chosen","floor":24,"turns":5},{"damage":30,"enemies":"Slavers","floor":25,"turns":1}],"seed_played":"-6024772035661795065","potions_obtained":[{"floor":1,"key":"Reflective Coating"},{"floor":16,"key":"bronze:BurnAndBuffPotion"},{"floor":24,"key":"Adrenaline Potion"}],"is_trial":false,"path_per_floor":["M","M","?","M","?","E","M","$","T","M","M","R","T","$","R","B",null,"M","?","?","M","$","R","M","E"],"character_chosen":"IRONCLAD","items_purchased":["Inflame","infinitespire:OneForAll","Regal Pillow"],"campfire_rested":2,"item_purchase_floors":[8,14,22],"current_hp_per_floor":[80,69,69,61,61,32,21,21,21,15,16,40,40,40,64,27,80,80,80,80,54,54,54,26,0,0],"gold":42,"neow_bonus":"RANDOM_EVENT","is_daily":false,"chose_seed":false,"campfire_upgraded":0,"win_rate":0.0,"timestamp":1611345364,"path_taken":["M","?","?","M","?","E","M","$","T","M","M","R","?","$","R","BOSS","M","?","?","M","$","R","M","E"],"items_purchased_type":["Card","Card","Relic"],"build_version":"2020-12-22","purchased_purges":1,"victory":false,"max_hp_per_floor":[80,80,80,80,74,74,74,74,74,77,80,80,80,80,80,80,80,80,80,80,80,80,80,83,83,83],"card_choices":[{"not_picked":["Armaments","Iron Wave"],"picked":"StSpp:TheBiggerTheyAre","floor":1},{"not_picked":["Searing Blow","Run Through","Abandon"],"picked":"SKIP","floor":2},{"not_picked":["Burning Pact","Havoc"],"picked":"Perfected Strike","floor":4},{"not_picked":["Flex","Run Through"],"picked":"ReplayTheSpireMod:Muscle Training","floor":6},{"not_picked":["Replay:Undeath\u0027s Touch","Iron Wave"],"picked":"Feed","floor":7},{"not_picked":["Sentinel","Defy Death","Blood for Blood"],"picked":"SKIP","floor":10},{"not_picked":["Seeing Red","Warcry"],"picked":"Pommel Strike","floor":11},{"not_picked":["Warcry","Heavy Blade"],"picked":"Cleave","floor":18},{"not_picked":["Clothesline","Shrug It Off+1"],"picked":"Spot Weakness+1","floor":21},{"not_picked":["Ghostly Armor","Reckless Charge","Intimidate"],"picked":"SKIP","floor":24}],"player_experience":95974,"relics_obtained":[{"floor":6,"key":"Replay:Bottled Steam"},{"floor":9,"key":"StuffTheSpire:NeowsTribute"},{"floor":13,"key":"Self Forming Clay"}],"event_choices":[{"damage_healed":0,"gold_gain":0,"player_choice":"Lose Max HP","damage_taken":0,"relics_obtained":["Golden Idol"],"max_hp_gain":0,"max_hp_loss":6,"event_name":"Golden Idol","floor":5,"gold_loss":0},{"damage_healed":0,"gold_gain":0,"player_choice":"Opened","damage_taken":0,"relics_obtained":["Peace Pipe"],"max_hp_gain":0,"max_hp_loss":0,"event_name":"The Mausoleum","floor":19,"gold_loss":0},{"damage_healed":0,"gold_gain":0,"player_choice":"Read","damage_taken":0,"max_hp_gain":0,"max_hp_loss":0,"event_name":"The Library","floor":20,"gold_loss":0,"cards_obtained":["ReplayTheSpireMod:Muscle Training"]}],"is_beta":false,"boss_relics":[{"not_picked":["Ectoplasm","conspire:RunicOctahedron"],"picked":"StSpp:CrystalBall"}],"items_purged_floors":[22],"is_endless":false,"potions_floor_spawned":[1,16,24],"killed_by":"Slavers","ascension_level":4}}