{"host":"o9ks9zgjwk1fcyk2","time":1611349160,"event":{"mods":["A Magickal Journey","AchievementEnabler","Aspiration","BaseMod","BetterRewards","Colored Map","Colored Powertips","Conspire","DeckTracker","Downfall","Friendly Minions","GifTheSpireLib","Halation","Highlight Path","Hubris","Infinite Spire","Ironclad Rager","Minty Spire (QoL Compilation)","Permanent Neow","Quarter Circle Forward PUNCH!","Quick Restart","READ ME - Guardian Mod","Relic Sorter","Replay The Spire","StSLib","Stuff the Spire","The Construct","The Cursed","The Disciple","The Forsaken","The Jungle","The Mystic","vexMod"],"gold_per_floor":[99,99,99,116,129,146,146,166,194,206,1,11,29,29,42,147,147,147,157,169,186,200,200,200,200,218,233,233,233,233,264,284,389,389,389,402,419,419,436,436,509,528,163,163,163,189,189,189,189,206,217,316,316,16,16,16],"floor_reached":54,"language":"ENG","playtime":4204,"items_purged":["Slimebound:Strike_Slimebound"],"score":747,"play_id":"a7ca15de-bfc1-4ff0-a908-14fc61dfed13","local_time":"20210122205920","is_ascension_mode":false,"campfire_choices":[{"data":"Slimebound:Split","floor":1.0,"key":"SMITH"},{"floor":18,"key":"RECALL"},{"data":"Slimebound:GoopTackle","floor":25,"key":"SMITH"},{"floor":29,"key":"REST"},{"data":"Slimebound:FirmFortitude","floor":35,"key":"SMITH"},{"data":"Slimebound:Prepare","floor":44,"key":"SMITH"},{"floor":54,"key":"DIG"}],"circlet_count":0,"master_deck":["Slimebound:Defend_Slimebound","Slimebound:Defend_Slimebound","Slimebound:Split+1","Slimebound:CorrosiveSpit","Slimebound:Grow","Slimebound:PressTheAttack","Slimebound:MassRepurpose","Slimebound:Prepare+1","Slimebound:FlameTackle","Slimebound:LeechingTouch","Slimebound:GoopTackle+1","Slimebound:DivideAndConquer+1","Slimebound:DuplicatedForm+1","Slimebound:Nibble+1","Replay:Fractal Strike","ReplayTheSpireMod:??????????????????????","Slimebound:FirmFortitude+1","Slimebound:Prepare+1","Slimebound:MinionMaster+1"],"relics":["Slimebound:AbsorbEndCombat","halation:PinkSoulGem","hubris:Icosahedron","hubris:SphereOfDissonance","CaptainsWheel","Slimebound:SelfDamagePreventRelic","vexMod:TanglingVine","vexMod:Spyglass","Astrolabe","vexMod:InvisibilityCloak","Bag of Preparation","Oddly Smooth Stone","aspiration:DefectSkillbook","halation:Pancakes","halation:Thesaurus","halation:WeightlessCrab","hubris:Metronome","Frozen Egg 2","Replay:Mystery Machine","Replay:Drink Me","downfall:HeartBlessingGreen","downfall:HeartBlessingRed","downfall:HeartBlessingBlue","hubris:BundleOfHerbs"],"acts_visited":["Exordium","TheCity","TheBeyond","Exordium"],"potions_floor_usage":[16,16,16,22,22,31,33,43,52,52],"damage_taken":[{"damage":4.0,"enemies":"Cultist","floor":4.0,"turns":4.0},{"damage":1.0,"enemies":"Jaw Worm","floor":5.0,"turns":3.0},{"damage":7.0,"enemies":"infinitespire:Voidling","floor":6.0,"turns":4.0},{"damage":34.0,"enemies":"Gremlin Gang","floor":8.0,"turns":4.0},{"damage":1.0,"enemies":"Lagavulin","floor":9.0,"turns":6.0},{"damage":3.0,"enemies":"Exordium Thugs","floor":10.0,"turns":6.0},{"damage":16.0,"enemies":"downfall:FleeingMerchant","floor":11.0,"turns":4.0},{"damage":6.0,"enemies":"Lots of Slimes","floor":12.0,"turns":4.0},{"damage":0.0,"enemies":"Large Slime","floor":13.0,"turns":7.0},{"damage":0.0,"enemies":"Blue Slaver","floor":15.0,"turns":3.0},{"damage":13,"enemies":"IC_STATUS_ARCHETYPE","floor":16,"turns":4},{"damage":1,"enemies":"Spheric Guardian","floor":19,"turns":4},{"damage":35,"enemies":"3 Byrds","floor":20,"turns":6},{"damage":8,"enemies":"Centurion and Healer","floor":21,"turns":5},{"damage":23,"enemies":"Snake Plant","floor":22,"turns":2},{"damage":2,"enemies":"Snecko","floor":26,"turns":2},{"damage":5,"enemies":"Chosen and Byrds","floor":27,"turns":3},{"damage":62,"enemies":"Nightmare","floor":31,"turns":5},{"damage":12,"enemies":"Snake Plant","floor":32,"turns":3},{"damage":25,"enemies":"WA_ARCHETYPE_CALM","floor":33,"turns":7},{"damage":16,"enemies":"3 Darklings","floor":36,"turns":3},{"damage":10,"enemies":"Orb Walker","floor":37,"turns":3},{"damage":48,"enemies":"Maw","floor":39,"turns":5},{"damage":13,"enemies":"Spire Growth","floor":42,"turns":3},{"damage":0,"enemies":"downfall:FleeingMerchant","floor":43,"turns":4},{"damage":10,"enemies":"R_Hoarder","floor":46,"turns":5},{"damage":14,"enemies":"Writhing Mass","floor":50,"turns":3},{"damage":9,"enemies":"4 Shapes","floor":51,"turns":3},{"damage":21,"enemies":"SI_POISON_ARCHETYPE","floor":52,"turns":2}],"seed_played":"-8625904170370045283","potions_obtained":[{"floor":6.0,"key":"BlessingOfTheForge"},{"floor":10.0,"key":"AttackPotion"},{"floor":12.0,"key":"Adrenaline Potion"},{"floor":13.0,"key":"Doom Potion"},{"floor":15,"key":"infinitespire:BlackPotion"},{"floor":16,"key":"Ancient Potion"},{"floor":20,"key":"AttackPotion"},{"floor":21,"key":"Fire Potion"},{"floor":31,"key":"CultistPotion"},{"floor":32,"key":"Fire Potion"},{"floor":39,"key":"SpeedPotion"},{"floor":42,"key":"LiquidMemories"},{"floor":50,"key":"Venom Potion"}],"is_trial":false,"path_per_floor":["R","?","T","M","M","M","T","M","E","M","$","M","M","$","M","B",null,"R","M","M","M","M","AVR","T","R","M","M","?","R","?","NM","M","B",null,"R","M","M","?","M","?","T","M","$","R","T","E","?","PTL","PTL","M","M","B",null,"R_BF"],"character_chosen":"SLIMEBOUND","items_purchased":["Slimebound:SelfDamagePreventRelic","Slimebound:Prepare","halation:Pancakes","halation:Thesaurus","hubris:Metronome","Fire Potion"],"campfire_rested":1,"item_purchase_floors":[11,11,43,43,43,43],"current_hp_per_floor":[65,65,65,65,67,66,66,32,37,40,28,26,30,30,34,27,77,77,76,48,42,21,21,21,21,21,20,20,46,75,38,32,13,91,91,77,67,67,25,25,25,16,79,79,79,77,77,77,77,67,62,58,75,85,85,85],"gold":16,"neow_bonus":"REMOVE_CARD","is_daily":false,"chose_seed":false,"campfire_upgraded":4,"win_rate":0.0,"timestamp":1611349160,"path_taken":["R","?","?","M","?","M","T","M","E","M","$","?","M","?","M","BOSS","R","M","M","M","M","AVR","T","R","M","M","?","R","?","NM","M","BOSS","R","M","?","?","?","?","T","M","$","R","?","E","?","PTL","PTL","M","M","BOSS","R_BF"],"items_purchased_type":["Relic","Card","Relic","Relic","Relic","Potion"],"build_version":"2020-12-22","purchased_purges":1,"victory":false,"max_hp_per_floor":[65,65,65,65,67,69,69,69,69,71,73,73,73,73,75,77,77,77,77,79,81,83,83,83,83,85,87,87,87,87,89,91,91,91,91,93,93,93,95,95,95,97,99,99,99,99,99,99,99,99,99,99,75,85,85,85],"card_choices":[{"not_picked":["Slimebound:RejuvenatingLick","Slimebound:Nibble"],"picked":"Slimebound:Grow","floor":4.0},{"not_picked":["Slimebound:MegaLick","Slimebound:TongueLash","Slimebound:ProtectTheBoss"],"picked":"Singing Bowl","floor":5.0},{"not_picked":["Slimebound:RollThrough","Slimebound:SamplingLick","Slimebound:Schlurp"],"picked":"Singing Bowl","floor":6.0},{"not_picked":["Slimebound:ForwardTackle","Slimebound:FlameTackle"],"picked":"Slimebound:PressTheAttack","floor":8.0},{"not_picked":["Slimebound:MinionMaster","Slimebound:PressTheAttack"],"picked":"Slimebound:MassRepurpose","floor":9.0},{"not_picked":["Slimebound:SlimeSpikes","Slimebound:ComboTackle","Slimebound:SplitLeeching"],"picked":"Singing Bowl","floor":10.0},{"not_picked":["Slimebound:HungryTackle","Slimebound:SlimeSpikes","Slimebound:Schlurp"],"picked":"Singing Bowl","floor":11.0},{"not_picked":["Slimebound:Gluttony","Slimebound:DivideAndConquer"],"picked":"Slimebound:FlameTackle","floor":12.0},{"not_picked":["Slimebound:Dissolve","Slimebound:SplitAcid"],"picked":"Slimebound:LeechingTouch","floor":13.0},{"not_picked":["Slimebound:SplitMire","Slimebound:PressTheAttack","Slimebound:HauntingLick"],"picked":"Singing Bowl","floor":15},{"not_picked":["Slimebound:DuplicatedForm","Slimebound:OneTwoCombo","Slimebound:MassFeed"],"picked":"Singing Bowl","floor":16},{"not_picked":["Slimebound:SlimeSpikes","Slimebound:FlameTackle+1"],"picked":"Slimebound:GoopTackle","floor":19},{"not_picked":["Slimebound:ComboTackle","Slimebound:FinishingTackle","Slimebound:DisruptingSlam+1"],"picked":"Singing Bowl","floor":20},{"not_picked":["Slimebound:ComboTackle+1","Slimebound:DivideAndConquer","Slimebound:LivingWall"],"picked":"Singing Bowl","floor":21},{"not_picked":["Slimebound:Replication+1","Slimebound:ForwardTackle","Slimebound:HauntingLick+1"],"picked":"Singing Bowl","floor":22},{"not_picked":["Slimebound:GoopTackle","Slimebound:SplitLeeching+1","Slimebound:LeechingTouch"],"picked":"Singing Bowl","floor":26},{"not_picked":["Slimebound:Schlurp","Slimebound:SplitLeeching","Slimebound:ComboTackle+1"],"picked":"Singing Bowl","floor":27},{"not_picked":["ReplayTheSpireMod:Black Plague","infinitespire:Punishment"],"picked":"ReplayTheSpireMod:??????????????????????","floor":31},{"not_picked":["Slimebound:ItLooksTasty","Slimebound:Recollect+1","Slimebound:FinishingTackle"],"picked":"Singing Bowl","floor":31},{"not_picked":["Slimebound:FinishingTackle","Slimebound:DisruptingSlam","Slimebound:Prepare"],"picked":"Singing Bowl","floor":32},{"not_picked":["Slimebound:OozeBath","Slimebound:PrepareCrush"],"picked":"Slimebound:FirmFortitude","floor":33},{"not_picked":["Reinforced Body","ReplayTheSpireMod:GoodbyeWorld+1","FIFO Queue","StuffTheSpire:Synthwave+1"],"picked":"Singing Bowl","floor":36},{"not_picked":["Slimebound:BestDefense+1","Slimebound:ComboTackle+1","Gash"],"picked":"ICR:FrostFall","floor":37},{"not_picked":["Rip and Tear","Slimebound:HungryTackle+1","Aggregate+1","Slimebound:FormOfPuddle+1"],"picked":"Singing Bowl","floor":39},{"not_picked":["Slimebound:LeechEnergy+1","Slimebound:SplitMire","Rip and Tear+1","Stack+1"],"picked":"Singing Bowl","floor":42},{"not_picked":["Slimebound:DisruptingSlam+1","Slimebound:SplitMire","Hello World","ICR:Cyclone"],"picked":"Singing Bowl","floor":43},{"not_picked":["ReplayTheSpireMod:System Scan","Slimebound:FinishingTackle","Hello World+1","hubris:Ukulele"],"picked":"SKIP","floor":46},{"not_picked":["Self Repair+1","Slimebound:SplitLeeching+1","Slimebound:PressTheAttack+1"],"picked":"Slimebound:Prepare+1","floor":50},{"not_picked":["Leap+1","Slimebound:Schlurp+1","StuffTheSpire:Coldhearted","Slimebound:SplitAcid"],"picked":"SKIP","floor":51},{"not_picked":["Slimebound:SlimeSlap","hubris:DoWhile","ReplayTheSpireMod:Fabricate Wheel"],"picked":"Slimebound:MinionMaster+1","floor":52}],"player_experience":309068,"relics_obtained":[{"floor":3.0,"key":"Singing Bowl"},{"floor":7.0,"key":"hubris:SphereOfDissonance"},{"floor":9.0,"key":"CaptainsWheel"},{"floor":24,"key":"vexMod:InvisibilityCloak"},{"floor":31,"key":"Oddly Smooth Stone"},{"floor":45,"key":"Frozen Egg 2"},{"floor":46,"key":"Replay:Mystery Machine"},{"floor":54,"key":"hubris:BundleOfHerbs"}],"event_choices":[{"damage_healed":0,"gold_gain":0,"player_choice":"Stole Relic","damage_taken":0,"relics_obtained":["Bag of Preparation"],"max_hp_gain":0,"max_hp_loss":0,"event_name":"Addict","floor":28,"gold_loss":0,"cards_obtained":["Pride"]},{"damage_healed":29,"gold_gain":0,"player_choice":"Heal","damage_taken":0,"max_hp_gain":0,"max_hp_loss":0,"event_name":"The Library","floor":30,"gold_loss":0},{"damage_healed":0,"gold_gain":0,"player_choice":"Ignored","damage_taken":0,"max_hp_gain":0,"max_hp_loss":0,"event_name":"Mysterious Sphere","floor":40,"gold_loss":0}],"is_beta":false,"boss_relics":[{"not_picked":["Pandora\u0027s Box","Calling Bell"],"picked":"vexMod:TanglingVine"},{"not_picked":["hubris:RunicObelisk","Velvet Choker"],"picked":"aspiration:DefectSkillbook"},{"not_picked":["Kintsugi","ReplayTheSpireMod:DimensionalGlitch"],"picked":"Replay:Drink Me"}],"items_purged_floors":[43],"is_endless":true,"potions_floor_spawned":[6,10,12,13,15,16,20,21,31,32,39,42,50],"ascension_level":0}}