{"host":"04hh9gplt9wkfmr1","time":1611334532,"event":{"mods":["AchievementEnabler","BaseMod","Colored Map","KOR Keyword Fix","Minty Spire (QoL Compilation)","Rare Cards Sparkle","SuperFastMode"],"gold_per_floor":[114,128,128,128,128,153,153,168,168,168,178,210,224,254,254,356,356,356,356,356,311,101,101,101,101,101,101,26,26,26,26,26,26,26,26,26,26,26,26,26,26,26,26,26,26,26,26,26,26,26],"floor_reached":51,"language":"KOR","playtime":1219,"items_purged":["Strike_G"],"score":1056,"play_id":"a195661c-7ee2-4b94-9a28-7066c4958048","local_time":"20210123015532","is_ascension_mode":true,"campfire_choices":[{"data":"Catalyst","floor":7.0,"key":"SMITH"},{"data":"Crippling Poison","floor":10.0,"key":"SMITH"},{"data":"Night Terror","floor":15.0,"key":"SMITH"},{"data":"Adrenaline","floor":23.0,"key":"SMITH"},{"floor":27.0,"key":"REST"},{"floor":32.0,"key":"REST"},{"floor":40.0,"key":"REST"},{"data":"Noxious Fumes","floor":42,"key":"SMITH"},{"floor":47,"key":"REST"},{"data":"Night Terror","floor":49,"key":"SMITH"}],"circlet_count":0,"master_deck":["Strike_G+1","Strike_G","Strike_G","Defend_G","Defend_G","Defend_G","Defend_G","Defend_G","Survivor+1","Neutralize","Crippling Poison+1","Catalyst+1","Night Terror+1","Well Laid Plans","Night Terror+1","Adrenaline+1","Setup+1","Dramatic Entrance","Corpse Explosion","Crippling Poison+1","Poisoned Stab+1","Burst+1","Backflip+1","Noxious Fumes+1","Noxious Fumes+1"],"relics":["Ring of the Snake","NeowsBlessing","Singing Bowl","Potion Belt","Mercury Hourglass","Lizard Tail","Ectoplasm","Bronze Scales","Sozu","Gremlin Horn","Blood Vial","Shuriken","Omamori"],"acts_visited":["Exordium","TheCity","TheBeyond"],"potions_floor_usage":[],"damage_taken":[{"damage":0.0,"enemies":"Jaw Worm","floor":1.0,"turns":1.0},{"damage":0.0,"enemies":"Small Slimes","floor":2.0,"turns":1.0},{"damage":0.0,"enemies":"Gremlin Nob","floor":6.0,"turns":1.0},{"damage":0.0,"enemies":"2 Louse","floor":8.0,"turns":3.0},{"damage":2.0,"enemies":"Gremlin Gang","floor":11.0,"turns":3.0},{"damage":13.0,"enemies":"Lagavulin","floor":12.0,"turns":7.0},{"damage":10.0,"enemies":"Exordium Wildlife","floor":13.0,"turns":4.0},{"damage":12.0,"enemies":"3 Sentries","floor":14.0,"turns":5.0},{"damage":51.0,"enemies":"Slime Boss","floor":16.0,"turns":10.0},{"damage":4.0,"enemies":"Shell Parasite","floor":18.0,"turns":3.0},{"damage":16.0,"enemies":"2 Thieves","floor":21.0,"turns":3.0},{"damage":22.0,"enemies":"Sentry and Sphere","floor":24.0,"turns":5.0},{"damage":10.0,"enemies":"Centurion and Healer","floor":25.0,"turns":2.0},{"damage":0.0,"enemies":"Snake Plant","floor":29.0,"turns":2.0},{"damage":8.0,"enemies":"Cultist and Chosen","floor":31.0,"turns":3.0},{"damage":18.0,"enemies":"Automaton","floor":33.0,"turns":6.0},{"damage":10.0,"enemies":"3 Darklings","floor":35.0,"turns":3.0},{"damage":0.0,"enemies":"Orb Walker","floor":37.0,"turns":2.0},{"damage":10.0,"enemies":"Spire Growth","floor":39.0,"turns":2.0},{"damage":20,"enemies":"Nemesis","floor":41,"turns":3},{"damage":4,"enemies":"Giant Head","floor":44,"turns":4},{"damage":0,"enemies":"Maw","floor":45,"turns":2},{"damage":23,"enemies":"3 Darklings","floor":46,"turns":3},{"damage":51,"enemies":"Awakened One","floor":50,"turns":7}],"seed_played":"-3169256282245555169","potions_obtained":[{"floor":1.0,"key":"EssenceOfSteel"},{"floor":6.0,"key":"Energy Potion"},{"floor":13.0,"key":"Dexterity Potion"},{"floor":14.0,"key":"AttackPotion"},{"floor":21.0,"key":"Poison Potion"},{"floor":24.0,"key":"GamblersBrew"},{"floor":25.0,"key":"BlessingOfTheForge"},{"floor":29.0,"key":"EssenceOfSteel"}],"is_trial":false,"path_per_floor":["M","M","?","?","?","E","R","M","T","R","M","E","M","E","R","B",null,"M","?","?","M","$","R","M","M","T","R","?","M","?","M","R","B",null,"M","?","M","T","M","R","E","R","T","E","M","M","R","?","R","B",null],"character_chosen":"THE_SILENT","items_purchased":["Corpse Explosion"],"campfire_rested":4,"item_purchase_floors":[22],"current_hp_per_floor":[63,63,49,54,54,54,54,56,56,56,56,43,33,21,21,26,66,62,47,47,33,33,33,11,3,3,29,29,31,31,23,50,32,76,66,66,66,66,58,85,67,67,67,65,69,50,79,79,79,30],"gold":26,"neow_bonus":"THREE_ENEMY_KILL","is_daily":false,"chose_seed":false,"campfire_upgraded":6,"win_rate":0.0,"timestamp":1611334532,"path_taken":["M","M","?","?","?","E","R","?","T","R","M","E","M","E","R","BOSS","M","?","?","M","$","R","?","M","T","R","?","M","?","M","R","BOSS","M","?","?","?","M","R","E","R","T","E","M","M","R","?","R","BOSS"],"items_purchased_type":["Card"],"build_version":"2020-12-22","purchased_purges":1,"victory":true,"max_hp_per_floor":[70,70,70,75,75,75,75,77,77,77,79,79,79,79,79,79,79,79,84,84,86,86,86,86,88,88,88,88,90,90,90,90,90,90,90,90,90,90,92,92,94,94,94,94,96,98,98,98,98,98],"card_choices":[{"not_picked":["Expertise","Outmaneuver"],"picked":"Crippling Poison","floor":1.0},{"not_picked":["Blur","Dagger Spray","Slice"],"picked":"SKIP","floor":2.0},{"not_picked":["Dagger Spray","Backflip"],"picked":"Catalyst","floor":6.0},{"not_picked":["Calculated Gamble","Underhanded Strike","Caltrops"],"picked":"Singing Bowl","floor":8.0},{"not_picked":["Concentrate","Expertise","All Out Attack"],"picked":"Singing Bowl","floor":11.0},{"not_picked":["Dagger Spray","Masterful Stab"],"picked":"Night Terror","floor":12.0},{"not_picked":["PiercingWail","Cloak And Dagger"],"picked":"Well Laid Plans","floor":13.0},{"not_picked":["Prepared","Quick Slash"],"picked":"Night Terror","floor":14.0},{"not_picked":["Die Die Die","Malaise"],"picked":"Adrenaline","floor":16.0},{"not_picked":["Cloak And Dagger","Finisher"],"picked":"Setup+1","floor":18.0},{"not_picked":["Backflip","Prepared","Cloak And Dagger+1"],"picked":"Singing Bowl","floor":21.0},{"not_picked":["Dash","Prepared"],"picked":"Crippling Poison","floor":24.0},{"not_picked":["Concentrate","Slice","Heel Hook"],"picked":"Singing Bowl","floor":25.0},{"not_picked":["Calculated Gamble","Backflip","Acrobatics"],"picked":"Singing Bowl","floor":29.0},{"not_picked":["Backstab","All Out Attack+1"],"picked":"Poisoned Stab+1","floor":31.0},{"not_picked":["Doppelganger","Night Terror"],"picked":"Burst","floor":33.0},{"not_picked":["Sucker Punch","Deflect+1"],"picked":"Backflip+1","floor":35.0},{"not_picked":["PiercingWail","Infinite Blades"],"picked":"Noxious Fumes","floor":37.0},{"not_picked":["Poisoned Stab","Heel Hook","Caltrops+1"],"picked":"Singing Bowl","floor":39.0},{"not_picked":["Storm of Steel","Acrobatics","Calculated Gamble"],"picked":"Singing Bowl","floor":41},{"not_picked":["Malaise","Flechettes"],"picked":"Noxious Fumes+1","floor":44},{"not_picked":["Flechettes+1","Bane+1","Dagger Spray"],"picked":"Singing Bowl","floor":45},{"not_picked":["Underhanded Strike+1","Skewer+1","Blade Dance"],"picked":"Singing Bowl","floor":46}],"player_experience":70114,"relics_obtained":[{"floor":6.0,"key":"Singing Bowl"},{"floor":9.0,"key":"Potion Belt"},{"floor":12.0,"key":"Mercury Hourglass"},{"floor":14.0,"key":"Lizard Tail"},{"floor":26.0,"key":"Bronze Scales"},{"floor":38.0,"key":"Gremlin Horn"},{"floor":41,"key":"Blood Vial"},{"floor":43,"key":"Shuriken"},{"floor":44,"key":"Omamori"}],"event_choices":[{"damage_healed":0.0,"max_hp_gain":0.0,"max_hp_loss":0.0,"gold_gain":0.0,"event_name":"Shining Light","player_choice":"Entered Light","floor":3.0,"gold_loss":0.0,"damage_taken":14.0,"cards_upgraded":["Strike_G","Survivor"]},{"damage_healed":0.0,"max_hp_gain":5.0,"max_hp_loss":0.0,"gold_gain":0.0,"event_name":"Big Fish","player_choice":"Donut","floor":4.0,"gold_loss":0.0,"damage_taken":0.0},{"damage_healed":0.0,"max_hp_gain":0.0,"max_hp_loss":0.0,"gold_gain":0.0,"event_name":"The Woman in Blue","player_choice":"Bought 0 Potions","floor":5.0,"gold_loss":0.0,"damage_taken":0.0},{"damage_healed":0.0,"max_hp_gain":5.0,"max_hp_loss":0.0,"gold_gain":0.0,"event_name":"Forgotten Altar","player_choice":"Shed Blood","floor":19.0,"gold_loss":0.0,"damage_taken":20.0},{"damage_healed":0.0,"max_hp_gain":0.0,"max_hp_loss":0.0,"gold_gain":0.0,"event_name":"Match and Keep!","player_choice":"1 cards matched","floor":20.0,"gold_loss":0.0,"damage_taken":0.0,"cards_obtained":["Dramatic Entrance"]},{"cards_removed":["Strike_G"],"damage_healed":0.0,"max_hp_gain":0.0,"max_hp_loss":0.0,"gold_gain":0.0,"event_name":"Beggar","player_choice":"Gave Gold","floor":28.0,"gold_loss":75.0,"damage_taken":0.0},{"damage_healed":0.0,"max_hp_gain":0.0,"max_hp_loss":0.0,"gold_gain":99.0,"event_name":"Nest","player_choice":"Stole From Cult","floor":30.0,"gold_loss":0.0,"damage_taken":0.0},{"damage_healed":0.0,"max_hp_gain":0.0,"max_hp_loss":0.0,"gold_gain":0.0,"event_name":"Upgrade Shrine","player_choice":"Upgraded","floor":36.0,"gold_loss":0.0,"damage_taken":0.0,"cards_upgraded":["Burst"]},{"damage_healed":0,"gold_gain":0,"player_choice":"Upgraded","damage_taken":0,"max_hp_gain":0,"max_hp_loss":0,"event_name":"Upgrade Shrine","floor":48,"gold_loss":0,"cards_upgraded":["Crippling Poison"]}],"is_beta":false,"boss_relics":[{"not_picked":["Busted Crown","Fusion Hammer"],"picked":"Ectoplasm"},{"not_picked":["Pandora\u0027s Box","Tiny House"],"picked":"Sozu"}],"items_purged_floors":[22],"is_endless":false,"potions_floor_spawned":[1,6,13,14,21,24,25,29,35,44,46],"ascension_level":7}}