{"host":"x730sfaw5rd1mxd8","time":1611283010,"event":{"mods":["BaseMod","BetterRewards","Colored Map","Colored Powertips","Highlight Path","Minty Spire (QoL Compilation)","Relic Sorter","Relic Stats","Replay The Spire","StSLib"],"gold_per_floor":[110,124,141,241,260,293,293,308,333,360,360,410,427,476,476,585,585,612,648,680,713,737,790,790,826,878,878,928,958,985,885,885,989,989,1006,1006,1034,1076,1103,1149,1149,718,718,750,777,810,810,833,833,843,843,843,419,463,467],"floor_reached":56,"language":"ENG","playtime":3576,"items_purged":["Strike_G","Strike_G","Strike_G","Strike_G+1"],"score":1825,"play_id":"44a5dfe4-dea4-413c-9d41-fc8791ab0c80","local_time":"20210121213650","is_ascension_mode":true,"campfire_choices":[{"data":"Dagger Spray","floor":11,"key":"SMITH"},{"data":"Neutralize","floor":15,"key":"SMITH"},{"floor":24,"key":"REST"},{"data":"Catalyst","floor":27,"key":"SMITH"},{"data":"Calculated Gamble","floor":32,"key":"SMITH"},{"data":"Apotheosis","floor":41,"key":"SMITH"},{"floor":49,"key":"RECALL"},{"data":"ReplayTheSpireMod:Speed Training","floor":52,"key":"SMITH"}],"circlet_count":0,"master_deck":["Strike_G+1","Defend_G","Defend_G","Defend_G","Defend_G","Defend_G","Survivor","Neutralize+1","Noxious Fumes+1","Unload+1","Prepared+1","Noxious Fumes+1","Leg Sweep","Dagger Throw","Poisoned Stab","Well Laid Plans","Dagger Spray+1","Acrobatics","Deadly Poison","Night Terror","Poisoned Stab+1","Backflip+1","Catalyst+1","Corpse Explosion","Bouncing Flask","Concentrate+1","Envenom","PiercingWail","Calculated Gamble+1","Dash+1","Tools of the Trade","Apotheosis+1","Good Instincts","Acrobatics+1","Bouncing Flask+1","Eviscerate+1","Amnesia","ReplayTheSpireMod:Speed Training+1","ReplayTheSpireMod:Speed Training+1","ReplayTheSpireMod:Trickstab","Chrysalis"],"relics":["Ring of the Snake","Replay:Baseball","OrangePellets","Tingsha","Prayer Wheel","Guide Book","Regal Pillow","StrikeDummy","MealTicket","Replay:Bandana","Art of War","Snake Skull","Painkiller Herb","Bronze Scales","Vampiric Spirits","Simple Rune","Snecko Scales","Meat on the Bone","Gremlin Horn","Replay:Rubber Ducky","Medical Kit","Replay:Bottled Steam","Replay:Multitool","Pear","Ring of Chaos","Centennial Puzzle"],"acts_visited":["Exordium","TheCity","TheBeyond","TheEnding"],"potions_floor_usage":[25,39,55,55,55],"damage_taken":[{"damage":0,"enemies":"Small Slimes","floor":1,"turns":2},{"damage":0,"enemies":"Cultist","floor":2,"turns":2},{"damage":0,"enemies":"Jaw Worm","floor":3,"turns":4},{"damage":0,"enemies":"Large Slime","floor":5,"turns":3},{"damage":2,"enemies":"Lagavulin","floor":6,"turns":5},{"damage":0,"enemies":"Blue Slaver","floor":8,"turns":3},{"damage":14,"enemies":"Gremlin Nob","floor":10,"turns":4},{"damage":4,"enemies":"3 Sentries","floor":12,"turns":5},{"damage":0,"enemies":"3 Louse","floor":13,"turns":2},{"damage":10,"enemies":"Gremlin Nob","floor":14,"turns":3},{"damage":0,"enemies":"Slime Boss","floor":16,"turns":5},{"damage":0,"enemies":"Chosen","floor":18,"turns":4},{"damage":0,"enemies":"3 Byrds","floor":19,"turns":3},{"damage":5,"enemies":"Sentry and Sphere","floor":20,"turns":5},{"damage":8,"enemies":"3 Cultists","floor":21,"turns":4},{"damage":14,"enemies":"Centurion and Healer","floor":22,"turns":3},{"damage":17,"enemies":"Gremlin Leader","floor":23,"turns":7},{"damage":16,"enemies":"Slavers","floor":25,"turns":3},{"damage":12,"enemies":"Gremlin Leader","floor":28,"turns":4},{"damage":8,"enemies":"Shelled Parasite and Fungi","floor":29,"turns":4},{"damage":0,"enemies":"Snake Plant","floor":30,"turns":2},{"damage":9,"enemies":"Champ","floor":33,"turns":6},{"damage":1,"enemies":"Orb Walker","floor":35,"turns":2},{"damage":0,"enemies":"3 Darklings","floor":37,"turns":2},{"damage":0,"enemies":"Spire Growth","floor":39,"turns":3},{"damage":1,"enemies":"Reptomancer","floor":40,"turns":5},{"damage":0,"enemies":"Giant Head","floor":44,"turns":4},{"damage":0,"enemies":"Sphere and 2 Shapes","floor":45,"turns":4},{"damage":0,"enemies":"R_Hoarder","floor":46,"turns":5},{"damage":0,"enemies":"3 Darklings","floor":48,"turns":2},{"damage":42,"enemies":"Donu and Deca","floor":50,"turns":6},{"damage":10,"enemies":"Shield and Spear","floor":54,"turns":4},{"damage":62,"enemies":"The Heart","floor":55,"turns":9}],"seed_played":"-1102000547264975943","potions_obtained":[{"floor":1,"key":"Milkshake"},{"floor":3,"key":"Ancient Potion"},{"floor":8,"key":"LiquidMemories"},{"floor":28,"key":"Dexterity Potion"},{"floor":30,"key":"Poison Potion"},{"floor":39,"key":"PowerPotion"},{"floor":46,"key":"Strength Potion"}],"is_trial":false,"path_per_floor":["M","M","M","?","M","E","?","M","T","E","R","E","M","E","R","B",null,"?","?","?","?","?","E","T","E","T","T","E","?","?","T","T","B",null,"?","?","?","?","?","E","T","T","T","E","?","E","?","?","T","B",null,"T","T","E","B",null],"character_chosen":"THE_SILENT","items_purchased":["Noxious Fumes","Unload","Replay:Baseball","OrangePellets","Tingsha","Prepared+1","Prayer Wheel","Noxious Fumes+1","Leg Sweep","Dagger Throw","Guide Book","Regal Pillow","Elixir","Replay:Rubber Ducky","Medical Kit","ReplayTheSpireMod:Trickstab","Chrysalis"],"campfire_rested":1,"item_purchase_floors":[0,0,0,0,0,0,0,0,0,0,0,0,0,42,42,53,53],"current_hp_per_floor":[70,70,70,70,70,68,68,68,68,54,54,50,50,40,40,40,70,70,70,65,57,43,26,62,46,46,46,42,37,39,54,54,48,70,69,59,65,65,66,68,68,70,70,70,70,80,80,80,80,50,80,80,80,70,23],"gold":467,"neow_bonus":"","is_daily":false,"chose_seed":false,"campfire_upgraded":6,"win_rate":0.0,"timestamp":1611283010,"path_taken":["M","M","M","?","?","E","?","M","T","E","R","E","M","E","R","BOSS","?","?","?","?","?","E","T","E","T","T","E","?","?","T","T","BOSS","?","?","?","?","?","E","T","T","T","E","?","E","?","?","T","BOSS","T","T","E","BOSS"],"items_purchased_type":["Card","Card","Relic","Relic","Relic","Card","Relic","Card","Card","Card","Relic","Relic","Potion","Relic","Relic","Card","Card"],"build_version":"2020-12-22","purchased_purges":4,"victory":true,"max_hp_per_floor":[70,70,70,70,70,70,70,70,70,70,70,70,70,70,70,70,70,70,70,70,70,70,70,70,70,70,70,70,70,70,70,70,70,70,70,70,70,70,70,70,70,70,70,70,70,80,80,80,80,80,80,80,80,80,80],"relic_stats":{"Regal Pillow":15,"Gremlin Horn":[2,2],"counters":[126,505],"Tingsha":[929],"Snake Skull":[419],"Medical Kit":[2],"OrangePellets":[6],"Centennial Puzzle":[12],"Bronze Scales":[593],"Prayer Wheel":18,"MealTicket":17,"Art of War":[14],"obtain_stats":[{"Ice Cream":14,"Gremlin Horn":9,"Vampiric Spirits":0,"Nilry\u0027s Codex":23,"Vajra":28,"Whetstone":55,"Boot":55,"Sling":55,"Blood Vial":20,"Centennial Puzzle":9,"Strawberry":28,"MealTicket":27,"Prayer Wheel":0,"Fusion Hammer":36,"Electric Blood":17,"Byrd Skull":11,"Replay:Bottled Steam":43,"Pear":46,"Happy Flower":55,"Blue Candle":30,"Oddly Smooth Stone":26,"Tingsha":0,"Ring of Chaos":47,"Paper Crane":8,"SlaversCollar":17,"OrangePellets":0,"Bottled Flame":15,"Replay:Baseball":0,"Snecko Scales":34,"Bronze Scales":12,"Bird Faced Urn":12,"Simple Rune":55,"Mark of Pain":0,"StrikeDummy":6,"Pocketwatch":0,"Meat on the Bone":38,"Darkstone Periapt":5,"ReplayFunnel":55,"Regal Pillow":0,"Singing Bowl":10,"Magic Flower":11,"Mango":6,"Painkiller Herb":19,"Snake Skull":29,"Incense Burner":45,"Bag of Preparation":55,"Replay:Multitool":44,"Cursed Key":34,"Burning Blood":0,"Pet Ghost":23,"Replay:Rubber Ducky":55,"Dream Catcher":43,"Nunchaku":24,"Replay:Bandana":10,"Matryoshka":0,"Pantograph":23,"Gambling Chip":24,"Red Skull":6,"Gremlin Food":44,"Replay:Towering Pillar of Hats":10,"The Specimen":25,"Golden Idol":11,"Basket Of Snakes":39,"Quantum Egg":46,"Guide Book":0,"The Courier":14,"PreservedInsect":22,"Replay:WaspNest":0,"Frozen Egg 2":0,"Orichalcum":56,"MawBank":31,"Medical Kit":42,"Mercury Hourglass":0,"Anchor":11,"CaptainsWheel":43,"Pondfish Scales":55,"Busted Crown":17,"Ornamental Fan":55,"Turnip":46,"Art of War":40,"Snack Pack":8,"Membership Card":0,"ReplayTheSpireMod:Ring of Challenge":38},{"Ice Cream":23,"Gremlin Horn":20,"Vampiric Spirits":61,"Nilry\u0027s Codex":75,"Vajra":77,"Whetstone":91,"Boot":91,"Sling":91,"Blood Vial":26,"Centennial Puzzle":5,"Strawberry":13,"MealTicket":58,"Prayer Wheel":93,"Fusion Hammer":80,"Electric Blood":51,"Byrd Skull":66,"Replay:Bottled Steam":119,"Pear":122,"Happy Flower":91,"Blue Candle":30,"Oddly Smooth Stone":57,"Tingsha":93,"Ring of Chaos":122,"Paper Crane":66,"SlaversCollar":24,"OrangePellets":93,"Bottled Flame":70,"Replay:Baseball":93,"Snecko Scales":115,"Bronze Scales":6,"Bird Faced Urn":22,"Simple Rune":91,"Mark of Pain":0,"StrikeDummy":98,"Pocketwatch":41,"Meat on the Bone":117,"Darkstone Periapt":18,"ReplayFunnel":91,"Regal Pillow":93,"Singing Bowl":21,"Magic Flower":49,"Mango":19,"Painkiller Herb":72,"Snake Skull":78,"Incense Burner":87,"Bag of Preparation":91,"Replay:Multitool":120,"Cursed Key":31,"Burning Blood":0,"Pet Ghost":56,"Replay:Rubber Ducky":91,"Dream Catcher":37,"Nunchaku":75,"Replay:Bandana":100,"Matryoshka":61,"Pantograph":12,"Gambling Chip":27,"Red Skull":47,"Gremlin Food":87,"Replay:Towering Pillar of Hats":66,"The Specimen":76,"Golden Idol":5,"Basket Of Snakes":82,"Quantum Egg":87,"Guide Book":93,"The Courier":7,"PreservedInsect":11,"Replay:WaspNest":61,"Frozen Egg 2":14,"Orichalcum":92,"MawBank":79,"Medical Kit":119,"Mercury Hourglass":61,"Anchor":66,"CaptainsWheel":86,"Pondfish Scales":91,"Busted Crown":8,"Ornamental Fan":91,"Turnip":38,"Art of War":36,"Snack Pack":48,"Membership Card":61,"ReplayTheSpireMod:Ring of Challenge":81},{"Ice Cream":93,"Gremlin Horn":78,"Vampiric Spirits":244,"Nilry\u0027s Codex":288,"Vajra":296,"Whetstone":364,"Boot":364,"Sling":364,"Blood Vial":107,"Centennial Puzzle":17,"Strawberry":48,"MealTicket":230,"Prayer Wheel":376,"Fusion Hammer":315,"Electric Blood":208,"Byrd Skull":257,"Replay:Bottled Steam":471,"Pear":484,"Happy Flower":364,"Blue Candle":123,"Oddly Smooth Stone":226,"Tingsha":376,"Ring of Chaos":484,"Paper Crane":257,"SlaversCollar":100,"OrangePellets":376,"Bottled Flame":268,"Replay:Baseball":376,"Snecko Scales":459,"Bronze Scales":20,"Bird Faced Urn":86,"Simple Rune":364,"Mark of Pain":0,"StrikeDummy":392,"Pocketwatch":170,"Meat on the Bone":463,"Darkstone Periapt":65,"ReplayFunnel":364,"Regal Pillow":376,"Singing Bowl":82,"Magic Flower":200,"Mango":73,"Painkiller Herb":279,"Snake Skull":300,"Incense Burner":344,"Bag of Preparation":364,"Replay:Multitool":475,"Cursed Key":130,"Burning Blood":0,"Pet Ghost":224,"Replay:Rubber Ducky":364,"Dream Catcher":151,"Nunchaku":288,"Replay:Bandana":399,"Matryoshka":244,"Pantograph":44,"Gambling Chip":111,"Red Skull":189,"Gremlin Food":344,"Replay:Towering Pillar of Hats":257,"The Specimen":292,"Golden Idol":17,"Basket Of Snakes":325,"Quantum Egg":344,"Guide Book":376,"The Courier":25,"PreservedInsect":40,"Replay:WaspNest":244,"Frozen Egg 2":51,"Orichalcum":369,"MawBank":304,"Medical Kit":471,"Mercury Hourglass":244,"Anchor":257,"CaptainsWheel":341,"Pondfish Scales":364,"Busted Crown":30,"Ornamental Fan":364,"Turnip":156,"Art of War":146,"Snack Pack":196,"Membership Card":244,"ReplayTheSpireMod:Ring of Challenge":318}],"Ring of the Snake":[130],"Meat on the Bone":24},"card_choices":[{"not_picked":["Bouncing Flask","Dagger Throw"],"picked":"Poisoned Stab","floor":1},{"not_picked":["Backflip","Cloak And Dagger","Sucker Punch"],"picked":"SKIP","floor":1},{"not_picked":["Flying Knee","Fluid Movement"],"picked":"Well Laid Plans","floor":2},{"not_picked":["Outmaneuver","Flying Knee","Poisoned Stab"],"picked":"SKIP","floor":2},{"not_picked":["Backstab","ReplayTheSpireMod:Exploit Weakness"],"picked":"Dagger Spray","floor":3},{"not_picked":["Slice","Backstab","Terror"],"picked":"SKIP","floor":3},{"not_picked":["Toxin Wave","Heel Hook","Dodge and Roll"],"picked":"SKIP","floor":5},{"not_picked":["ReplayTheSpireMod:The Works","Draining Mist","Distraction"],"picked":"SKIP","floor":5},{"not_picked":["Backflip","Deflect","Glass Knife"],"picked":"SKIP","floor":6},{"not_picked":["Flying Knee","Underhanded Strike"],"picked":"Acrobatics","floor":8},{"not_picked":["Cloak And Dagger","PiercingWail","Hidden Blade"],"picked":"SKIP","floor":8},{"not_picked":["Deflect","Sucker Punch"],"picked":"Deadly Poison","floor":10},{"not_picked":["Dagger Spray","Acrobatics","ReplayTheSpireMod:Tripwire"],"picked":"SKIP","floor":12},{"not_picked":["Outmaneuver","Skewer","Flying Knee"],"picked":"SKIP","floor":13},{"not_picked":["Dagger Spray","Poisoned Stab","Leg Sweep"],"picked":"SKIP","floor":13},{"not_picked":["Phantasmal Killer","PiercingWail","Flechettes"],"picked":"SKIP","floor":14},{"not_picked":["Phantasmal Killer","PiercingWail","Flechettes"],"picked":"SKIP","floor":14},{"not_picked":["Storm of Steel","Wraith Form v2"],"picked":"Night Terror","floor":16},{"not_picked":["Sucker Punch","Cloak And Dagger"],"picked":"Poisoned Stab+1","floor":18},{"not_picked":["Cloak And Dagger","Flechettes","Prepared"],"picked":"SKIP","floor":18},{"not_picked":["Outmaneuver","Quick Slash"],"picked":"Backflip+1","floor":19},{"not_picked":["ReplayTheSpireMod:Tripwire","Cloak And Dagger+1"],"picked":"Catalyst","floor":19},{"not_picked":["Outmaneuver","Slice","All Out Attack"],"picked":"SKIP","floor":20},{"not_picked":["Expertise","Backflip","Escape Plan"],"picked":"SKIP","floor":20},{"not_picked":["Quick Slash","Flying Knee"],"picked":"Corpse Explosion","floor":21},{"not_picked":["Caltrops","Outmaneuver+1","Draining Mist"],"picked":"SKIP","floor":21},{"not_picked":["Finisher","Quick Slash+1"],"picked":"Bouncing Flask","floor":22},{"not_picked":["PiercingWail","Quick Slash","Riddle With Holes"],"picked":"SKIP","floor":22},{"not_picked":["Expertise+1","Slice+1"],"picked":"Concentrate+1","floor":23},{"not_picked":["Well Laid Plans","Prepared","Dodge and Roll"],"picked":"SKIP","floor":25},{"not_picked":["Prepared","Endless Agony+1"],"picked":"Envenom","floor":28},{"not_picked":["Prepared","Cloak And Dagger"],"picked":"PiercingWail","floor":29},{"not_picked":["Replay:Poison Smokescreen","Deflect"],"picked":"Calculated Gamble","floor":29},{"not_picked":["Heel Hook+1","Prepared"],"picked":"Dash+1","floor":30},{"not_picked":["PiercingWail","Quick Slash","Slice"],"picked":"SKIP","floor":30},{"not_picked":["Storm of Steel","ReplayTheSpireMod:Necrosis"],"picked":"Tools of the Trade","floor":33},{"not_picked":["Dagger Throw","Underhanded Strike+1","Dagger Spray+1"],"picked":"SKIP","floor":35},{"not_picked":["Quick Slash+1","Acrobatics","Deflect"],"picked":"SKIP","floor":35},{"not_picked":["Sadistic Nature","Transmutation"],"picked":"Apotheosis","floor":36},{"not_picked":["PanicButton","Dark Shackles"],"picked":"Good Instincts","floor":36},{"not_picked":["Prepared","Flying Knee+1","Outmaneuver"],"picked":"SKIP","floor":37},{"not_picked":["Dagger Throw+1","Prepared","Quick Slash+1"],"picked":"SKIP","floor":37},{"not_picked":["Blade Dance+1","Masterful Stab"],"picked":"Acrobatics+1","floor":39},{"not_picked":["Hidden Blade+1","Infinite Blades","Dagger Spray"],"picked":"SKIP","floor":39},{"not_picked":["Flechettes","Deflect"],"picked":"Bouncing Flask+1","floor":40},{"not_picked":["Dagger Throw+1","Slice","Envenom"],"picked":"SKIP","floor":44},{"not_picked":["Replay:Poison Smokescreen","Distraction+1","Prepared"],"picked":"SKIP","floor":45},{"not_picked":["Acrobatics","Outmaneuver","ReplayTheSpireMod:Shiv Toss"],"picked":"SKIP","floor":45},{"not_picked":["ReplayTheSpireMod:Tripwire+1","Bane+1"],"picked":"Eviscerate+1","floor":46},{"not_picked":["Cloak And Dagger","Dodge and Roll"],"picked":"ReplayTheSpireMod:Speed Training","floor":48},{"not_picked":["Heel Hook","Masterful Stab"],"picked":"ReplayTheSpireMod:Speed Training+1","floor":48},{"not_picked":["Bane","Blade Dance+1","Acrobatics"],"picked":"SKIP","floor":54}],"player_experience":3976952,"relics_obtained":[{"floor":6,"key":"StrikeDummy"},{"floor":9,"key":"MealTicket"},{"floor":10,"key":"Replay:Bandana"},{"floor":12,"key":"Art of War"},{"floor":14,"key":"Snake Skull"},{"floor":23,"key":"Bronze Scales"},{"floor":25,"key":"Vampiric Spirits"},{"floor":28,"key":"Simple Rune"},{"floor":38,"key":"Meat on the Bone"},{"floor":40,"key":"Gremlin Horn"},{"floor":43,"key":"Replay:Bottled Steam"},{"floor":44,"key":"Replay:Multitool"},{"floor":46,"key":"Pear"},{"floor":47,"key":"Ring of Chaos"},{"floor":54,"key":"Centennial Puzzle"}],"event_choices":[{"damage_healed":0,"gold_gain":100,"player_choice":"Gold","damage_taken":0,"max_hp_gain":0,"max_hp_loss":0,"event_name":"Wheel of Change","floor":4,"gold_loss":0},{"damage_healed":0,"gold_gain":0,"player_choice":"Ignored","damage_taken":0,"max_hp_gain":0,"max_hp_loss":0,"event_name":"Liars Game","floor":7,"gold_loss":0},{"damage_healed":0,"gold_gain":0,"player_choice":"Memory 3","damage_taken":10,"max_hp_gain":0,"max_hp_loss":0,"event_name":"SensoryStone","floor":36,"gold_loss":0}],"is_beta":false,"boss_relics":[{"not_picked":["SlaversCollar","Honey Jar"],"picked":"Painkiller Herb"},{"not_picked":["Empty Cage","Snecko Heart"],"picked":"Snecko Scales"}],"items_purged_floors":[0,31,42,53],"is_endless":false,"potions_floor_spawned":[1,3,8,14,16,20,23,28,30,33,39,45,46,48],"ascension_level":1}}