{"host":"2uowsvn2ljd29942","time":1611286716,"event":{"mods":["BaseMod","Better Third Choice","Block Reminder","Colored Map","Colored Powertips","Dark Map","DeckTracker","Highlight Path","LagranYue(???·?)","Marisa????????","Minty Spire (QoL Compilation)","Permanent Neow","Quick Restart","Random Character Button","Rare Cards Sparkle","Relic Sorter","Relic Stats","StSLib","The Bug Knight","The Cursed","The Exalted","The Senshi","The Servant 0.9.4","WarShipGirlsR/????R mod","Yuri Mod","everything is the same but u backflip on backflip","slay the spire mod where everything is the same but ironclad has a cowboy hat"],"gold_per_floor":[117,71,87,100,110,110,138,154,181,181,201,219,233,233,233,330,330,330,330],"floor_reached":18,"language":"ENG","playtime":1642,"items_purged":[],"score":166,"play_id":"0d204942-4efa-4eef-bfd1-0f248206bdcb","local_time":"20210121213836","is_ascension_mode":false,"campfire_choices":[{"data":"Armaments","floor":6,"key":"SMITH"},{"data":"Whirlwind","floor":10,"key":"SMITH"},{"floor":15,"key":"REST"}],"circlet_count":0,"master_deck":["Strike_R","Strike_R","Strike_R+1","Strike_R","Strike_R","Defend_R","Defend_R","Defend_R","Defend_R","Bash","Thunderclap","Cleave","Armaments+1","Impervious+1","Whirlwind+1","Pommel Strike","Perfected Strike","Spot Weakness","Limit Break"],"relics":["Burning Blood","LagranYue:RandomDrawCardRelic","NeowsBlessing","Charon\u0027s Ashes","Red Skull","Bromod:ArcaneEnergize"],"acts_visited":["TheCity"],"potions_floor_usage":[7,12,16],"damage_taken":[{"damage":0,"enemies":"Cultist","floor":1,"turns":1},{"damage":0,"enemies":"Small Slimes","floor":3,"turns":1},{"damage":0,"enemies":"2 Louse","floor":4,"turns":1},{"damage":0,"enemies":"2 Fungi Beasts","floor":5,"turns":2},{"damage":36,"enemies":"Lagavulin","floor":7,"turns":7},{"damage":5,"enemies":"Gremlin Gang","floor":8,"turns":4},{"damage":9,"enemies":"Large Slime","floor":11,"turns":6},{"damage":2,"enemies":"Blue Slaver","floor":12,"turns":2},{"damage":3,"enemies":"Red Slaver","floor":13,"turns":3},{"damage":50,"enemies":"Hexaghost","floor":16,"turns":7},{"damage":10,"enemies":"3 Byrds","floor":18,"turns":3}],"seed_played":"-3640274557766567966","potions_obtained":[{"floor":4,"key":"Energy Potion"},{"floor":8,"key":"DuplicationPotion"},{"floor":11,"key":"DuplicationPotion"},{"floor":13,"key":"HeartOfIron"},{"floor":16,"key":"Strength Potion"}],"is_trial":false,"path_per_floor":["M","$","M","M","M","R","E","M","T","R","M","M","M","?","R","B",null,"M"],"character_chosen":"IRONCLAD","items_purchased":["Cleave"],"campfire_rested":1,"item_purchase_floors":[2],"current_hp_per_floor":[80,80,80,80,80,80,50,51,51,51,48,52,55,39,63,19,80,70,70],"gold":330,"neow_bonus":"THREE_ENEMY_KILL","is_daily":false,"chose_seed":false,"campfire_upgraded":2,"win_rate":0.0,"timestamp":1611286716,"path_taken":["M","?","?","M","?","R","E","M","T","R","M","M","M","?","R","BOSS","M"],"items_purchased_type":["Card"],"build_version":"2020-12-22","purchased_purges":0,"victory":false,"max_hp_per_floor":[80,80,80,80,80,80,80,80,80,80,80,80,80,80,80,80,80,80,80],"relic_stats":{"counters":[11,37],"Charon\u0027s Ashes":[6],"obtain_stats":[{"LagranYue:RandomDrawCardRelic":0,"NeowsBlessing":0,"Bromod:ArcaneEnergize":17,"Charon\u0027s Ashes":7,"Burning Blood":0,"Red Skull":9},{"LagranYue:RandomDrawCardRelic":0,"NeowsBlessing":0,"Bromod:ArcaneEnergize":10,"Charon\u0027s Ashes":5,"Burning Blood":0,"Red Skull":6},{"LagranYue:RandomDrawCardRelic":0,"NeowsBlessing":0,"Bromod:ArcaneEnergize":34,"Charon\u0027s Ashes":12,"Burning Blood":0,"Red Skull":16}],"Burning Blood":36},"card_choices":[{"not_picked":["Perfected Strike","Anger"],"picked":"Thunderclap","floor":1},{"not_picked":["Clash","Thunderclap","Pommel Strike"],"picked":"SKIP","floor":3},{"not_picked":["Thunderclap","Perfected Strike","Body Slam"],"picked":"SKIP","floor":4},{"not_picked":["Clash","Headbutt"],"picked":"Armaments","floor":5},{"not_picked":["Second Wind","Heavy Blade"],"picked":"Impervious","floor":7},{"not_picked":["Ghostly Armor","Warcry"],"picked":"Whirlwind","floor":8},{"not_picked":["Dual Wield","True Grit"],"picked":"Pommel Strike","floor":11},{"not_picked":["Dropkick","Thunderclap"],"picked":"Perfected Strike","floor":12},{"not_picked":["Dropkick","Armaments"],"picked":"Spot Weakness","floor":13},{"not_picked":["Fiend Fire","Feed"],"picked":"Limit Break","floor":16}],"player_experience":276050,"relics_obtained":[{"floor":7,"key":"Charon\u0027s Ashes"},{"floor":9,"key":"Red Skull"}],"event_choices":[{"damage_healed":55,"gold_gain":0,"player_choice":"Upgrade","damage_taken":16,"max_hp_gain":0,"max_hp_loss":80,"event_name":"betterThird:BetterShining","floor":14,"gold_loss":0,"cards_upgraded":["Impervious","Strike_R"]}],"is_beta":false,"boss_relics":[{"not_picked":["Fusion Hammer","Bromod:ArcaneBarrier"],"picked":"Bromod:ArcaneEnergize"}],"items_purged_floors":[],"is_endless":false,"potions_floor_spawned":[4,8,11,13,16],"killed_by":"3 Byrds","ascension_level":0}}