{"host":"cy2xqrw0a4jjdcnp","time":1611279324,"event":{"mods":["AchievementEnabler","BaseMod","Colored Map","Minty Spire (QoL Compilation)","Permanent Neow"],"gold_per_floor":[119,119,44,57,72,72,89,89,162,176,188,188,188,198,198,300,300,316,333,333,349,249,249,274,274,328,348,360,275,275,275,275,378,378,392,392,392],"floor_reached":38,"language":"ENG","playtime":1018,"items_purged":["Defend_R","Defend_R"],"score":611,"play_id":"ffc0f8b3-fb7f-42ab-83b7-6a170cf3e94a","local_time":"20210121233524","is_ascension_mode":false,"campfire_choices":[{"data":"Flex","floor":6,"key":"SMITH"},{"data":"Clothesline","floor":8,"key":"SMITH"},{"data":"Whirlwind","floor":13,"key":"SMITH"},{"data":"Hemokinesis","floor":15,"key":"SMITH"},{"data":"Flex","floor":23,"key":"SMITH"},{"data":"Feed","floor":25,"key":"SMITH"},{"data":"Intimidate","floor":30,"key":"SMITH"},{"data":"Disarm","floor":32,"key":"SMITH"}],"circlet_count":0,"master_deck":["Strike_R","Strike_R","Strike_R","Strike_R","Strike_R","Defend_R","Defend_R","Bash+1","Hemokinesis+1","Flex+1","Clothesline+1","Reaper","Shockwave+1","Whirlwind+1","Disarm+1","Feed+1","Shrug It Off","Flex+1","Pummel+1","Intimidate+1","Offering","Armaments"],"relics":["Burning Blood","Pantograph","Coffee Dripper","Bag of Marbles","Red Skull","Potion Belt","Self Forming Clay","Busted Crown"],"acts_visited":["Exordium","TheCity","TheBeyond"],"potions_floor_usage":[5,16,18,19,21,24,28,33,37],"damage_taken":[{"damage":11,"enemies":"Jaw Worm","floor":1,"turns":3},{"damage":2,"enemies":"Cultist","floor":4,"turns":2},{"damage":4,"enemies":"Small Slimes","floor":5,"turns":2},{"damage":12,"enemies":"2 Fungi Beasts","floor":7,"turns":3},{"damage":10,"enemies":"Blue Slaver","floor":10,"turns":3},{"damage":31,"enemies":"Gremlin Gang","floor":11,"turns":4},{"damage":2,"enemies":"3 Louse","floor":14,"turns":3},{"damage":46,"enemies":"Hexaghost","floor":16,"turns":8},{"damage":23,"enemies":"3 Byrds","floor":18,"turns":3},{"damage":10,"enemies":"Shell Parasite","floor":19,"turns":2},{"damage":17,"enemies":"Shelled Parasite and Fungi","floor":21,"turns":2},{"damage":51,"enemies":"Slavers","floor":24,"turns":6},{"damage":31,"enemies":"Snake Plant","floor":27,"turns":3},{"damage":12,"enemies":"Centurion and Healer","floor":28,"turns":3},{"damage":60,"enemies":"Automaton","floor":33,"turns":8},{"damage":13,"enemies":"3 Shapes","floor":35,"turns":2},{"damage":103,"enemies":"Time Eater","floor":37,"turns":11}],"seed_played":"3967118271440688126","potions_obtained":[{"floor":1,"key":"BlessingOfTheForge"},{"floor":2,"key":"SneckoOil"},{"floor":2,"key":"LiquidBronze"},{"floor":2,"key":"Fruit Juice"},{"floor":4,"key":"Regen Potion"},{"floor":7,"key":"SneckoOil"},{"floor":18,"key":"FearPotion"},{"floor":21,"key":"BlessingOfTheForge"},{"floor":27,"key":"FearPotion"},{"floor":28,"key":"AttackPotion"},{"floor":35,"key":"LiquidBronze"}],"is_trial":false,"path_per_floor":["M","?","$","M","M","R","M","R","T","M","M","?","R","M","R","B",null,"M","M","?","M","$","R","E","R","T","M","M","?","R","T","R","B",null,"M","?","B",null],"character_chosen":"IRONCLAD","items_purchased":[],"campfire_rested":0,"item_purchase_floors":[],"current_hp_per_floor":[75,75,75,79,85,85,79,79,79,79,62,62,62,69,69,66,85,68,67,67,65,65,65,24,24,24,16,30,30,30,30,30,13,99,92,92,14],"gold":392,"neow_bonus":"UPGRADE_CARD","is_daily":false,"chose_seed":false,"campfire_upgraded":8,"win_rate":0.0,"timestamp":1611279324,"path_taken":["M","?","?","M","M","R","M","R","T","M","M","?","R","M","R","BOSS","M","M","?","?","$","R","E","R","T","M","M","?","R","?","R","BOSS","M","?","BOSS"],"items_purchased_type":[],"build_version":"2020-12-22","purchased_purges":2,"victory":true,"max_hp_per_floor":[80,80,80,80,85,85,85,85,85,85,85,85,85,85,85,85,85,85,88,88,91,91,91,95,95,95,99,99,99,99,99,99,99,99,99,99,99],"card_choices":[{"not_picked":["Headbutt","Twin Strike"],"picked":"Hemokinesis","floor":1},{"not_picked":["Pommel Strike","Burning Pact"],"picked":"Flex","floor":4},{"not_picked":["Searing Blow","Wild Strike"],"picked":"Clothesline","floor":5},{"not_picked":["True Grit","Anger"],"picked":"Reaper","floor":7},{"not_picked":["Second Wind","Cleave"],"picked":"Shockwave","floor":10},{"not_picked":["Clothesline","Wild Strike"],"picked":"Whirlwind","floor":11},{"not_picked":["Perfected Strike","Twin Strike"],"picked":"Disarm","floor":14},{"not_picked":["Barricade","Juggernaut"],"picked":"Feed","floor":16},{"not_picked":["Power Through","Metallicize"],"picked":"Shrug It Off","floor":18},{"not_picked":["Dark Embrace","Perfected Strike"],"picked":"Flex","floor":19},{"not_picked":["True Grit","Clash","Warcry"],"picked":"SKIP","floor":21},{"not_picked":["Headbutt","Clash","Warcry"],"picked":"SKIP","floor":24},{"not_picked":["Battle Trance","Flex"],"picked":"Pummel+1","floor":27},{"not_picked":["Twin Strike","Sever Soul"],"picked":"Intimidate","floor":28},{"not_picked":["Berserk","Immolate"],"picked":"Offering","floor":33},{"not_picked":[],"picked":"Armaments","floor":35}],"player_experience":1461285,"relics_obtained":[{"floor":9,"key":"Pantograph"},{"floor":24,"key":"Bag of Marbles"},{"floor":26,"key":"Red Skull"},{"floor":31,"key":"Self Forming Clay"}],"event_choices":[{"damage_healed":0,"gold_gain":0,"player_choice":"Got Potions","damage_taken":0,"max_hp_gain":0,"max_hp_loss":0,"event_name":"Lab","floor":2,"gold_loss":0},{"damage_healed":0,"gold_gain":0,"player_choice":"Grow","damage_taken":0,"max_hp_gain":0,"max_hp_loss":0,"event_name":"Living Wall","floor":12,"gold_loss":0,"cards_upgraded":["Shockwave"]},{"damage_healed":0,"gold_gain":0,"player_choice":"Ignored","damage_taken":0,"max_hp_gain":0,"max_hp_loss":0,"event_name":"N\u0027loth","floor":20,"gold_loss":0},{"damage_healed":0,"gold_gain":0,"player_choice":"Obtained Relic","damage_taken":0,"relics_obtained":["Potion Belt"],"max_hp_gain":0,"max_hp_loss":0,"event_name":"Addict","floor":29,"gold_loss":85},{"damage_healed":0,"gold_gain":0,"player_choice":"Took Portal","damage_taken":0,"max_hp_gain":0,"max_hp_loss":0,"event_name":"SecretPortal","floor":36,"gold_loss":0}],"is_beta":false,"boss_relics":[{"not_picked":["Calling Bell","Snecko Eye"],"picked":"Coffee Dripper"},{"not_picked":["Runic Pyramid","SacredBark"],"picked":"Busted Crown"}],"items_purged_floors":[3,22],"is_endless":false,"potions_floor_spawned":[1,4,7,18,21,27,28,35],"ascension_level":0}}