{"host":"97e98znyvgp3tx0i","time":1611287150,"event":{"mods":["AchievementEnabler","BaseMod","Colored Powertips","Googly Eyes","Highlight Path","Minty Spire (QoL Compilation)","Quick Restart"],"gold_per_floor":[111,111,111,111,126,152,162,162,162,192,192,205,205,236,236,337,387,400,204,204,218,308,335,335,345,345,355,374,374,374,384,384,483,483,497,155,155,171,226,226,226,242,242,258,277,289,309,322,322,322],"floor_reached":51,"language":"ENG","playtime":5959,"items_purged":[],"score":745,"play_id":"6ad8349f-5456-48bb-95a7-e340c8539445","local_time":"20210121214550","is_ascension_mode":true,"campfire_choices":[{"data":"Prostrate","floor":11,"key":"SMITH"},{"data":"Prostrate","floor":13,"key":"SMITH"},{"data":"Collect","floor":15,"key":"SMITH"},{"floor":24,"key":"REST"},{"data":"Devotion","floor":29,"key":"SMITH"},{"floor":32,"key":"REST"},{"floor":40,"key":"REST"},{"floor":49,"key":"REST"}],"circlet_count":0,"master_deck":["Strike_P","Strike_P","Strike_P+1","Strike_P","Defend_P","Defend_P","Defend_P","Defend_P","Eruption+1","Vigilance","Crescendo","FlyingSleeves+1","Collect+1","Prostrate+1","Prostrate+1","Swivel","Devotion+1","CarveReality","ClearTheMind+1","WindmillStrike","Perseverance+1","Evaluate+1","SandsOfTime","Evaluate+1","LessonLearned","Establishment","EmptyBody+1","Devotion+1","ClearTheMind","Evaluate+1","Indignation","CrushJoints+1","Halt+1","ThirdEye+1","SashWhip+1","FearNoEvil+1","Swivel"],"relics":["PureWater","Pen Nib","Meat on the Bone","Eternal Feather","InkBottle","Bronze Scales","Tiny House","Damaru","Vajra","Pantograph","Black Star","Nunchaku","DollysMirror","TungstenRod","Molten Egg 2"],"acts_visited":["Exordium","TheCity","TheBeyond"],"potions_floor_usage":[10,16,16,21,30,45,47,50,50],"damage_taken":[{"damage":6,"enemies":"2 Louse","floor":1,"turns":4},{"damage":0,"enemies":"Small Slimes","floor":5,"turns":3},{"damage":13,"enemies":"Lagavulin","floor":6,"turns":5},{"damage":0,"enemies":"Jaw Worm","floor":7,"turns":2},{"damage":20,"enemies":"Gremlin Nob","floor":10,"turns":4},{"damage":8,"enemies":"Gremlin Gang","floor":12,"turns":3},{"damage":5,"enemies":"Lagavulin","floor":14,"turns":5},{"damage":53,"enemies":"Slime Boss","floor":16,"turns":8},{"damage":0,"enemies":"Spheric Guardian","floor":18,"turns":3},{"damage":24,"enemies":"2 Thieves","floor":21,"turns":3},{"damage":32,"enemies":"Gremlin Leader","floor":23,"turns":6},{"damage":8,"enemies":"Snake Plant","floor":25,"turns":3},{"damage":19,"enemies":"Centurion and Healer","floor":27,"turns":4},{"damage":3,"enemies":"3 Cultists","floor":28,"turns":3},{"damage":0,"enemies":"Slavers","floor":30,"turns":1},{"damage":9,"enemies":"Snecko","floor":31,"turns":4},{"damage":66,"enemies":"Champ","floor":33,"turns":7},{"damage":14,"enemies":"3 Darklings","floor":35,"turns":4},{"damage":8,"enemies":"3 Shapes","floor":38,"turns":3},{"damage":50,"enemies":"2 Orb Walkers","floor":39,"turns":4},{"damage":45,"enemies":"3 Darklings","floor":42,"turns":3},{"damage":0,"enemies":"Transient","floor":44,"turns":5},{"damage":10,"enemies":"Sphere and 2 Shapes","floor":45,"turns":5},{"damage":14,"enemies":"3 Darklings","floor":46,"turns":5},{"damage":0,"enemies":"Writhing Mass","floor":47,"turns":7},{"damage":21,"enemies":"Sphere and 2 Shapes","floor":48,"turns":5},{"damage":65,"enemies":"Donu and Deca","floor":50,"turns":9}],"seed_played":"-3155267302405734682","potions_obtained":[{"floor":1,"key":"FearPotion"},{"floor":12,"key":"Dexterity Potion"},{"floor":14,"key":"Weak Potion"},{"floor":17,"key":"FearPotion"},{"floor":23,"key":"SmokeBomb"},{"floor":27,"key":"BottledMiracle"},{"floor":28,"key":"LiquidMemories"},{"floor":38,"key":"BottledMiracle"},{"floor":44,"key":"AttackPotion"},{"floor":46,"key":"Weak Potion"},{"floor":48,"key":"FearPotion"}],"is_trial":false,"path_per_floor":["M","?","?","?","M","E","M","?","T","E","R","M","R","E","R","B",null,"M","$","?","M","?","E","R","M","T","M","M","R","E","M","R","B",null,"M","$","?","M","?","R","?","M","T","M","M","M","M","M","R","B",null],"character_chosen":"WATCHER","items_purchased":["Damaru","WindmillStrike","Nunchaku","DollysMirror","ClearTheMind"],"campfire_rested":4,"item_purchase_floors":[19,19,36,36,36],"current_hp_per_floor":[73,73,73,73,73,60,60,57,57,49,58,50,59,54,63,22,84,84,84,84,60,48,28,65,57,57,50,47,62,62,53,84,30,84,70,70,70,62,24,67,67,34,34,46,48,46,46,37,80,27],"gold":322,"neow_bonus":"TEN_PERCENT_HP_BONUS","is_daily":false,"chose_seed":false,"campfire_upgraded":4,"win_rate":0.0,"timestamp":1611287150,"path_taken":["M","?","?","?","M","E","M","?","T","E","R","M","R","E","R","BOSS","M","$","?","M","?","E","R","M","T","?","M","R","E","M","R","BOSS","M","$","?","?","?","R","?","M","T","M","M","M","?","M","R","BOSS"],"items_purchased_type":["Relic","Card","Relic","Relic","Card"],"build_version":"2020-12-22","purchased_purges":0,"victory":true,"max_hp_per_floor":[79,79,79,79,79,79,79,79,79,79,79,79,79,79,79,79,84,84,84,84,84,84,84,84,84,84,84,84,84,84,84,84,84,84,84,84,84,84,84,84,80,80,80,80,80,80,80,80,80,80],"card_choices":[{"not_picked":["InnerPeace","ThirdEye"],"picked":"Crescendo","floor":1},{"not_picked":["WheelKick","CrushJoints"],"picked":"JustLucky","floor":5},{"not_picked":["Crescendo","BowlingBash"],"picked":"FlyingSleeves","floor":6},{"not_picked":["FlurryOfBlows","Evaluate"],"picked":"Collect","floor":7},{"not_picked":["Meditate","Consecrate"],"picked":"Prostrate","floor":10},{"not_picked":["Crescendo","WreathOfFlame"],"picked":"Prostrate","floor":12},{"not_picked":["EmptyFist","Vault"],"picked":"Swivel","floor":14},{"not_picked":["Judgement","Wish"],"picked":"Devotion","floor":16},{"not_picked":["SashWhip","PathToVictory"],"picked":"CarveReality","floor":17},{"not_picked":["CrushJoints+1","CutThroughFate"],"picked":"ClearTheMind+1","floor":18},{"not_picked":["Protect+1","WreathOfFlame"],"picked":"Perseverance+1","floor":21},{"not_picked":["FollowUp+1","Pray"],"picked":"Evaluate+1","floor":23},{"not_picked":["JustLucky","EmptyBody"],"picked":"SandsOfTime","floor":25},{"not_picked":["FlurryOfBlows","Conclude"],"picked":"Evaluate+1","floor":27},{"not_picked":["FlurryOfBlows+1","Prostrate"],"picked":"LessonLearned","floor":28},{"not_picked":["SashWhip","CutThroughFate","BowlingBash"],"picked":"SKIP","floor":31},{"not_picked":["Scrawl","Vault"],"picked":"Establishment","floor":33},{"not_picked":["ClearTheMind+1","BowlingBash"],"picked":"EmptyBody+1","floor":35},{"not_picked":["FlurryOfBlows+1","FollowUp+1"],"picked":"Evaluate+1","floor":38},{"not_picked":["WheelKick","Devotion"],"picked":"Indignation","floor":39},{"not_picked":["Protect","Consecrate"],"picked":"CrushJoints+1","floor":42},{"not_picked":["JustLucky+1","InnerPeace+1"],"picked":"Halt+1","floor":44},{"not_picked":["JustLucky+1","FollowUp+1"],"picked":"ThirdEye+1","floor":45},{"not_picked":["Consecrate+1","LikeWater+1"],"picked":"SashWhip+1","floor":46},{"not_picked":["EmptyFist+1","MasterReality"],"picked":"FearNoEvil+1","floor":47},{"not_picked":["ForeignInfluence+1","Worship+1"],"picked":"Swivel","floor":48}],"player_experience":174129,"relics_obtained":[{"floor":6,"key":"Pen Nib"},{"floor":9,"key":"Eternal Feather"},{"floor":10,"key":"InkBottle"},{"floor":14,"key":"Bronze Scales"},{"floor":23,"key":"Vajra"},{"floor":26,"key":"Pantograph"},{"floor":39,"key":"TungstenRod"},{"floor":43,"key":"Molten Egg 2"}],"event_choices":[{"damage_healed":0,"gold_gain":0,"player_choice":"Leave","damage_taken":0,"max_hp_gain":0,"max_hp_loss":0,"event_name":"The Cleric","floor":2,"gold_loss":0},{"damage_healed":0,"gold_gain":0,"player_choice":"Ignored","damage_taken":0,"max_hp_gain":0,"max_hp_loss":0,"event_name":"Liars Game","floor":3,"gold_loss":0},{"damage_healed":0,"gold_gain":0,"player_choice":"Grow","damage_taken":0,"max_hp_gain":0,"max_hp_loss":0,"event_name":"Living Wall","floor":4,"gold_loss":0,"cards_upgraded":["Eruption"]},{"damage_healed":0,"gold_gain":0,"player_choice":"Success","damage_taken":3,"relics_obtained":["Meat on the Bone"],"max_hp_gain":0,"max_hp_loss":0,"event_name":"Scrap Ooze","floor":8,"gold_loss":0},{"damage_healed":0,"gold_gain":0,"player_choice":"Ignored","damage_taken":0,"max_hp_gain":0,"max_hp_loss":0,"event_name":"Ghosts","floor":20,"gold_loss":0},{"damage_healed":0,"gold_gain":90,"player_choice":"GOLD ","damage_taken":12,"max_hp_gain":0,"max_hp_loss":0,"event_name":"Knowing Skull","floor":22,"potions_obtained":[],"gold_loss":0,"cards_obtained":[]},{"cards_removed":["JustLucky"],"damage_healed":0,"gold_gain":0,"player_choice":"Purged","damage_taken":0,"max_hp_gain":0,"max_hp_loss":0,"event_name":"Purifier","floor":37,"gold_loss":0},{"damage_healed":0,"gold_gain":0,"player_choice":"Fight","damage_taken":0,"max_hp_gain":0,"max_hp_loss":0,"event_name":"Mysterious Sphere","floor":39,"gold_loss":0},{"damage_healed":0,"gold_gain":0,"player_choice":"Max HP","damage_taken":0,"max_hp_gain":0,"max_hp_loss":4,"event_name":"Winding Halls","floor":41,"gold_loss":0}],"is_beta":false,"boss_relics":[{"not_picked":["Runic Pyramid","Ectoplasm"],"picked":"Tiny House"},{"not_picked":["Runic Dome","Snecko Eye"],"picked":"Black Star"}],"items_purged_floors":[],"is_endless":false,"potions_floor_spawned":[1,12,14,23,27,28,38,44,46,48],"ascension_level":1}}