{"host":"7uuqqk35leady37t","time":1611310679,"event":{"mods":["BaseMod","Colored Map","Colored Powertips","Marisa£®ÏF”Í°°ƒß¿Ì…≥£©","Minty Spire (QoL Compilation)","Relic Stats","Remilia£®¿Ÿ√◊¿Ú—«£©","Replay The Spire","Robot Space Explorer","StSLib","The Bug Knight","The Servant 0.9.4","UnlockEverythingMod","Waifu the Spire","Yuri Mod","[IsaacMod]“‘»ˆº‚À˛"],"gold_per_floor":[114,129,144,159,174,174,204,204,204,204,234,234,249,264,264,364,364,379,379,394,394,394,424,484,484,484,544,604,604,664,439,439,539,539,599,131,191,241,256,331,343,385,447,519,156,156,0,30,30,30],"floor_reached":51,"language":"ZHS","playtime":2946,"items_purged":["Strike_RM","Strike_RM","Defend_RM"],"score":1219,"play_id":"fa8e199e-3034-48ce-9960-b817c9029880","local_time":"20210122181759","daily_mods":["Heirloom","Time Dilation","Night Terrors"],"is_ascension_mode":false,"campfire_choices":[{"data":"ScarletCoffin","floor":6.0,"key":"SMITH"},{"data":"RedNightlessCastle","floor":10.0,"key":"SMITH"},{"data":"QueenOfMidnight","floor":12.0,"key":"SMITH"},{"floor":15.0,"key":"DIG"},{"data":"BloodHunter","floor":25.0,"key":"SMITH"},{"data":"DiffusionOfMisfortune","floor":32.0,"key":"SMITH"},{"data":"BloodHunter","floor":41.0,"key":"SMITH"},{"data":"BloodySeventeenLaser","floor":46,"key":"SMITH"}],"circlet_count":0,"master_deck":["Strike_RM","Strike_RM+1","Defend_RM+1","Defend_RM+1","RedMoon","ScarletShoot","BloodyBrimstone+1","RedNightlessCastle+1","ScarletCoffin+1","BlasphemousPunishment","EmergencyRegeneration+1","DiffusionOfMisfortune+1","Stigmanizer+1","QueenOfMidnight+1","VampireSweep","BloodAndWine","CeilingFear","KillingBlow+1","ScarletImprint+1","VampireKiss+1","BloodHunter+1","VampireKiss+1","RedRainbow","NightDance","ScarletNetherworld","ScarletCoffin+1","HeartBreak","BloodySeventeenLaser+1","ChaoticDestiny","DiffusionOfMisfortune+1","CharismaGuard+1","RedRainbow+1","DiffusionOfMisfortune+1","BloodHunter+1","EternalNight+1","RedNightlessCastle","BombardNight+1","TransientEternity"],"relics":["ScarletHat","HushsDoor","SatanicBible","Counterbalance","Eternal Feather","Sundial","HollowMod:StagPassRelic","CaptainsWheel","Coffee Dripper","ReplayTheSpireMod:Ring of Challenge","Ring of Panic","Blue Candle","ReplayTheSpireMod:Ninjato","InkBottle","DeadEye","Vajra","Pen Nib","Black Star","Whetstone","PreservedInsect","Bag of Preparation","Meat on the Bone","PokeGo","Regal Pillow","HollowMod:PaleOreRelic","Strawberry","Happy Flower","Replay:Accelerometer","Red Mask","Void"],"acts_visited":["Exordium","TheCity","TheBeyond"],"potions_floor_usage":[],"damage_taken":[{"damage":0.0,"enemies":"Cultist","floor":1.0,"turns":4.0},{"damage":0.0,"enemies":"Small Slimes","floor":2.0,"turns":4.0},{"damage":0.0,"enemies":"Jaw Worm","floor":3.0,"turns":6.0},{"damage":0.0,"enemies":"3 Louse","floor":4.0,"turns":3.0},{"damage":0.0,"enemies":"Blue Slaver","floor":5.0,"turns":4.0},{"damage":0.0,"enemies":"3 Sentries","floor":7.0,"turns":6.0},{"damage":0.0,"enemies":"Lagavulin","floor":11.0,"turns":6.0},{"damage":0.0,"enemies":"Exordium Thugs","floor":13.0,"turns":1.0},{"damage":0.0,"enemies":"Large Slime","floor":14.0,"turns":10.0},{"damage":17.0,"enemies":"Fading Forest","floor":16.0,"turns":11.0},{"damage":0.0,"enemies":"Spheric Guardian","floor":18.0,"turns":3.0},{"damage":9.0,"enemies":"Shell Parasite","floor":20.0,"turns":2.0},{"damage":0.0,"enemies":"Book of Stabbing","floor":23.0,"turns":7.0},{"damage":0.0,"enemies":"Shelled Parasite and Fungi","floor":24.0,"turns":1.0},{"damage":0.0,"enemies":"Centurion and Healer","floor":27.0,"turns":2.0},{"damage":10.0,"enemies":"3 Cultists","floor":28.0,"turns":3.0},{"damage":16.0,"enemies":"Snecko","floor":30.0,"turns":2.0},{"damage":56.0,"enemies":"Pondfish","floor":33.0,"turns":5.0},{"damage":0.0,"enemies":"Orb Walker","floor":35.0,"turns":1.0},{"damage":0.0,"enemies":"3 Shapes","floor":37.0,"turns":3.0},{"damage":11.0,"enemies":"Jaw Worm Horde","floor":39.0,"turns":3.0},{"damage":0.0,"enemies":"Giant Head","floor":40.0,"turns":2.0},{"damage":0.0,"enemies":"Reptomancer","floor":42.0,"turns":2.0},{"damage":0,"enemies":"Spire Growth","floor":44,"turns":1},{"damage":0,"enemies":"Nemesis","floor":48,"turns":4},{"damage":0,"enemies":"Donu and Deca","floor":50,"turns":2}],"seed_played":"8945501730091475425","potions_obtained":[{"floor":1.0,"key":"GamblersBrew"},{"floor":4.0,"key":"Adrenaline Potion"},{"floor":5.0,"key":"Elixir"},{"floor":7.0,"key":"Milkshake"},{"floor":14.0,"key":"LiquidMemories"},{"floor":27.0,"key":"Languid Potion"},{"floor":30.0,"key":"FairyPotion"},{"floor":33.0,"key":"Weak Potion"},{"floor":37.0,"key":"Dexterity Potion"},{"floor":39.0,"key":"Explosive Potion"},{"floor":39.0,"key":"Reflective Coating"}],"is_trial":false,"path_per_floor":["M","M","M","M","M","R","E","?","T","R","E","R","M","M","R_BF","B",null,"M","?","M","?","?","E","M","R","T","M","M","T","M","$","R","B",null,"M","$","M","T","M","E","R","E","T","M","$","R","?","E","R_BF","B",null],"character_chosen":"REMILIA","items_purchased":["KillingBlow","Pen Nib","HeartBreak","BloodySeventeenLaser","ChaoticDestiny","Whetstone","PreservedInsect","CharismaGuard","RedRainbow","Replay:Accelerometer"],"campfire_rested":0,"item_purchase_floors":[17,31,34,34,34,36,36,36,36,45],"current_hp_per_floor":[75,75,75,75,75,75,72,58,58,67,68,72,72,72,72,69,66,66,54,49,71,71,71,71,71,71,71,71,71,71,71,71,68,56,56,56,60,60,50,57,57,64,64,61,61,61,61,61,61,58],"gold":30,"neow_bonus":"","is_daily":true,"chose_seed":false,"campfire_upgraded":7,"win_rate":0.0,"timestamp":1611310679,"path_taken":["M","?","M","?","M","R","E","?","T","R","E","R","M","M","R_BF","BOSS","M","?","M","?","?","E","M","R","T","M","M","?","M","$","R","BOSS","M","$","M","?","M","E","R","E","T","M","$","R","?","E","R_BF","BOSS"],"items_purchased_type":["Card","Relic","Card","Card","Card","Relic","Relic","Card","Card","Relic"],"build_version":"2020-12-22","purchased_purges":3,"victory":true,"max_hp_per_floor":[75,75,75,75,75,75,72,72,72,72,72,72,72,72,72,69,66,66,71,71,71,71,71,71,71,71,71,71,71,71,71,71,68,56,56,56,60,60,60,57,57,64,64,61,61,61,61,61,61,58],"relic_stats":{"Regal Pillow":0,"Happy Flower":[2],"counters":[26,98],"Blue Candle":[0],"Eternal Feather":13,"Pen Nib":[6],"PreservedInsect":230,"Bag of Preparation":[12],"Whetstone":["ScarletCoffin","ScarletImprint"],"Sundial":[6],"Black Star":3,"obtain_stats":[{"Replay:Accelerometer":45,"Regal Pillow":40,"Vajra":30,"Bag of Preparation":38,"DeadEye":29,"Whetstone":36,"HollowMod:StagPassRelic":11,"ScarletHat":0,"SatanicBible":0,"PokeGo":40,"Sundial":9,"Strawberry":42,"Red Mask":47,"HollowMod:PaleOreRelic":42,"Ring of Panic":22,"Void":48,"InkBottle":26,"KeepersGift":0,"ReplayTheSpireMod:Ninjato":23,"Happy Flower":43,"Counterbalance":0,"Blue Candle":23,"Eternal Feather":7,"Pen Nib":31,"PreservedInsect":36,"MawBank":40,"CaptainsWheel":15,"Coffee Dripper":17,"Black Star":34,"ReplayTheSpireMod:Ring of Challenge":22,"HushsDoor":0,"Meat on the Bone":39},{"Replay:Accelerometer":24,"Regal Pillow":22,"Vajra":17,"Bag of Preparation":20,"DeadEye":16,"Whetstone":19,"HollowMod:StagPassRelic":7,"ScarletHat":0,"SatanicBible":0,"PokeGo":22,"Sundial":6,"Strawberry":23,"Red Mask":24,"HollowMod:PaleOreRelic":23,"Ring of Panic":12,"Void":25,"InkBottle":14,"KeepersGift":0,"ReplayTheSpireMod:Ninjato":13,"Happy Flower":23,"Counterbalance":0,"Blue Candle":13,"Eternal Feather":6,"Pen Nib":17,"PreservedInsect":19,"MawBank":22,"CaptainsWheel":9,"Coffee Dripper":10,"Black Star":18,"ReplayTheSpireMod:Ring of Challenge":12,"HushsDoor":0,"Meat on the Bone":21},{"Replay:Accelerometer":92,"Regal Pillow":89,"Vajra":75,"Bag of Preparation":84,"DeadEye":73,"Whetstone":81,"HollowMod:StagPassRelic":33,"ScarletHat":0,"SatanicBible":0,"PokeGo":89,"Sundial":27,"Strawberry":91,"Red Mask":92,"HollowMod:PaleOreRelic":91,"Ring of Panic":60,"Void":96,"InkBottle":68,"KeepersGift":0,"ReplayTheSpireMod:Ninjato":67,"Happy Flower":91,"Counterbalance":0,"Blue Candle":67,"Eternal Feather":27,"Pen Nib":75,"PreservedInsect":81,"MawBank":89,"CaptainsWheel":44,"Coffee Dripper":55,"Black Star":80,"ReplayTheSpireMod:Ring of Challenge":60,"HushsDoor":0,"Meat on the Bone":87}],"InkBottle":[12],"Meat on the Bone":0},"card_choices":[{"not_picked":[],"picked":"BloodyBrimstone","floor":0.0},{"not_picked":["GlobalNightmare","BadLadyScramble"],"picked":"RedNightlessCastle","floor":1.0},{"not_picked":["VampireKiss","BloodyTrap"],"picked":"ScarletCoffin","floor":2.0},{"not_picked":["DevilSight","RedRainbow"],"picked":"BlasphemousPunishment","floor":3.0},{"not_picked":["ScarletDevil","Bomb"],"picked":"EmergencyRegeneration","floor":4.0},{"not_picked":["StarOfDavid","VampireKiss"],"picked":"DiffusionOfMisfortune","floor":5.0},{"not_picked":["BlasphemousPunishment","UnderTheZenith"],"picked":"Stigmanizer","floor":7.0},{"not_picked":["BloodyMagicSquare","EternalNight"],"picked":"QueenOfMidnight","floor":11.0},{"not_picked":["UnstableMagic","RedRainbow"],"picked":"VampireSweep","floor":13.0},{"not_picked":["BlasphemousPunishment","HellCatastrophe"],"picked":"BloodAndWine","floor":14.0},{"not_picked":["EquivalentExchange","TricksterDevil"],"picked":"CeilingFear","floor":16.0},{"not_picked":["BloodyTrap","DiffusionOfMisfortune"],"picked":"ScarletImprint","floor":18.0},{"not_picked":["UnstableMagic","BlasphemousPunishment"],"picked":"VampireKiss+1","floor":20.0},{"not_picked":["BloodyHallows","RedRainbow"],"picked":"BloodHunter","floor":23.0},{"not_picked":["BombardNight","BloodAndWine+1"],"picked":"VampireKiss+1","floor":24.0},{"not_picked":["UnstableMagic","FavorOfDestiny"],"picked":"RedRainbow","floor":27.0},{"not_picked":["BombardNight","MastersStateliness"],"picked":"NightDance","floor":28.0},{"not_picked":["VampireFantasy","EmergencyRegeneration"],"picked":"ScarletNetherworld","floor":30.0},{"not_picked":["BloodySeventeenLaser","CeilingFear"],"picked":"ScarletCoffin","floor":33.0},{"not_picked":["UnderTheZenith+1","RedMagic+1"],"picked":"DiffusionOfMisfortune+1","floor":35.0},{"not_picked":["BloodyHallows","BlasphemousPunishment+1"],"picked":"DiffusionOfMisfortune+1","floor":37.0},{"not_picked":["RedNightlessCastle+1","StarOfDavid"],"picked":"BloodHunter","floor":39.0},{"not_picked":["ScarletImprint+1","NightDance"],"picked":"EternalNight+1","floor":40.0},{"not_picked":["UnstableMagic+1","CharismaGuard"],"picked":"RedNightlessCastle","floor":42.0},{"not_picked":["FavorOfDestiny","BloodHunter+1"],"picked":"BombardNight+1","floor":44},{"not_picked":["DevilSight","EndlessAdversity+1","FavorOfDestiny+1"],"picked":"SKIP","floor":48}],"player_experience":66426,"relics_obtained":[{"floor":7.0,"key":"Eternal Feather"},{"floor":9.0,"key":"Sundial"},{"floor":11.0,"key":"HollowMod:StagPassRelic"},{"floor":15.0,"key":"CaptainsWheel"},{"floor":22.0,"key":"ReplayTheSpireMod:Ring of Challenge"},{"floor":22.0,"key":"Ring of Panic"},{"floor":23.0,"key":"Blue Candle"},{"floor":23.0,"key":"ReplayTheSpireMod:Ninjato"},{"floor":26.0,"key":"InkBottle"},{"floor":29.0,"key":"DeadEye"},{"floor":30.0,"key":"Vajra"},{"floor":38.0,"key":"Bag of Preparation"},{"floor":39.0,"key":"Meat on the Bone"},{"floor":40.0,"key":"PokeGo"},{"floor":40.0,"key":"Regal Pillow"},{"floor":40.0,"key":"MawBank"},{"floor":42.0,"key":"HollowMod:PaleOreRelic"},{"floor":42.0,"key":"Strawberry"},{"floor":43.0,"key":"Happy Flower"},{"floor":48,"key":"Void"}],"event_choices":[{"damage_healed":0.0,"max_hp_gain":0.0,"max_hp_loss":0.0,"gold_gain":0.0,"event_name":"Shining Light","player_choice":"Entered Light","floor":8.0,"gold_loss":0.0,"damage_taken":14.0,"cards_upgraded":["Strike_RM","EmergencyRegeneration"]},{"damage_healed":0.0,"max_hp_gain":5.0,"max_hp_loss":0.0,"gold_gain":0.0,"event_name":"Forgotten Altar","player_choice":"Shed Blood","floor":19.0,"gold_loss":0.0,"damage_taken":17.0},{"damage_healed":23.0,"max_hp_gain":0.0,"max_hp_loss":0.0,"gold_gain":0.0,"event_name":"The Library","player_choice":"Heal","floor":21.0,"gold_loss":0.0,"damage_taken":0.0},{"damage_healed":0,"gold_gain":0,"player_choice":"Paid","damage_taken":0,"relics_obtained":["Red Mask"],"max_hp_gain":0,"max_hp_loss":0,"event_name":"Tomb of Lord Red Mask","floor":47,"gold_loss":156}],"is_beta":false,"boss_relics":[{"not_picked":["Ring of Chaos","Busted Crown"],"picked":"Coffee Dripper"},{"not_picked":[]},{"not_picked":["Snecko Eye","ChampionBelt"],"picked":"Black Star"},{"not_picked":[]}],"items_purged_floors":[31,36,45],"is_endless":false,"potions_floor_spawned":[1,5,7,14,27,30,33,37,39,48],"ascension_level":0}}