{"host":"neeznpvpgo0qgfkd","time":1611355510,"event":{"mods":["AchievementEnabler","BaseMod","BetterRewards","Colored Map","Colored Powertips","Exacting","Minty Spire (QoL Compilation)","Permanent Neow","Quick Restart","Shop Mod"],"gold_per_floor":[112,112,66,95,123,155,195,195,219,219,234,234,261,278,278,366,366,378,378,378,129,129,129],"floor_reached":22,"language":"ENG","playtime":988,"items_purged":[],"score":431,"play_id":"64303cbb-4c6d-495b-841f-a297da84f3f4","local_time":"20210122174510","is_ascension_mode":true,"campfire_choices":[{"floor":8,"key":"REST"},{"floor":10,"key":"REST"},{"floor":15,"key":"REST"}],"circlet_count":0,"master_deck":["AscendersBane","Strike_G","Strike_G","Strike_G","Strike_G","Defend_G","Defend_G","Defend_G","Defend_G","Defend_G","Survivor","Neutralize","Blade Dance","Dagger Spray","Noxious Fumes","Underhanded Strike","Blade Dance","Choke","Flying Knee","Deadly Poison","Finisher","Tools of the Trade"],"relics":["Ring of the Snake","Omamori","Smiling Mask","Potion Belt","Paper Crane","Runic Pyramid","Enchiridion","Bottled Tornado"],"acts_visited":["Exordium","TheCity"],"potions_floor_usage":[5,5,6,7,16,16,16,16,16,16,16,20],"damage_taken":[{"damage":6,"enemies":"Cultist","floor":1,"turns":7},{"damage":0,"enemies":"2 Louse","floor":4,"turns":2},{"damage":4,"enemies":"Jaw Worm","floor":5,"turns":3},{"damage":40,"enemies":"Lagavulin","floor":6,"turns":8},{"damage":0,"enemies":"2 Fungi Beasts","floor":7,"turns":2},{"damage":11,"enemies":"Looter","floor":11,"turns":3},{"damage":22,"enemies":"Gremlin Nob","floor":13,"turns":5},{"damage":6,"enemies":"Lots of Slimes","floor":14,"turns":2},{"damage":0,"enemies":"Slime Boss","floor":16,"turns":5},{"damage":24,"enemies":"Chosen","floor":18,"turns":4},{"damage":14,"enemies":"Shell Parasite","floor":20,"turns":4},{"damage":6,"enemies":"3 Cultists","floor":22,"turns":2}],"seed_played":"-8629513466520856601","potions_obtained":[{"floor":1,"key":"Fire Potion"},{"floor":4,"key":"Fruit Juice"},{"floor":5,"key":"Fire Potion"},{"floor":6,"key":"Explosive Potion"},{"floor":13,"key":"DistilledChaos"},{"floor":13,"key":"EntropicBrew"},{"floor":14,"key":"Block Potion"},{"floor":14,"key":"Block Potion"}],"is_trial":false,"path_per_floor":["M","?","$","M","M","E","M","R","T","R","M","?","E","M","R","B",null,"M","?","M","$","M"],"character_chosen":"THE_SILENT","items_purchased":["Dagger Spray","Bottled Tornado"],"campfire_rested":3,"item_purchase_floors":[3,21],"current_hp_per_floor":[53,53,53,53,54,14,14,35,35,56,45,45,23,17,38,38,63,39,18,4,4,0,0],"gold":129,"neow_bonus":"RANDOM_COMMON_RELIC","is_daily":false,"chose_seed":false,"campfire_upgraded":0,"win_rate":0.0,"timestamp":1611355510,"path_taken":["M","?","$","M","M","E","M","R","T","R","?","?","E","M","R","BOSS","M","?","M","$","M"],"items_purchased_type":["Card","Relic"],"build_version":"2020-12-22","purchased_purges":0,"victory":false,"max_hp_per_floor":[66,66,66,66,71,71,71,71,71,71,71,71,71,71,71,71,71,71,71,71,71,71,71],"card_choices":[{"not_picked":["Bane","Backflip"],"picked":"Blade Dance","floor":1},{"not_picked":["Tactician","Heel Hook"],"picked":"Noxious Fumes","floor":4},{"not_picked":["Predator","Outmaneuver"],"picked":"Underhanded Strike","floor":5},{"not_picked":["Deflect","Underhanded Strike"],"picked":"Blade Dance","floor":6},{"not_picked":["Prepared","Eviscerate"],"picked":"Choke","floor":7},{"not_picked":["Catalyst","Backflip"],"picked":"Flying Knee","floor":11},{"not_picked":["Flechettes","PiercingWail"],"picked":"Deadly Poison","floor":13},{"not_picked":["PiercingWail","Expertise"],"picked":"Finisher","floor":14},{"not_picked":["Storm of Steel","Night Terror"],"picked":"Tools of the Trade","floor":16},{"not_picked":["Dagger Spray","Caltrops","Deadly Poison"],"picked":"SKIP","floor":18}],"player_experience":1904294,"relics_obtained":[{"floor":6,"key":"Smiling Mask"},{"floor":13,"key":"Paper Crane"},{"floor":19,"key":"Enchiridion"}],"event_choices":[{"cards_removed":["Strike_G"],"damage_healed":0,"gold_gain":0,"player_choice":"Offered Basic","damage_taken":0,"max_hp_gain":0,"max_hp_loss":0,"event_name":"Bonfire Elementals","floor":2,"gold_loss":0},{"damage_healed":0,"gold_gain":0,"player_choice":"Box","damage_taken":0,"relics_obtained":["Potion Belt"],"max_hp_gain":0,"max_hp_loss":0,"event_name":"Big Fish","floor":12,"gold_loss":0,"cards_obtained":["Regret"]},{"damage_healed":0,"gold_gain":0,"player_choice":"Obtained Book","damage_taken":21,"max_hp_gain":0,"max_hp_loss":0,"event_name":"Cursed Tome","floor":19,"gold_loss":0}],"is_beta":false,"boss_relics":[{"not_picked":["Coffee Dripper","Sozu"],"picked":"Runic Pyramid"}],"items_purged_floors":[],"is_endless":false,"potions_floor_spawned":[1,4,5,13,14,20],"killed_by":"3 Cultists","ascension_level":15}}