{"host":"sian7qp8a9pc9xwd","time":1611301475,"event":{"mods":["BaseMod","Minty Spire (QoL Compilation)","StSLib","SuperFastMode"],"gold_per_floor":[113,123,123,133,133,149,161,161,209,209,244,11,21,21,21,120,120,139,339,357,371,40,65,65,80,80,112,128,128,228,255,255,255,255],"floor_reached":33,"language":"ENG","playtime":1828,"items_purged":[],"score":445,"play_id":"6ec3fdb7-fad5-4ad3-b638-9a8135535de6","local_time":"20210122024435","is_ascension_mode":true,"campfire_choices":[{"data":"Twin Strike","floor":8.0,"key":"SMITH"},{"data":"Bash","floor":10.0,"key":"SMITH"},{"data":"Twin Strike","floor":15.0,"key":"SMITH"},{"data":"Bludgeon","floor":24,"key":"SMITH"},{"floor":29,"key":"REST"},{"floor":32,"key":"REST"}],"circlet_count":0,"master_deck":["Strike_R","Strike_R","Strike_R","Strike_R","Strike_R","Defend_R","Defend_R","Defend_R","Defend_R","Bash+1","Perfected Strike+1","Shrug It Off+1","Twin Strike+1","True Grit+1","Finesse+1","Twin Strike+1","Bludgeon+1","Warcry+1","Infernal Blade+1","Evolve","Bloodletting+1","Pommel Strike+1","Ghostly Armor+1","Intimidate+1"],"relics":["Burning Blood","Champion Belt","PreservedInsect","Toxic Egg 2","Vajra","Sozu","Mummified Hand","Orichalcum","Ornamental Fan","Tiny Chest","Prayer Wheel","Molten Egg 2","CaptainsWheel"],"acts_visited":["Exordium","TheCity"],"potions_floor_usage":[],"damage_taken":[{"damage":6.0,"enemies":"2 Louse","floor":1.0,"turns":3.0},{"damage":6.0,"enemies":"Cultist","floor":2.0,"turns":3.0},{"damage":3.0,"enemies":"Small Slimes","floor":4.0,"turns":4.0},{"damage":19.0,"enemies":"Exordium Thugs","floor":6.0,"turns":4.0},{"damage":4.0,"enemies":"2 Fungi Beasts","floor":7.0,"turns":3.0},{"damage":7.0,"enemies":"Gremlin Nob","floor":11.0,"turns":4.0},{"damage":19.0,"enemies":"Lots of Slimes","floor":13.0,"turns":4.0},{"damage":25,"enemies":"The Guardian","floor":16,"turns":10},{"damage":5,"enemies":"Shell Parasite","floor":18,"turns":3},{"damage":16,"enemies":"2 Thieves","floor":20,"turns":3},{"damage":9,"enemies":"Shelled Parasite and Fungi","floor":21,"turns":5},{"damage":22,"enemies":"Slavers","floor":23,"turns":3},{"damage":0,"enemies":"3 Cultists","floor":25,"turns":4},{"damage":3,"enemies":"Gremlin Leader","floor":27,"turns":4},{"damage":15,"enemies":"Snake Plant","floor":28,"turns":2},{"damage":2,"enemies":"Colosseum Slavers","floor":30,"turns":3},{"damage":0,"enemies":"Colosseum Nobs","floor":30,"turns":2},{"damage":36,"enemies":"Slavers","floor":31,"turns":4},{"damage":65,"enemies":"Champ","floor":33,"turns":11}],"seed_played":"-3852008232664995689","potions_obtained":[{"floor":2.0,"key":"SpeedPotion"},{"floor":7.0,"key":"Weak Potion"}],"is_trial":false,"path_per_floor":["M","M","?","M","?","M","M","R","T","R","E","$","M","$","R","B",null,"M","?","M","M","$","E","R","M","T","E","M","R","?","E","R","B"],"character_chosen":"IRONCLAD","items_purchased":["Vajra","Finesse+1","Mummified Hand","Evolve"],"campfire_rested":2,"item_purchase_floors":[12,12,22,22],"current_hp_per_floor":[72,72,72,72,72,59,61,61,61,61,60,60,47,47,47,28,61,62,62,52,49,49,33,33,39,39,42,33,54,64,34,55,0,0],"gold":255,"neow_bonus":"ONE_RARE_RELIC","is_daily":false,"chose_seed":false,"campfire_upgraded":4,"win_rate":0.0,"timestamp":1611301475,"path_taken":["M","M","?","?","?","M","M","R","T","R","E","?","M","$","R","BOSS","M","?","M","?","$","E","R","M","T","E","M","R","?","E","R","BOSS"],"items_purchased_type":["Relic","Card","Relic","Card"],"build_version":"2020-12-22","purchased_purges":0,"victory":false,"max_hp_per_floor":[72,72,72,72,72,72,72,72,72,72,72,72,72,72,72,72,72,72,72,72,72,72,72,72,72,72,72,72,72,72,72,72,72,72],"card_choices":[{"not_picked":["Warcry","True Grit","Twin Strike"],"picked":"SKIP","floor":1.0},{"not_picked":["Wild Strike","Havoc"],"picked":"Perfected Strike","floor":2.0},{"not_picked":["Hemokinesis","Thunderclap"],"picked":"Shrug It Off","floor":4.0},{"not_picked":["Reckless Charge","Fire Breathing"],"picked":"Twin Strike","floor":6.0},{"not_picked":["Headbutt","Heavy Blade","Second Wind"],"picked":"SKIP","floor":7.0},{"not_picked":["Feel No Pain","Searing Blow"],"picked":"True Grit+1","floor":11.0},{"not_picked":["Power Through+1","Pummel"],"picked":"Twin Strike","floor":13.0},{"not_picked":["Barricade","Brutality"],"picked":"Bludgeon","floor":16},{"not_picked":["Power Through+1","Cleave+1"],"picked":"Warcry+1","floor":18},{"not_picked":["Fire Breathing","Sever Soul","Iron Wave"],"picked":"SKIP","floor":20},{"not_picked":["Heavy Blade","Thunderclap"],"picked":"Infernal Blade+1","floor":21},{"not_picked":["Blood for Blood","Bludgeon","Shockwave+1"],"picked":"SKIP","floor":23},{"not_picked":["Thunderclap","Anger","Pummel+1"],"picked":"SKIP","floor":25},{"not_picked":["Anger","Shrug It Off+1"],"picked":"Bloodletting+1","floor":27},{"not_picked":["Twin Strike","Warcry+1"],"picked":"Pommel Strike+1","floor":28},{"not_picked":["Sword Boomerang+1","Rupture"],"picked":"Ghostly Armor+1","floor":30},{"not_picked":["Fire Breathing","Body Slam+1"],"picked":"Intimidate+1","floor":31}],"player_experience":720831,"relics_obtained":[{"floor":9.0,"key":"PreservedInsect"},{"floor":11.0,"key":"Toxic Egg 2"},{"floor":23,"key":"Orichalcum"},{"floor":26,"key":"Ornamental Fan"},{"floor":27,"key":"Tiny Chest"},{"floor":30,"key":"Prayer Wheel"},{"floor":30,"key":"Molten Egg 2"},{"floor":31,"key":"CaptainsWheel"}],"event_choices":[{"damage_healed":0.0,"max_hp_gain":0.0,"max_hp_loss":0.0,"gold_gain":0.0,"event_name":"Upgrade Shrine","player_choice":"Upgraded","floor":3.0,"gold_loss":0.0,"damage_taken":0.0,"cards_upgraded":["Perfected Strike"]},{"damage_healed":0.0,"max_hp_gain":0.0,"max_hp_loss":0.0,"gold_gain":0.0,"event_name":"Living Wall","player_choice":"Grow","floor":5.0,"gold_loss":0.0,"damage_taken":0.0,"cards_upgraded":["Shrug It Off"]},{"damage_healed":0,"gold_gain":200,"player_choice":"Gold","damage_taken":0,"max_hp_gain":0,"max_hp_loss":0,"event_name":"Wheel of Change","floor":19,"gold_loss":0},{"damage_healed":0,"gold_gain":0,"player_choice":"Fight","damage_taken":0,"max_hp_gain":0,"max_hp_loss":0,"event_name":"Colosseum","floor":30,"gold_loss":0},{"damage_healed":0,"gold_gain":0,"player_choice":"Fought Nobs","damage_taken":0,"max_hp_gain":0,"max_hp_loss":0,"event_name":"Colosseum","floor":30,"gold_loss":0}],"is_beta":false,"boss_relics":[{"not_picked":["Calling Bell","Mark of Pain"],"picked":"Sozu"}],"items_purged_floors":[],"is_endless":false,"potions_floor_spawned":[2,7,18,20,30],"killed_by":"Champ","ascension_level":9}}