{"host":"h77azxdx0evtsxw5","time":1611291956,"event":{"mods":["AchievementEnabler","BaseMod","Better Vampires","Minty Spire (QoL Compilation)","Quick Restart","Rare Cards Sparkle","Relic Stats"],"gold_per_floor":[118,118,130,146,4,35,35,70,70,70,70,89,89,10,10,108,108,118,0,18,18,30,55,55,55,81,92,92,119,34,51,51,152,152,168,83,83,83,83,83,83],"floor_reached":40,"language":"ENG","playtime":2369,"items_purged":["Defend_G","Strike_G"],"score":452,"play_id":"6ba1d852-e05b-4e41-8c55-ea9c73f2eb56","local_time":"20210122000556","is_ascension_mode":true,"campfire_choices":[{"data":"Noxious Fumes","floor":7.0,"key":"SMITH"},{"data":"Glass Knife","floor":10.0,"key":"SMITH"},{"data":"Adrenaline","floor":15.0,"key":"SMITH"},{"floor":24.0,"key":"REST"},{"data":"Footwork","floor":28.0,"key":"SMITH"},{"data":"Tools of the Trade","floor":32.0,"key":"SMITH"}],"circlet_count":0,"master_deck":["Strike_G","Defend_G","Defend_G","Defend_G","Defend_G","Survivor+1","Neutralize","Noxious Fumes+1","Adrenaline+1","Glass Knife+1","Outmaneuver+1","Deadly Poison+1","Tools of the Trade+1","Backflip+1","Bouncing Flask+1","Footwork+1","Adrenaline+1","After Image","Caltrops","Deadly Poison+1","Underhanded Strike"],"relics":["Ring of the Serpent","NeowsBlessing","Strawberry","The Courier","Toxic Egg 2","Blue Candle","Ornamental Fan","Membership Card","Eternal Feather","Letter Opener","Regal Pillow","Blood Vial","Juzu Bracelet","Empty Cage","Orichalcum"],"acts_visited":["Exordium","TheCity","TheBeyond"],"potions_floor_usage":[],"damage_taken":[{"damage":0.0,"enemies":"Small Slimes","floor":1.0,"turns":1.0},{"damage":0.0,"enemies":"Cultist","floor":3.0,"turns":1.0},{"damage":0.0,"enemies":"Jaw Worm","floor":4.0,"turns":1.0},{"damage":17.0,"enemies":"3 Sentries","floor":6.0,"turns":8.0},{"damage":17.0,"enemies":"Gremlin Nob","floor":8.0,"turns":4.0},{"damage":6.0,"enemies":"Exordium Wildlife","floor":12.0,"turns":3.0},{"damage":23.0,"enemies":"The Guardian","floor":16.0,"turns":10.0},{"damage":20.0,"enemies":"2 Thieves","floor":18.0,"turns":4.0},{"damage":1.0,"enemies":"Shell Parasite","floor":20.0,"turns":5.0},{"damage":23.0,"enemies":"Centurion and Healer","floor":22.0,"turns":5.0},{"damage":21.0,"enemies":"Book of Stabbing","floor":23.0,"turns":4.0},{"damage":15.0,"enemies":"Snake Plant","floor":27.0,"turns":3.0},{"damage":45.0,"enemies":"Slavers","floor":29.0,"turns":5.0},{"damage":9.0,"enemies":"Shelled Parasite and Fungi","floor":31.0,"turns":4.0},{"damage":41.0,"enemies":"Automaton","floor":33.0,"turns":9.0},{"damage":25.0,"enemies":"3 Darklings","floor":35.0,"turns":5.0},{"damage":48,"enemies":"Reptomancer","floor":40,"turns":6}],"seed_played":"-3097280065069581806","potions_obtained":[{"floor":6.0,"key":"Poison Potion"},{"floor":8.0,"key":"Strength Potion"},{"floor":12.0,"key":"BlessingOfTheForge"},{"floor":18.0,"key":"SkillPotion"},{"floor":22.0,"key":"Strength Potion"},{"floor":23.0,"key":"Poison Potion"},{"floor":29.0,"key":"EntropicBrew"}],"is_trial":false,"path_per_floor":["M","?","M","M","$","E","R","E","T","R","?","M","T","$","R","B",null,"M","$","M","?","M","E","R","?","T","M","R","E","?","M","R","B",null,"M","$","?","?","?","E"],"character_chosen":"THE_SILENT","items_purchased":["Adrenaline","Outmaneuver+1","Deadly Poison+1","Membership Card","Caltrops","Deadly Poison+1"],"campfire_rested":1,"item_purchase_floors":[5,14,14,19,36,36],"current_hp_per_floor":[70,70,70,70,70,60,60,43,43,43,40,34,34,34,34,11,77,57,57,56,56,33,12,47,72,72,57,69,24,24,17,29,5,77,52,52,52,52,52,6,6],"gold":83,"neow_bonus":"THREE_ENEMY_KILL","is_daily":false,"chose_seed":false,"campfire_upgraded":5,"win_rate":0.0,"timestamp":1611291956,"path_taken":["M","?","?","?","$","E","R","E","T","R","?","M","?","$","R","BOSS","M","$","M","?","M","E","R","?","T","M","R","E","?","M","R","BOSS","M","$","?","?","?","E"],"items_purchased_type":["Card","Card","Card","Relic","Card","Card"],"build_version":"2020-12-22","purchased_purges":2,"victory":false,"max_hp_per_floor":[70,70,70,70,70,77,77,77,77,77,77,77,77,77,77,77,77,77,77,77,77,77,77,77,77,77,77,77,77,77,77,77,77,77,77,77,77,77,77,77,77],"relic_stats":{"Blood Vial":6,"Regal Pillow":0,"counters":[17,78],"Ornamental Fan":[80],"Blue Candle":[0],"Eternal Feather":36,"Juzu Bracelet":1,"Letter Opener":[108],"Orichalcum":[0],"obtain_stats":[{"Regal Pillow":26,"NeowsBlessing":0,"Blue Candle":11,"Eternal Feather":21,"The Courier":8,"Juzu Bracelet":30,"Letter Opener":23,"Orichalcum":38,"Empty Cage":34,"Blood Vial":29,"Ornamental Fan":13,"Strawberry":6,"Membership Card":19,"Toxic Egg 2":9,"Ring of the Serpent":17,"Ring of the Snake":0},{"Regal Pillow":11,"NeowsBlessing":0,"Blue Candle":5,"Eternal Feather":9,"The Courier":5,"Juzu Bracelet":13,"Letter Opener":11,"Orichalcum":16,"Empty Cage":15,"Blood Vial":13,"Ornamental Fan":6,"Strawberry":4,"Membership Card":8,"Toxic Egg 2":5,"Ring of the Serpent":7,"Ring of the Snake":0},{"Regal Pillow":46,"NeowsBlessing":0,"Blue Candle":15,"Eternal Feather":37,"The Courier":15,"Juzu Bracelet":54,"Letter Opener":46,"Orichalcum":72,"Empty Cage":67,"Blood Vial":54,"Ornamental Fan":18,"Strawberry":11,"Membership Card":32,"Toxic Egg 2":15,"Ring of the Serpent":28,"Ring of the Snake":0}]},"card_choices":[{"not_picked":["Dagger Throw","Prepared","Reflex"],"picked":"SKIP","floor":1.0},{"not_picked":["Quick Slash","Acrobatics","Dodge and Roll"],"picked":"SKIP","floor":3.0},{"not_picked":["Acrobatics","Bane"],"picked":"Noxious Fumes","floor":4.0},{"not_picked":["Dagger Throw","Deflect","Dagger Spray"],"picked":"SKIP","floor":6.0},{"not_picked":["Accuracy","Deflect"],"picked":"Glass Knife","floor":8.0},{"not_picked":["Accuracy","Prepared+1"],"picked":"Flying Knee","floor":12.0},{"not_picked":["Doppelganger+1","Venomology+1"],"picked":"Tools of the Trade","floor":16.0},{"not_picked":["Accuracy","Flying Knee"],"picked":"Backflip+1","floor":18.0},{"not_picked":["Blade Dance+1","Infinite Blades"],"picked":"Bouncing Flask+1","floor":20.0},{"not_picked":["Distraction+1","Predator+1","Poisoned Stab"],"picked":"SKIP","floor":22.0},{"not_picked":["Outmaneuver+1","Prepared+1"],"picked":"Footwork","floor":23.0},{"not_picked":["Unload","Quick Slash","Cloak And Dagger+1"],"picked":"SKIP","floor":27.0},{"not_picked":["Dagger Spray","Acrobatics+1"],"picked":"Adrenaline+1","floor":29.0},{"not_picked":["Acrobatics+1","Poisoned Stab","PiercingWail+1"],"picked":"SKIP","floor":31.0},{"not_picked":["Envenom","A Thousand Cuts"],"picked":"After Image","floor":33.0},{"not_picked":["Choke","Deadly Poison+1","Tactician+1"],"picked":"SKIP","floor":35.0}],"player_experience":270438,"relics_obtained":[{"floor":6.0,"key":"Strawberry"},{"floor":8.0,"key":"The Courier"},{"floor":9.0,"key":"Toxic Egg 2"},{"floor":13.0,"key":"Ornamental Fan"},{"floor":23.0,"key":"Letter Opener"},{"floor":26.0,"key":"Regal Pillow"},{"floor":29.0,"key":"Blood Vial"}],"event_choices":[{"damage_healed":0.0,"max_hp_gain":0.0,"max_hp_loss":0.0,"gold_gain":0.0,"event_name":"Upgrade Shrine","player_choice":"Upgraded","floor":2.0,"gold_loss":0.0,"damage_taken":0.0,"cards_upgraded":["Survivor"]},{"damage_healed":0.0,"max_hp_gain":0.0,"max_hp_loss":0.0,"gold_gain":0.0,"event_name":"Scrap Ooze","player_choice":"Success","floor":11.0,"gold_loss":0.0,"damage_taken":3.0,"relics_obtained":["Blue Candle"]},{"damage_healed":0.0,"max_hp_gain":0.0,"max_hp_loss":0.0,"gold_gain":0.0,"event_name":"The Mausoleum","player_choice":"Opened","floor":21.0,"gold_loss":0.0,"damage_taken":0.0,"relics_obtained":["Eternal Feather"]},{"damage_healed":25.0,"max_hp_gain":0.0,"max_hp_loss":0.0,"gold_gain":0.0,"event_name":"The Library","player_choice":"Heal","floor":25.0,"gold_loss":0.0,"damage_taken":0.0},{"damage_healed":0.0,"max_hp_gain":0.0,"max_hp_loss":0.0,"gold_gain":0.0,"event_name":"Addict","player_choice":"Obtained Relic","floor":30.0,"gold_loss":85.0,"damage_taken":0.0,"relics_obtained":["Juzu Bracelet"]},{"cards_removed":["Flying Knee"],"damage_healed":0.0,"max_hp_gain":0.0,"max_hp_loss":0.0,"gold_gain":0.0,"event_name":"Falling","player_choice":"Removed Attack","floor":37.0,"gold_loss":0.0,"damage_taken":0.0},{"damage_healed":0.0,"max_hp_gain":0.0,"max_hp_loss":0.0,"gold_gain":0.0,"event_name":"WeMeetAgain","player_choice":"Gave Potion","floor":38.0,"gold_loss":0.0,"damage_taken":0.0,"relics_obtained":["Orichalcum"]},{"damage_healed":0.0,"max_hp_gain":0.0,"max_hp_loss":0.0,"gold_gain":0.0,"cards_transformed":["Strike_G"],"event_name":"Transmorgrifier","player_choice":"Transformed","floor":39.0,"gold_loss":0.0,"damage_taken":0.0,"cards_obtained":["Underhanded Strike"]}],"is_beta":false,"boss_relics":[{"not_picked":["SacredBark","Runic Dome"],"picked":"Ring of the Serpent"},{"not_picked":["WristBlade","Cursed Key"],"picked":"Empty Cage"}],"items_purged_floors":[5,36],"is_endless":false,"potions_floor_spawned":[6,8,12,18,22,23,29],"killed_by":"Reptomancer","ascension_level":1}}