{"host":"ptk1shuto3uimndw","time":1611342848,"event":{"mods":["AchievementEnabler","BaseMod","Bestiary","Colored Map","Colored Powertips","Curses Come First","Minty Spire (QoL Compilation)","Quick Restart","Rare Cards Sparkle","Relic Stats","StSLib","Uncapped"],"gold_per_floor":[115,115,17,17,30,30,44,73,125,151,151,186,186,209,209,209,209],"floor_reached":16,"language":"ENG","playtime":348,"items_purged":[],"score":236,"play_id":"f3e0293f-dbf8-43c4-8785-a09789e09b96","local_time":"20210122201408","is_ascension_mode":true,"campfire_choices":[{"data":"Eruption","floor":6.0,"key":"SMITH"},{"floor":11.0,"key":"REST"},{"data":"Wallop","floor":15,"key":"SMITH"}],"circlet_count":0,"master_deck":["AscendersBane","Strike_P","Strike_P","Strike_P","Defend_P","Defend_P","Defend_P","Defend_P","Eruption+1","Vigilance","Consecrate","CrushJoints+1","ThirdEye","Scrawl","Wallop+1"],"relics":["PureWater","NeowsBlessing","Happy Flower","Akabeko","Lizard Tail","Smiling Mask","Golden Idol"],"acts_visited":["Exordium"],"potions_floor_usage":[],"damage_taken":[{"damage":0.0,"enemies":"Jaw Worm","floor":1.0,"turns":1.0},{"damage":0.0,"enemies":"Cultist","floor":5.0,"turns":1.0},{"damage":0.0,"enemies":"2 Louse","floor":7.0,"turns":2.0},{"damage":0.0,"enemies":"3 Sentries","floor":8.0,"turns":5.0},{"damage":55.0,"enemies":"Gremlin Nob","floor":10.0,"turns":6.0},{"damage":38,"enemies":"3 Sentries","floor":12,"turns":5},{"damage":7,"enemies":"Exordium Wildlife","floor":14,"turns":3},{"damage":33,"enemies":"Hexaghost","floor":16,"turns":4}],"seed_played":"5422070457769327937","potions_obtained":[{"floor":1.0,"key":"ColorlessPotion"},{"floor":5.0,"key":"LiquidMemories"},{"floor":7.0,"key":"LiquidMemories"}],"is_trial":false,"path_per_floor":["M","?","$","?","M","R","M","E","T","E","R","E","?","M","R","B"],"character_chosen":"WATCHER","items_purchased":["Consecrate","CrushJoints"],"campfire_rested":1,"item_purchase_floors":[3,3],"current_hp_per_floor":[65,58,58,58,58,58,58,58,58,3,24,36,36,29,29,0,0],"gold":209,"neow_bonus":"THREE_ENEMY_KILL","is_daily":false,"chose_seed":false,"campfire_upgraded":2,"win_rate":0.0,"timestamp":1611342848,"path_taken":["M","?","$","?","?","R","M","E","T","E","R","E","?","M","R","BOSS"],"items_purchased_type":["Card","Card"],"build_version":"2020-12-22","purchased_purges":0,"victory":false,"max_hp_per_floor":[72,72,72,72,72,72,72,72,72,72,72,72,67,67,67,67,67],"relic_stats":{"Lizard Tail":36,"Happy Flower":[6],"counters":[8,27],"Golden Idol":5,"Smiling Mask":0,"obtain_stats":[{"Lizard Tail":10,"NeowsBlessing":0,"Happy Flower":8,"Golden Idol":13,"PureWater":0,"Smiling Mask":12,"Akabeko":9},{"Lizard Tail":5,"NeowsBlessing":0,"Happy Flower":4,"Golden Idol":6,"PureWater":0,"Smiling Mask":6,"Akabeko":4},{"Lizard Tail":15,"NeowsBlessing":0,"Happy Flower":9,"Golden Idol":20,"PureWater":0,"Smiling Mask":20,"Akabeko":9}]},"card_choices":[{"not_picked":["Wireheading","EmptyBody","JustLucky"],"picked":"SKIP","floor":1.0},{"not_picked":["Crescendo","Study"],"picked":"ThirdEye","floor":5.0},{"not_picked":["SashWhip","FlyingSleeves","Weave"],"picked":"SKIP","floor":7.0},{"not_picked":["JustLucky","Consecrate"],"picked":"Scrawl","floor":8.0},{"not_picked":["WreathOfFlame","LikeWater"],"picked":"Wallop","floor":10.0},{"not_picked":["Consecrate","FollowUp","Protect"],"picked":"SKIP","floor":12},{"not_picked":["JustLucky","Halt","FlurryOfBlows"],"picked":"SKIP","floor":14}],"player_experience":315086,"relics_obtained":[{"floor":8.0,"key":"Happy Flower"},{"floor":9.0,"key":"Akabeko"},{"floor":10.0,"key":"Lizard Tail"},{"floor":12,"key":"Smiling Mask"}],"event_choices":[{"cards_removed":["Strike_P"],"damage_healed":0.0,"max_hp_gain":0.0,"max_hp_loss":0.0,"gold_gain":0.0,"event_name":"Golden Wing","player_choice":"Card Removal","floor":2.0,"gold_loss":0.0,"damage_taken":7.0},{"damage_healed":0.0,"max_hp_gain":0.0,"max_hp_loss":0.0,"gold_gain":0.0,"event_name":"Upgrade Shrine","player_choice":"Upgraded","floor":4.0,"gold_loss":0.0,"damage_taken":0.0,"cards_upgraded":["CrushJoints"]},{"damage_healed":0,"gold_gain":0,"player_choice":"Lose Max HP","damage_taken":0,"relics_obtained":["Golden Idol"],"max_hp_gain":0,"max_hp_loss":5,"event_name":"Golden Idol","floor":13,"gold_loss":0}],"is_beta":false,"boss_relics":[],"items_purged_floors":[],"is_endless":false,"potions_floor_spawned":[1,5,7],"killed_by":"Hexaghost","ascension_level":13}}