{"host":"r3islh0l1a1ykxfu","time":1611352474,"event":{"mods":["BaseMod","Bestiary","Colored Map","Colored Powertips","Highlight Path","Minty Spire (QoL Compilation)","Relic Stats","Slay-I"],"gold_per_floor":[111,129,146,146,71,71,71,86,86,97,131,146,166,176,176,277,277,293,293,308,153,163,163,197,197,197,229,248,248,248,248],"floor_reached":30,"language":"ENG","playtime":6714,"items_purged":["Strike_R"],"score":315,"play_id":"994ce939-07ca-4932-b515-95f2a09f6231","local_time":"20210122155434","is_ascension_mode":true,"campfire_choices":[{"data":"Flame Barrier","floor":6.0,"key":"SMITH"},{"floor":15.0,"key":"REST"},{"data":"Rupture","floor":23,"key":"SMITH"},{"data":"Armaments","floor":25,"key":"SMITH"},{"floor":29,"key":"REST"}],"circlet_count":0,"master_deck":["Strike_R","Defend_R","Defend_R","Bash","Rampage","Heavy Blade","Flame Barrier+1","Iron Wave","Cleave","Inflame","Combust","Armaments","Thunderclap+1","Rupture+1","Thunderclap+1","Immolate+1","Iron Wave+1","Immolate+1","Armaments+1","Combust","Thunderclap+1"],"relics":["Burning Blood","Self Forming Clay","Molten Egg 2","Astrolabe","Nloth\u0027s Gift","DollysMirror","Unceasing Top","WingedGreaves","StrikeDummy"],"acts_visited":["Exordium","TheCity"],"potions_floor_usage":[22,28],"damage_taken":[{"damage":1.0,"enemies":"Cultist","floor":1.0,"turns":3.0},{"damage":0.0,"enemies":"Jaw Worm","floor":2.0,"turns":3.0},{"damage":0.0,"enemies":"Small Slimes","floor":3.0,"turns":3.0},{"damage":7.0,"enemies":"Gremlin Gang","floor":8.0,"turns":3.0},{"damage":17.0,"enemies":"Exordium Thugs","floor":10.0,"turns":5.0},{"damage":21.0,"enemies":"Gremlin Nob","floor":11.0,"turns":5.0},{"damage":16.0,"enemies":"3 Louse","floor":12.0,"turns":3.0},{"damage":4.0,"enemies":"Red Slaver","floor":13.0,"turns":3.0},{"damage":0.0,"enemies":"Looter","floor":14.0,"turns":1.0},{"damage":57.0,"enemies":"Hexaghost","floor":16.0,"turns":8.0},{"damage":6.0,"enemies":"Chosen","floor":18.0,"turns":4.0},{"damage":2.0,"enemies":"Shell Parasite","floor":20.0,"turns":2.0},{"damage":0,"enemies":"Centurion and Healer","floor":22,"turns":2},{"damage":7,"enemies":"Slavers","floor":24,"turns":2},{"damage":19,"enemies":"Gremlin Leader","floor":27,"turns":6},{"damage":30,"enemies":"Snake Plant","floor":28,"turns":5},{"damage":60,"enemies":"Book of Stabbing","floor":30,"turns":5}],"seed_played":"-1422641805921188353","potions_obtained":[{"floor":1.0,"key":"PowerPotion"},{"floor":10.0,"key":"AttackPotion"},{"floor":12.0,"key":"SteroidPotion"},{"floor":13.0,"key":"AttackPotion"},{"floor":24,"key":"DistilledChaos"},{"floor":27,"key":"Dexterity Potion"},{"floor":28,"key":"Weak Potion"}],"is_trial":false,"path_per_floor":["M","M","M","?","$","R","T","M","T","M","E","M","M","M","R","B",null,"M","?","M","$","M","R","E","R","T","E","M","R","E"],"character_chosen":"IRONCLAD","items_purchased":["DollysMirror"],"campfire_rested":2,"item_purchase_floors":[21],"current_hp_per_floor":[72,72,72,72,72,72,72,71,71,60,45,35,37,43,64,13,72,72,72,72,72,72,72,71,71,71,58,34,55,0,0],"gold":248,"neow_bonus":"TRANSFORM_TWO_CARDS","is_daily":false,"chose_seed":false,"campfire_upgraded":3,"win_rate":0.0,"timestamp":1611352474,"path_taken":["M","M","M","?","?","R","?","M","T","M","E","M","?","M","R","BOSS","M","?","M","$","M","R","E","R","T","E","M","R","E"],"items_purchased_type":["Relic"],"build_version":"2020-12-22","purchased_purges":1,"victory":false,"max_hp_per_floor":[72,72,72,72,72,72,72,72,72,72,72,72,72,72,72,72,72,72,72,72,72,72,72,72,72,72,72,72,72,72,72],"relic_stats":{"counters":[17,63],"Self Forming Clay":[159],"Astrolabe":["Thunderclap","Immolate","Iron Wave"],"Nloth\u0027s Gift":1,"obtain_stats":[{"Self Forming Clay":7,"DollysMirror":21,"Astrolabe":17,"Molten Egg 2":11,"WingedGreaves":26,"Nloth\u0027s Gift":19,"Kunai":9,"StrikeDummy":27,"Burning Blood":0,"Unceasing Top":24},{"Self Forming Clay":3,"DollysMirror":12,"Astrolabe":10,"Molten Egg 2":6,"WingedGreaves":14,"Nloth\u0027s Gift":11,"Kunai":4,"StrikeDummy":15,"Burning Blood":0,"Unceasing Top":14},{"Self Forming Clay":9,"DollysMirror":43,"Astrolabe":37,"Molten Egg 2":22,"WingedGreaves":47,"Nloth\u0027s Gift":41,"Kunai":12,"StrikeDummy":53,"Burning Blood":0,"Unceasing Top":47}],"Burning Blood":69,"Unceasing Top":[0]},"card_choices":[{"not_picked":["Headbutt","Heavy Blade"],"picked":"Flame Barrier","floor":1.0},{"not_picked":["Clash","Perfected Strike"],"picked":"Iron Wave","floor":2.0},{"not_picked":["Twin Strike","Pommel Strike"],"picked":"Cleave","floor":3.0},{"not_picked":["Heavy Blade","Battle Trance"],"picked":"Inflame","floor":8.0},{"not_picked":["Sword Boomerang","Wild Strike"],"picked":"Combust","floor":10.0},{"not_picked":["Warcry","Rage","Sever Soul+1"],"picked":"SKIP","floor":11.0},{"not_picked":["Anger+1","Evolve"],"picked":"Armaments","floor":12.0},{"not_picked":["Perfected Strike+1","Intimidate"],"picked":"Thunderclap+1","floor":13.0},{"not_picked":["Armaments","Disarm"],"picked":"Rupture","floor":14.0},{"not_picked":["Flex","Thunderclap+1","Anger+1"],"picked":"SKIP","floor":18.0},{"not_picked":["Metallicize","Heavy Blade+1","Limit Break"],"picked":"SKIP","floor":20.0},{"not_picked":["Thunderclap+1","Sever Soul+1"],"picked":"Armaments","floor":22},{"not_picked":["Fiend Fire+1","Armaments"],"picked":"Combust","floor":24},{"not_picked":["Armaments","Pommel Strike+1"],"picked":"Thunderclap+1","floor":27},{"not_picked":["Warcry","Entrench","Dual Wield"],"picked":"SKIP","floor":28}],"player_experience":1185858,"relics_obtained":[{"floor":7.0,"key":"Self Forming Clay"},{"floor":9.0,"key":"Kunai"},{"floor":11.0,"key":"Molten Egg 2"},{"floor":24,"key":"Unceasing Top"},{"floor":26,"key":"WingedGreaves"},{"floor":27,"key":"StrikeDummy"}],"event_choices":[{"damage_healed":0.0,"max_hp_gain":0.0,"max_hp_loss":0.0,"gold_gain":0.0,"event_name":"Liars Game","player_choice":"Ignored","floor":4.0,"gold_loss":0.0,"damage_taken":0.0},{"damage_healed":0.0,"max_hp_gain":0.0,"max_hp_loss":0.0,"gold_gain":0.0,"event_name":"N\u0027loth","player_choice":"Traded Relic","floor":19.0,"relics_lost":["Kunai"],"gold_loss":0.0,"damage_taken":0.0,"relics_obtained":["Nloth\u0027s Gift"]}],"is_beta":false,"boss_relics":[{"not_picked":["Ectoplasm","Pandora\u0027s Box"],"picked":"Astrolabe"}],"items_purged_floors":[5],"is_endless":false,"potions_floor_spawned":[1,10,12,13,24,27,28],"killed_by":"Book of Stabbing","ascension_level":3}}