{"host":"0wzx847a4uibrodg","time":1611358676,"event":{"mods":["100% Spire Juice","ATMod(°¢èªMod)","Act Like it!","Aspiration","BaseMod","KomeijiMod","Lobotomy","LobotomyExtend","Minty Spire (QoL Compilation)","Replay The Spire","Spicy Shops","StSLib","The Cursed","UnlockEverythingMod","vexMod","¡¾ÒÅÎï¿¨ÅÆ¡¿REMEMod"],"gold_per_floor":[117,131,131,21,38,73,86,98,98,98,98,98,20,31,31,127,7,20,32,44,60,60,89,106,106,106,139,149,162,42,59,59,156,36,54,72,1,75,75,75,75,75,155,155,55,65,91,102,102,102],"floor_reached":51,"language":"ZHS","playtime":3683,"items_purged":[],"score":700,"play_id":"18fe8201-849b-4f33-938e-d2fc22a79b32","local_time":"20210123073756","is_ascension_mode":false,"campfire_choices":[{"data":"AT_KneejerkReflex","floor":10.0,"key":"SMITH"},{"data":"Moonworks:NicePresent","floor":12.0,"key":"SMITH"},{"data":"Moonworks:CrystalBarrier","floor":25.0,"key":"SMITH"},{"floor":32.0,"key":"REST"},{"floor":40.0,"key":"RECALL"},{"data":"Moonworks:Accelerator","floor":42.0,"key":"SMITH"},{"data":"Moonworks:MiracleWalker","floor":44,"key":"SMITH"}],"circlet_count":0,"master_deck":["Moonworks:Strike","Moonworks:Strike","Moonworks:Strike","Moonworks:Strike","Moonworks:Defend","Moonworks:Defend","Moonworks:Defend","Moonworks:Defend","Moonworks:Ambush","Moonworks:LongDistanceShot","AT_KneejerkReflex+1","AT_EssenceShift","Moonworks:AwakeningOfTalent","Moonworks:IndiscriminateFireSupport","Moonworks:RocketCannon","Moonworks:FullSpeedAlicianrone+1","Moonworks:RedAndBlue","Moonworks:BackdoorTrade","Moonworks:LuckyCharm","Moonworks:TacticalRetreat","Moonworks:NicePresent+1","Moonworks:LulusLuckyEgg","Moonworks:Poppoformation","Moonworks:CrystalBarrier+1","Moonworks:EvilSpyWorkPreparation","Moonworks:MiracleWalker+1","Moonworks:EvilSpyWorkPreparation","Moonworks:NicePresent","Moonworks:CookingTime","Moonworks:Flamethrower","Moonworks:BindingChains","Moonworks:MiracleRedBeanIceCream","Moonworks:BackdoorTrade+1","Moonworks:IntelligenceOfficer","Moonworks:Accelerator+1","Loop","Moonworks:CrystalBarrier+1","Cold Snap","RidiculousThoughts","BasicCrystalCard+1","AT_StudyProgram+1","Panic Button+1","AT_WarpDrive"],"relics":["Moonworks:BrokenBomb","Moonworks:Homemark","AT_ATBox","REME_ComplimentaryCards","aspiration:Nostalgia","PureWater","LetterFromLob","Bottled Lightning","Oddly Smooth Stone","NitorisBag","SlaversCollar","AT_ForceNature","Dead Branch","AT_Manta","Nunchaku","aspiration:DefectSkillbook","DollysMirror","REME_HandOfSuture","InkBottle","Art of War"],"acts_visited":["Exordium","TheCity","TheBeyond"],"potions_floor_usage":[51,51,51],"damage_taken":[{"damage":4.0,"enemies":"2 Louse","floor":1.0,"turns":3.0},{"damage":12.0,"enemies":"Cultist","floor":2.0,"turns":4.0},{"damage":0.0,"enemies":"Small Slimes","floor":4.0,"turns":1.0},{"damage":2.0,"enemies":"Blue Slaver","floor":5.0,"turns":2.0},{"damage":7.0,"enemies":"Lagavulin","floor":6.0,"turns":5.0},{"damage":0.0,"enemies":"Red Slaver","floor":7.0,"turns":2.0},{"damage":0.0,"enemies":"3 Louse","floor":8.0,"turns":3.0},{"damage":12.0,"enemies":"Exordium Wildlife","floor":14.0,"turns":2.0},{"damage":0.0,"enemies":"Fading Forest","floor":16.0,"turns":11.0},{"damage":2.0,"enemies":"3 Byrds","floor":18.0,"turns":4.0},{"damage":0.0,"enemies":"Chosen","floor":19.0,"turns":4.0},{"damage":13.0,"enemies":"Sentry and Sphere","floor":20.0,"turns":4.0},{"damage":14.0,"enemies":"Centurion and Healer","floor":21.0,"turns":4.0},{"damage":0.0,"enemies":"REME_1_Revenger","floor":23.0,"turns":4.0},{"damage":9.0,"enemies":"Shelled Parasite and Fungi","floor":24.0,"turns":5.0},{"damage":11.0,"enemies":"Gremlin Leader","floor":27.0,"turns":4.0},{"damage":0.0,"enemies":"Cultist and Chosen","floor":28.0,"turns":4.0},{"damage":0.0,"enemies":"Chosen and Byrds","floor":29.0,"turns":4.0},{"damage":14.0,"enemies":"Snecko","floor":31.0,"turns":6.0},{"damage":36.0,"enemies":"Champ","floor":33.0,"turns":8.0},{"damage":5.0,"enemies":"3 Shapes","floor":35.0,"turns":2.0},{"damage":2.0,"enemies":"Orb Walker","floor":36.0,"turns":3.0},{"damage":1,"enemies":"Spire Growth","floor":45,"turns":3},{"damage":1,"enemies":"Sphere and 2 Shapes","floor":46,"turns":2},{"damage":0,"enemies":"Giant Head","floor":47,"turns":5},{"damage":6,"enemies":"Transient","floor":48,"turns":5},{"damage":0,"enemies":"Replay:Hell Engine","floor":50,"turns":5},{"damage":0,"enemies":"Malkuth","floor":51,"turns":7},{"damage":13,"enemies":"Hod","floor":51,"turns":4},{"damage":0,"enemies":"Geburah","floor":51,"turns":9}],"seed_played":"5291297480358984793","potions_obtained":[{"floor":4.0,"key":"Swift Potion"},{"floor":5.0,"key":"SpeedPotion"},{"floor":8.0,"key":"SkillPotion"},{"floor":18.0,"key":"LifebloodPotion"},{"floor":21.0,"key":"Strength Potion"},{"floor":28.0,"key":"Strength Potion"},{"floor":33.0,"key":"Energy Potion"},{"floor":35.0,"key":"Swift Potion"},{"floor":38.0,"key":"Swift Potion"}],"is_trial":false,"path_per_floor":["M","M","?","M","M","E","M","M","T","R","?","R","$","M","R","B",null,"M","M","M","M","?","E","M","R","T","E","M","M","?","M","R","B",null,"M","M","$","?","?","R","?","R","T","R","M","M","E","M","R","B",null],"character_chosen":"THE_STARBREAKER","items_purchased":["NitorisBag","DollysMirror"],"campfire_rested":1,"item_purchase_floors":[13,37],"current_hp_per_floor":[56,44,44,44,42,35,35,35,35,35,35,35,35,23,23,33,60,58,60,47,33,33,33,35,35,35,30,30,35,35,21,39,8,60,60,58,58,58,58,58,58,58,58,58,57,56,56,59,59,60],"gold":102,"neow_bonus":"NOSTALGIA","is_daily":false,"chose_seed":false,"campfire_upgraded":5,"win_rate":0.0,"timestamp":1611358676,"path_taken":["M","M","?","?","M","E","M","M","T","R","?","R","$","M","R","BOSS","M","M","M","M","?","E","M","R","T","E","M","M","?","M","R","BOSS","M","M","$","?","?","R","?","R","T","R","M","M","E","M","R","BOSS"],"items_purchased_type":["Relic","Relic"],"build_version":"2020-12-22","purchased_purges":0,"victory":true,"max_hp_per_floor":[60,60,60,60,60,60,60,60,60,60,60,60,60,60,60,60,60,60,60,60,60,60,60,60,60,60,60,60,60,60,60,60,60,60,60,60,60,60,60,60,60,60,60,60,60,60,60,60,60,60],"card_choices":[{"not_picked":["Moonworks:ImOnFire","Moonworks:ImmovableObject"],"picked":"Moonworks:AwakeningOfTalent","floor":1.0},{"not_picked":["Moonworks:BigMagnum","Moonworks:ImOnFire"],"picked":"Moonworks:IndiscriminateFireSupport","floor":2.0},{"not_picked":["Moonworks:DeployBits","Moonworks:JonathanRush"],"picked":"Moonworks:BackdoorTrade","floor":4.0},{"not_picked":["Moonworks:TreasureThief","Moonworks:DeployBits"],"picked":"Moonworks:LuckyCharm","floor":5.0},{"not_picked":["Moonworks:LeapThroughSpace","Moonworks:DeployBits"],"picked":"Moonworks:TacticalRetreat","floor":6.0},{"not_picked":["Moonworks:SakisCookie","Moonworks:Blazing"],"picked":"Moonworks:NicePresent","floor":7.0},{"not_picked":["Moonworks:CloudOfSeagulls","Moonworks:WindyEnchantment"],"picked":"Moonworks:LulusLuckyEgg","floor":8.0},{"not_picked":["Moonworks:ImOnFire","Moonworks:DeployBits"],"picked":"Moonworks:Poppoformation","floor":14.0},{"not_picked":["Moonworks:MeltingMemories","Moonworks:AccelHyper"],"picked":"Moonworks:CrystalBarrier","floor":16.0},{"not_picked":["Moonworks:ImOnFire+1","Moonworks:BigMagnum+1"],"picked":"Moonworks:EvilSpyWorkPreparation","floor":18.0},{"not_picked":["Moonworks:LuckyCharm","Moonworks:RagingMadness"],"picked":"Moonworks:MiracleWalker","floor":19.0},{"not_picked":["Moonworks:JonathanRush","Moonworks:MixPhenomenon+1"],"picked":"Moonworks:EvilSpyWorkPreparation","floor":20.0},{"not_picked":["Moonworks:SakisCookie","Moonworks:BigMagnum","Moonworks:BigBangBell+1"],"picked":"SKIP","floor":21.0},{"not_picked":["Moonworks:ImOnFire","Moonworks:DeployBits"],"picked":"Moonworks:CookingTime","floor":23.0},{"not_picked":["Moonworks:Blazing","Moonworks:SealedMemories"],"picked":"Moonworks:Flamethrower","floor":24.0},{"not_picked":["Moonworks:CloudOfSeagulls","Moonworks:BigBangBell"],"picked":"Moonworks:BindingChains","floor":27.0},{"not_picked":["Moonworks:DevilHand","Moonworks:Assault+1"],"picked":"Moonworks:MiracleRedBeanIceCream","floor":28.0},{"not_picked":["Moonworks:ReproductionOfRecords","Moonworks:TreasureThief+1"],"picked":"Moonworks:BackdoorTrade+1","floor":29.0},{"not_picked":["Moonworks:CastOff","Moonworks:ImOnFire+1"],"picked":"Moonworks:IntelligenceOfficer","floor":31.0},{"not_picked":["Moonworks:Gamble","Moonworks:RocketCannon"],"picked":"Moonworks:Accelerator","floor":33.0},{"not_picked":["ReplayTheSpireMod:Calculation Training","Hologram","Moonworks:BeyondHell+1"],"picked":"Loop","floor":35.0},{"not_picked":["Turbo","Hello World","AT_HeatAcrobatics+1","BootSequence+1"],"picked":"SKIP","floor":36.0},{"not_picked":["Moonworks:CastOff","Leap","Moonworks:WindyEnchantment"],"picked":"Cold Snap","floor":38.0},{"not_picked":["Deep Breath","AT_CelerityRune","Enlightenment"],"picked":"RidiculousThoughts","floor":41.0},{"not_picked":["ReplaySolidLightProjector+1","Moonworks:BigMagnum+1","Moonworks:Flamethrower"],"picked":"BasicCrystalCard+1","floor":45},{"not_picked":["Leap+1","Barrage","Moonworks:IndiscriminateFireSupport+1"],"picked":"AT_StudyProgram+1","floor":46},{"not_picked":["Recycle","Moonworks:ImOnFire","Moonworks:LulusLuckyEgg+1"],"picked":"Panic Button+1","floor":47},{"not_picked":["Cold Snap","Darkness","Barrage+1"],"picked":"AT_WarpDrive","floor":48}],"player_experience":78358,"relics_obtained":[{"floor":1.0,"key":"LetterFromLob"},{"floor":6.0,"key":"Bottled Lightning"},{"floor":9.0,"key":"Oddly Smooth Stone"},{"floor":23.0,"key":"AT_ForceNature"},{"floor":26.0,"key":"Dead Branch"},{"floor":27.0,"key":"AT_Manta"},{"floor":38.0,"key":"REME_HandOfSuture"},{"floor":43.0,"key":"InkBottle"},{"floor":47,"key":"Art of War"}],"event_choices":[{"damage_healed":0.0,"max_hp_gain":0.0,"max_hp_loss":0.0,"gold_gain":0.0,"event_name":"Match and Keep!","player_choice":"3 cards matched","floor":3.0,"gold_loss":0.0,"damage_taken":0.0,"cards_obtained":["Moonworks:RocketCannon","Moonworks:FullSpeedAlicianrone","Moonworks:RedAndBlue"]},{"damage_healed":0.0,"max_hp_gain":0.0,"max_hp_loss":0.0,"gold_gain":0.0,"event_name":"The Cleric","player_choice":"Leave","floor":15.0,"gold_loss":0.0,"damage_taken":0.0},{"damage_healed":0.0,"max_hp_gain":0.0,"max_hp_loss":0.0,"gold_gain":0.0,"event_name":"The Library","player_choice":"Read","floor":22.0,"gold_loss":0.0,"damage_taken":0.0,"cards_obtained":["Moonworks:NicePresent"]},{"damage_healed":0.0,"max_hp_gain":0.0,"max_hp_loss":0.0,"gold_gain":0.0,"event_name":"SensoryStone","player_choice":"Memory 1","floor":41.0,"gold_loss":0.0,"damage_taken":0.0}],"is_beta":false,"boss_relics":[{"not_picked":["REME_DemonsWealth","vexMod:RockOfEvil"],"picked":"SlaversCollar"},{"not_picked":["Empty Cage","REME_LowDesire"],"picked":"aspiration:DefectSkillbook"}],"items_purged_floors":[],"is_endless":false,"potions_floor_spawned":[4,5,8,16,18,19,21,28,31,33,35,47],"ascension_level":0}}