{"host":"uka1ahftzzr5chfh","time":1611288561,"event":{"mods":["A Magickal Journey","Act Like it!","Ascension Reborn","Aspiration","BaseMod","BetterRewards","Block Reminder","Card Forge","Challenge The Spire","Clockwork Mod","Colored Powertips","Colorless Booster Pack","Conjunction","Conspire","Custom Start","Defuse TimeMaze Blight","Elementarium","Fiend Mod","Friendly Minions","Gremlin Mod","Halation","Hallownest","Hubris","Infinite Spire","Lobotomy","LobotomyExtend","Luminous","Minty Spire (QoL Compilation)","Permanent Neow","Relic Filter","Remove Card Discount Mod","Replay The Spire","Reworked Bosses","SacredBarkPlus","StSLib","SuperFastMode","Synergy Search","The Blackbeard","The Bladedancer","The Construct","The Cursed","The Disciple","The Elementalist","The Factory","The Gatherer","The Jungle","The Marked","The Necromancer","The Runesmith","TheFirefly","Trackpad","Transform Curses","Wandering Minibosses","vexMod"],"gold_per_floor":[109,128,128,138,151,186,186,186,186,186,214,214,214,233,233,335,335,345,345,363,363,363,391,403,403,403,403,429,429,448,448,448],"floor_reached":31,"language":"ENG","playtime":2460,"items_purged":[],"score":308,"play_id":"8c996f21-e1d6-45e3-861c-141cb7824887","local_time":"20210121230921","daily_mods":["Draft","Heirloom","Flight"],"is_ascension_mode":false,"campfire_choices":[{"data":"theMarked:AttractMetal","floor":7,"key":"SMITH"},{"floor":10,"key":"REST"},{"floor":12,"key":"REST"},{"data":"theMarked:AttractMetal","floor":13,"key":"SMITH"},{"floor":15,"key":"REST"},{"floor":25,"key":"REST"},{"data":"theMarked:SelfDefenseTraining","floor":27,"key":"SMITH"},{"floor":29,"key":"REST"}],"circlet_count":0,"master_deck":["theMarked:Aftermath","theMarked:RepellingDischarge","theMarked:AttractMetal+1","theMarked:ChainLightning","theMarked:BanishingWave","theMarked:SelfDefenseTraining+1","theMarked:Frustration","theMarked:Overcharge","theMarked:AttractMetal+1","theMarked:ChainLightning","theMarked:WardOff","theMarked:Aftermath","theMarked:ReduceFriction","theMarked:RogueSparks","theMarked:DeterminationOfTheMarked","theMarked:PowerFlow","theMarked:ElectricStrings","theMarked:StartUp","theMarked:Vacuum","theMarked:RepellingDischarge+1","theMarked:SwordAndMagic","Replay:Fractal Strike","theMarked:SwordAndMagic","theMarked:EternalStudent","theMarked:Opportunist"],"relics":["theMarked:ArtifactOfAir","Hammer of Thor","Seething Fire","Anvil of the Gods","Ring of Chaos","hubris:Teleporter","LetterFromLob","Dead Branch","halation:EternalFortune","Potion Belt","Bronze Scales","Black Star","Replay:Blank Codex","Replay:Baseball","Hallownest:DreamNailRelic","Replay:Wax Seal","infinitespire:BottledMercury","CrimsonScar_r","Replay:Rubber Ducky"],"acts_visited":["Exordium","TheCity"],"potions_floor_usage":[5,28,30,30],"damage_taken":[{"damage":10,"enemies":"Hallownest:monsterHuskGuard","floor":1,"turns":4},{"damage":0,"enemies":"Hallownest:2_MossCreeps","floor":2,"turns":3},{"damage":0,"enemies":"2_ Uuma","floor":4,"turns":5},{"damage":15,"enemies":"Hallownest:2_Tiktiks_1_Baldur_1_Crawlid","floor":5,"turns":5},{"damage":1,"enemies":"Hallownest:eliteMossKnight","floor":6,"turns":5},{"damage":36,"enemies":"Hallownest:eliteCrystalGuardian","floor":11,"turns":9},{"damage":11,"enemies":"Hallownest:Guard_and_Warrior","floor":14,"turns":5},{"damage":62,"enemies":"Hallownest:BossFalseKnight","floor":16,"turns":10},{"damage":0,"enemies":"Spheric Guardian","floor":18,"turns":3},{"damage":10,"enemies":"Chosen","floor":20,"turns":4},{"damage":15,"enemies":"Nightmare","floor":23,"turns":6},{"damage":0,"enemies":"Sentry and Sphere","floor":24,"turns":3},{"damage":34,"enemies":"Slavers","floor":28,"turns":5},{"damage":31,"enemies":"conspire:HollyBat","floor":30,"turns":13},{"damage":18,"enemies":"conspire:SneckoGhost","floor":31,"turns":1}],"seed_played":"7143029792518165822","potions_obtained":[{"floor":2,"key":"SteroidPotion"},{"floor":4,"key":"Energy Potion"},{"floor":14,"key":"FearPotion"},{"floor":16,"key":"SneckoOil"},{"floor":18,"key":"SpeedPotion"},{"floor":23,"key":"Block Potion"}],"is_trial":true,"path_per_floor":["M","M","?","M","M","E","R","?","T","R","E","R","R","M","R","B",null,"M","?","M","AVR","?","NM","M","R","T","R","E","R","M","E"],"character_chosen":"THE_DEFAULT","items_purchased":[],"campfire_rested":5,"item_purchase_floors":[],"current_hp_per_floor":[60,60,70,70,55,54,54,57,57,73,40,62,62,51,73,11,76,76,60,50,50,50,35,35,57,57,57,23,45,14,0,0],"gold":448,"neow_bonus":"","is_daily":false,"chose_seed":false,"campfire_upgraded":3,"win_rate":0.0,"timestamp":1611288561,"path_taken":["M","M","?","M","M","E","R","?","T","R","E","R","R","M","R","BOSS","M","?","M","AVR","?","NM","M","R","T","R","E","R","?","E"],"items_purchased_type":[],"build_version":"2020-12-22","purchased_purges":0,"victory":false,"max_hp_per_floor":[70,70,70,70,70,70,70,73,73,73,76,76,76,76,76,76,76,76,76,76,76,76,76,76,76,76,76,76,76,76,76,76],"card_choices":[{"not_picked":["theMarked:Generate","theMarked:ChainLightning"],"picked":"theMarked:Aftermath","floor":0},{"not_picked":["theMarked:Aftermath","theMarked:Parry"],"picked":"theMarked:RepellingDischarge","floor":0},{"not_picked":["theMarked:EmpowerWeapon","theMarked:Polarize"],"picked":"theMarked:AttractMetal","floor":0},{"not_picked":["theMarked:Electrocute","theMarked:Reabsorb"],"picked":"theMarked:ChainLightning","floor":0},{"not_picked":["theMarked:Parry","theMarked:BanishingStrike"],"picked":"theMarked:BanishingWave","floor":0},{"not_picked":["theMarked:MaelstromOfLightning","theMarked:Improvise"],"picked":"theMarked:BanishingStrike","floor":0},{"not_picked":["theMarked:LightningStrikesTwice","theMarked:WardOff"],"picked":"theMarked:SelfDefenseTraining","floor":0},{"not_picked":["theMarked:Electrocute","theMarked:Aftermath"],"picked":"theMarked:Frustration","floor":0},{"not_picked":["theMarked:WastefulDefense","theMarked:Aftermath"],"picked":"theMarked:Overcharge","floor":0},{"not_picked":["theMarked:KeepCalmAndFightOn","theMarked:Aftermath"],"picked":"theMarked:AttractMetal","floor":0},{"not_picked":["theMarked:Overthink","theMarked:Parry"],"picked":"theMarked:ChainLightning","floor":0},{"not_picked":["theMarked:MaelstromOfLightning","theMarked:TwofoldDefense"],"picked":"theMarked:WardOff","floor":0},{"not_picked":["theMarked:WastefulAttack","theMarked:Electrify"],"picked":"theMarked:Aftermath","floor":0},{"not_picked":["theMarked:TunnelVision","theMarked:Parry"],"picked":"theMarked:ReduceFriction","floor":0},{"not_picked":["theMarked:WastefulAttack","theMarked:Parkour"],"picked":"theMarked:RogueSparks","floor":0},{"not_picked":["theMarked:TwofoldDefense","theMarked:StartUp"],"picked":"theMarked:DeterminationOfTheMarked","floor":1},{"not_picked":["theMarked:BanishingStrike","theMarked:WastefulAttack"],"picked":"theMarked:PowerFlow","floor":2},{"not_picked":["theMarked:WastefulAttack","theMarked:ElectricStrings","theMarked:ResourceFulStrike"],"picked":"SKIP","floor":4},{"not_picked":["theMarked:Parkour","theMarked:Indomitable"],"picked":"theMarked:ElectricStrings","floor":5},{"not_picked":["theMarked:HeightenedSenses","theMarked:WastefulAttack","theMarked:Overcharge"],"picked":"SKIP","floor":6},{"not_picked":["theMarked:RepellingDischarge","theMarked:BanishingStrike"],"picked":"theMarked:StartUp","floor":11},{"not_picked":["theMarked:Indomitable","theMarked:SwordAndMagic","theMarked:BanishingWave"],"picked":"SKIP","floor":14},{"not_picked":["theMarked:TurnInvisible","theMarked:Snap"],"picked":"theMarked:Vacuum","floor":16},{"not_picked":["theMarked:Improvise+1","theMarked:TwofoldDefense"],"picked":"theMarked:RepellingDischarge+1","floor":18},{"not_picked":["theMarked:TwofoldDefense","theMarked:ReduceFriction"],"picked":"theMarked:SwordAndMagic","floor":20},{"not_picked":["theMarked:BanishingStrike+1","theMarked:WardOff"],"picked":"theMarked:SwordAndMagic","floor":23},{"not_picked":["theMarked:ResourceFulStrike+1","theMarked:LightningStrikesTwice","theMarked:SwordAndMagic"],"picked":"SKIP","floor":24},{"not_picked":["theMarked:Convert","theMarked:ResourceFulStrike"],"picked":"theMarked:EternalStudent","floor":28},{"not_picked":["theMarked:Seal","theMarked:Improvise"],"picked":"theMarked:Opportunist","floor":30}],"player_experience":796789,"relics_obtained":[{"floor":1,"key":"LetterFromLob"},{"floor":6,"key":"Dead Branch"},{"floor":9,"key":"Potion Belt"},{"floor":11,"key":"halation:EternalFortune"},{"floor":11,"key":"Bronze Scales"},{"floor":19,"key":"Replay:Blank Codex"},{"floor":23,"key":"Replay:Wax Seal"},{"floor":26,"key":"infinitespire:BottledMercury"},{"floor":28,"key":"CrimsonScar_r"},{"floor":28,"key":"Replay:Rubber Ducky"}],"event_choices":[{"damage_healed":0,"gold_gain":0,"player_choice":"Obtained Book","damage_taken":16,"max_hp_gain":0,"max_hp_loss":0,"event_name":"Cursed Tome","floor":19,"gold_loss":0}],"is_beta":false,"boss_relics":[{"not_picked":["Astrolabe","conspire:SeveredTorchhead"],"picked":"Black Star"}],"items_purged_floors":[],"is_endless":false,"potions_floor_spawned":[2,4,14,16,18,23,24,28,30],"killed_by":"conspire:SneckoGhost","ascension_level":0}}