{"host":"17eltwdkyvydzbrm","time":1611321529,"event":{"mods":["BaseMod","Better Vampires","Dota2Spire","Downfall","Minty Spire (QoL Compilation)","Robot Space Explorer","StSLib","noobMod","¡¾ÒÅÎï¿¨ÅÆ¡¿REMEMod"],"gold_per_floor":[119,119,139,139,139,139,159,9,9,9,23,58,58,71,71,176,176,192,192,81,81,95,95,109,143,143,157,171,171,171,191,191,292,292,304,304,304,323,337,354,354,365,391,436,436,459,484,3,3,33],"floor_reached":51,"language":"ZHS","playtime":2609,"items_purged":[],"score":829,"play_id":"f8042fc9-567e-4768-853a-21f3c9821bb7","local_time":"20210122211849","is_ascension_mode":false,"campfire_choices":[{"data":"Darkness","floor":6,"key":"SMITH"},{"data":"Beam Cell","floor":15,"key":"SMITH"},{"data":"Chaos","floor":23,"key":"SMITH"},{"data":"Defragment","floor":30,"key":"SMITH"},{"data":"Chaos","floor":32,"key":"SMITH"},{"floor":45,"key":"REST"},{"data":"Apotheosis","floor":49,"key":"SMITH"}],"circlet_count":0,"master_deck":["Strike_B","Strike_B","Strike_B","Strike_B","Defend_B+1","Defend_B","Zap","Dualcast+1","REME_BodyOfCthun","Darkness+1","Redo","Storm","Lockon","REME_SelfUpgrade","Ball Lightning","Beam Cell+1","Barrage","REME_Shoggoth","Skim+1","Defragment+1","Aggregate","Chaos+1","Chaos+1","Hello World","Conserve Battery","Streamline+1","Buffer","Chaos","Multi-Cast","Ball Lightning","Beam Cell","Go for the Eyes","Defragment+1","Blind","Ball Lightning","Beam Cell+1","Apotheosis+1"],"relics":["FrozenCore","ice","REME_ComplimentaryCards","NeowsBlessing","Torii","Pear","Dota2Spire:MagicBottle","Nuclear Battery","Red Mask","Dota2Spire:Dagon","Dota2Spire:HandOfMidas","Dota2Spire:Vanguard","Strawberry"],"acts_visited":["Exordium","TheCity","TheBeyond"],"potions_floor_usage":[33,33,47,50,50,50,50,50],"damage_taken":[{"damage":0,"enemies":"2 Louse","floor":1,"turns":1},{"damage":0,"enemies":"Cultist","floor":3,"turns":1},{"damage":0,"enemies":"Small Slimes","floor":7,"turns":1},{"damage":1,"enemies":"2 Fungi Beasts","floor":11,"turns":4},{"damage":18,"enemies":"Gremlin Nob","floor":12,"turns":4},{"damage":24,"enemies":"Blue Slaver","floor":14,"turns":3},{"damage":0,"enemies":"Slime Boss","floor":16,"turns":6},{"damage":0,"enemies":"Chosen","floor":18,"turns":3},{"damage":0,"enemies":"Spheric Guardian","floor":22,"turns":3},{"damage":15,"enemies":"Snake Plant","floor":24,"turns":4},{"damage":20,"enemies":"Masked Bandits","floor":25,"turns":4},{"damage":16,"enemies":"Cultist and Chosen","floor":27,"turns":4},{"damage":26,"enemies":"3 Cultists","floor":28,"turns":4},{"damage":0,"enemies":"Snecko","floor":31,"turns":4},{"damage":33,"enemies":"Collector","floor":33,"turns":4},{"damage":7,"enemies":"Orb Walker","floor":35,"turns":2},{"damage":1,"enemies":"3 Shapes","floor":38,"turns":2},{"damage":12,"enemies":"Spire Growth","floor":39,"turns":3},{"damage":18,"enemies":"Jaw Worm Horde","floor":40,"turns":4},{"damage":2,"enemies":"Writhing Mass","floor":42,"turns":3},{"damage":0,"enemies":"Maw","floor":44,"turns":2},{"damage":22,"enemies":"Reptomancer","floor":47,"turns":4},{"damage":34,"enemies":"Time Eater","floor":50,"turns":6}],"seed_played":"-6317616236914511803","potions_obtained":[{"floor":2,"key":"Dexterity Potion"},{"floor":2,"key":"Explosive Potion"},{"floor":2,"key":"AttackPotion"},{"floor":11,"key":"Block Potion"},{"floor":14,"key":"PotionOfCapacity"},{"floor":33,"key":"Dota2Spire:HealingSalve"},{"floor":39,"key":"EntropicBrew"},{"floor":40,"key":"Regen Potion"}],"is_trial":false,"path_per_floor":["M","?","M","?","?","R","M","$","T","?","M","E","?","M","R","B",null,"M","?","$","?","M","R","M","?","T","M","M","?","R","M","R","B",null,"M","?","?","M","M","M","?","M","T","M","R","T","E","$","R","B",null],"character_chosen":"DEFECT","items_purchased":["Lockon","REME_SelfUpgrade","Defragment","Aggregate","Apotheosis"],"campfire_rested":1,"item_purchase_floors":[8,8,20,20,48],"current_hp_per_floor":[75,75,75,57,50,50,50,50,60,43,42,24,29,5,5,90,90,90,90,90,90,92,92,77,60,60,44,18,18,18,18,18,94,122,115,115,115,114,102,84,84,82,82,82,122,122,122,122,122,94],"gold":33,"neow_bonus":"THREE_ENEMY_KILL","is_daily":false,"chose_seed":false,"campfire_upgraded":6,"win_rate":0.0,"timestamp":1611321529,"path_taken":["M","?","?","?","?","R","M","$","T","?","?","E","?","M","R","BOSS","M","?","$","?","M","R","M","?","T","M","M","?","R","?","R","BOSS","M","?","?","M","M","M","?","?","T","M","R","?","E","$","R","BOSS"],"items_purchased_type":["Card","Card","Card","Card","Card"],"build_version":"2020-12-22","purchased_purges":0,"victory":true,"max_hp_per_floor":[75,75,75,75,75,75,75,75,85,85,85,85,90,90,90,90,90,92,92,92,92,93,93,99,106,106,110,115,115,115,117,117,122,122,123,123,123,124,126,131,131,135,135,135,135,135,147,147,147,154],"card_choices":[{"not_picked":["Force Field","Barrage"],"picked":"Darkness","floor":1},{"not_picked":["Stack","Aggregate"],"picked":"Redo","floor":3},{"not_picked":["REME_Compress","Redo"],"picked":"Storm","floor":7},{"not_picked":["Redo","Rip and Tear","REME_ForAll"],"picked":"Ball Lightning","floor":11},{"not_picked":["Reinforced Body","Compile Driver","FTL"],"picked":"Beam Cell","floor":12},{"not_picked":["Leap","Scrape","Stack"],"picked":"Barrage","floor":14},{"not_picked":["Fission","Amplify","Machine Learning"],"picked":"REME_Shoggoth","floor":16},{"not_picked":["Beam Cell","Redo"],"picked":"Skim+1","floor":18},{"not_picked":["Redo","REME_Compress","Reprogram"],"picked":"Chaos","floor":22},{"not_picked":["Coolheaded","Go for the Eyes","Redo"],"picked":"Hello World","floor":24},{"not_picked":["Static Discharge","Hello World+1","Compile Driver"],"picked":"Conserve Battery","floor":25},{"not_picked":["Storm+1","Reinforced Body","Leap"],"picked":"Streamline+1","floor":27},{"not_picked":["Leap","Barrage"],"picked":"Buffer","floor":28},{"not_picked":["Steam Power+1","Redo+1","Hologram"],"picked":"Chaos","floor":31},{"not_picked":["REME_ForAll","Fission"],"picked":"Multi-Cast","floor":33},{"not_picked":["Steam+1","Conserve Battery"],"picked":"Ball Lightning","floor":35},{"not_picked":["Go for the Eyes+1","Conserve Battery+1"],"picked":"Beam Cell","floor":38},{"not_picked":["Conserve Battery+1","Leap"],"picked":"Go for the Eyes","floor":39},{"not_picked":["Chill","Blizzard"],"picked":"Defragment+1","floor":40},{"not_picked":["Gash","Go for the Eyes"],"picked":"Ball Lightning","floor":42},{"not_picked":["Redo","Aggregate","Barrage+1"],"picked":"SKIP","floor":44},{"not_picked":["Self Repair","Storm+1"],"picked":"Beam Cell+1","floor":47}],"player_experience":25111,"relics_obtained":[{"floor":9,"key":"Pear"},{"floor":12,"key":"Dota2Spire:MagicBottle"},{"floor":25,"key":"Red Mask"},{"floor":26,"key":"Dota2Spire:Dagon"},{"floor":43,"key":"Dota2Spire:HandOfMidas"},{"floor":46,"key":"Dota2Spire:Vanguard"},{"floor":47,"key":"Strawberry"}],"event_choices":[{"damage_healed":0,"gold_gain":0,"player_choice":"Got Potions","damage_taken":0,"max_hp_gain":0,"max_hp_loss":0,"event_name":"Lab","floor":2,"gold_loss":0},{"damage_healed":0,"gold_gain":0,"player_choice":"Success","damage_taken":18,"relics_obtained":["Torii"],"max_hp_gain":0,"max_hp_loss":0,"event_name":"Scrap Ooze","floor":4,"gold_loss":0},{"cards_removed":["Defend_B"],"damage_healed":0,"gold_gain":0,"player_choice":"Card Removal","damage_taken":7,"max_hp_gain":0,"max_hp_loss":0,"event_name":"Golden Wing","floor":5,"gold_loss":0},{"damage_healed":0,"gold_gain":0,"player_choice":"Entered Light","damage_taken":17,"max_hp_gain":0,"max_hp_loss":0,"event_name":"Shining Light","floor":10,"gold_loss":0,"cards_upgraded":["Dualcast","Defend_B"]},{"damage_healed":0,"gold_gain":0,"player_choice":"Donut","damage_taken":0,"max_hp_gain":5,"max_hp_loss":0,"event_name":"Big Fish","floor":13,"gold_loss":0},{"damage_healed":0,"gold_gain":0,"player_choice":"Read","damage_taken":0,"max_hp_gain":0,"max_hp_loss":0,"event_name":"The Library","floor":21,"gold_loss":0,"cards_obtained":["Chaos"]},{"damage_healed":0,"gold_gain":0,"player_choice":"Fought Bandits","damage_taken":0,"max_hp_gain":0,"max_hp_loss":0,"event_name":"Masked Bandits","floor":25,"gold_loss":0},{"damage_healed":0,"gold_gain":0,"player_choice":"1 cards matched","damage_taken":0,"max_hp_gain":0,"max_hp_loss":0,"event_name":"Match and Keep!","floor":29,"gold_loss":0,"cards_obtained":["PanicButton"]},{"damage_healed":0,"gold_gain":0,"player_choice":"Ignored","damage_taken":0,"max_hp_gain":0,"max_hp_loss":0,"event_name":"Mysterious Sphere","floor":36,"gold_loss":0},{"cards_removed":["Defend_B"],"damage_healed":0,"gold_gain":0,"player_choice":"Removed Skill","damage_taken":0,"max_hp_gain":0,"max_hp_loss":0,"event_name":"Falling","floor":37,"gold_loss":0},{"damage_healed":0,"gold_gain":0,"cards_transformed":["PanicButton"],"player_choice":"Transformed","damage_taken":0,"max_hp_gain":0,"max_hp_loss":0,"event_name":"Transmorgrifier","floor":41,"gold_loss":0,"cards_obtained":["Blind"]}],"is_beta":false,"boss_relics":[{"not_picked":["REME_DuelDisc","REME_ChargedStone"],"picked":"Nuclear Battery"},{"not_picked":["Calling Bell","Black Star"],"picked":"FrozenCore"}],"items_purged_floors":[],"is_endless":false,"potions_floor_spawned":[11,14,16,18,22,25,28,33,39,40,44],"ascension_level":0}}