{"host":"ig9h5mtrygw4gu9r","time":1611312186,"event":{"mods":["2.2 Compatiblity","AchievementEnabler","BaseMod","Downfall","Minty Spire (QoL Compilation)","Relic Stats","StSLib"],"gold_per_floor":[111,128,140,155,165,165,197,197,224,224,257,257,257,276,276,381,381,396,406,63,78,112,112,112,160,234,254,9,9,9,41,41,41,41],"floor_reached":33,"language":"ENG","playtime":1724,"items_purged":[],"score":321,"play_id":"a23cdff3-cbc1-4ab1-86d9-cd0c1b79ffdb","local_time":"20210122024306","is_ascension_mode":true,"campfire_choices":[{"data":"Bash","floor":6,"key":"SMITH"},{"data":"Pommel Strike","floor":8,"key":"SMITH"},{"floor":10,"key":"REST"},{"floor":12,"key":"REST"},{"data":"Armaments","floor":15,"key":"SMITH"},{"floor":23,"key":"REST"},{"data":"Heavy Blade","floor":30,"key":"SMITH"},{"data":"Spot Weakness","floor":32,"key":"SMITH"}],"circlet_count":0,"master_deck":["Defend_R","Defend_R","Defend_R","Defend_R","Bash+1","Warcry","Headbutt","Pommel Strike+1","Cleave","Shrug It Off","Limit Break","Armaments+1","Barricade+1","Thunderclap","Perfected Strike","Exhume","Shockwave+1","Clothesline+1","HandOfGreed","Havoc","Iron Wave","Havoc","Clothesline","Spot Weakness+1","Armaments+1","Body Slam","Heavy Blade+1","Slimebound:Tackle+1","Slimebound:Tackle+1","Slimebound:Tackle+1","Cleave"],"relics":["Burning Blood","NeowsBlessing","Frozen Egg 2","Happy Flower","Smiling Mask","Snecko Eye","Orrery","Art of War","Singing Bowl","Bottled Lightning"],"acts_visited":["Exordium","TheCity"],"potions_floor_usage":[4,11,16,25,25],"damage_taken":[{"damage":0,"enemies":"Jaw Worm","floor":1,"turns":1},{"damage":0,"enemies":"Cultist","floor":2,"turns":1},{"damage":0,"enemies":"Small Slimes","floor":3,"turns":2},{"damage":3,"enemies":"3 Louse","floor":4,"turns":3},{"damage":24,"enemies":"Exordium Wildlife","floor":5,"turns":4},{"damage":43,"enemies":"Lagavulin","floor":7,"turns":6},{"damage":26,"enemies":"Gremlin Nob","floor":11,"turns":4},{"damage":2,"enemies":"2 Fungi Beasts","floor":14,"turns":4},{"damage":30,"enemies":"Slime Boss","floor":16,"turns":6},{"damage":27,"enemies":"Spheric Guardian","floor":18,"turns":4},{"damage":30,"enemies":"2 Thieves","floor":19,"turns":4},{"damage":23,"enemies":"Snake Plant","floor":21,"turns":3},{"damage":0,"enemies":"Snecko","floor":22,"turns":4},{"damage":16,"enemies":"Gremlin Leader","floor":25,"turns":6},{"damage":0,"enemies":"Cultist and Chosen","floor":27,"turns":6},{"damage":10,"enemies":"Centurion and Healer","floor":31,"turns":3},{"damage":42,"enemies":"Collector","floor":33,"turns":5}],"seed_played":"-2998656372206753750","potions_obtained":[{"floor":3,"key":"DistilledChaos"},{"floor":5,"key":"PowerPotion"},{"floor":7,"key":"Strength Potion"},{"floor":16,"key":"PowerPotion"},{"floor":21,"key":"Dexterity Potion"},{"floor":25,"key":"Strength Potion"}],"is_trial":false,"path_per_floor":["M","M","M","M","M","R","E","R","T","R","E","R","?","M","R","B",null,"M","M","$","M","M","R","?","E","T","M","$","?","R","M","R","B"],"character_chosen":"IRONCLAD","items_purchased":["HandOfGreed","Orrery","Bottled Lightning"],"campfire_rested":3,"item_purchase_floors":[20,20,28],"current_hp_per_floor":[80,80,80,80,62,62,25,25,25,49,29,53,53,57,57,33,80,59,35,35,18,24,48,48,38,38,46,46,46,46,42,42,0,0],"gold":41,"neow_bonus":"THREE_ENEMY_KILL","is_daily":false,"chose_seed":false,"campfire_upgraded":5,"win_rate":0.0,"timestamp":1611312186,"path_taken":["M","M","M","M","M","R","E","R","T","R","E","R","?","?","R","BOSS","M","?","$","M","M","R","?","E","T","M","$","?","R","M","R","BOSS"],"items_purchased_type":["Card","Relic","Relic"],"build_version":"2020-12-22","purchased_purges":0,"victory":false,"max_hp_per_floor":[80,80,80,80,80,80,80,80,80,80,80,80,80,80,80,80,80,80,80,80,80,80,80,80,80,80,82,82,82,82,82,82,82,82],"relic_stats":{"Happy Flower":[16],"Singing Bowl":2,"counters":[17,66],"Snecko Eye":[63,65,64,65],"Art of War":[2],"Smiling Mask":0,"obtain_stats":[{"NeowsBlessing":0,"Happy Flower":9,"Singing Bowl":26,"Snecko Eye":17,"Orrery":20,"Art of War":25,"Bottled Lightning":28,"Frozen Egg 2":7,"Smiling Mask":11,"Burning Blood":0},{"NeowsBlessing":0,"Happy Flower":6,"Singing Bowl":14,"Snecko Eye":9,"Orrery":11,"Art of War":14,"Bottled Lightning":15,"Frozen Egg 2":6,"Smiling Mask":7,"Burning Blood":0},{"NeowsBlessing":0,"Happy Flower":17,"Singing Bowl":52,"Snecko Eye":31,"Orrery":39,"Art of War":52,"Bottled Lightning":58,"Frozen Egg 2":17,"Smiling Mask":21,"Burning Blood":0}],"Burning Blood":75},"card_choices":[{"not_picked":["Second Wind","Carnage"],"picked":"Warcry","floor":1},{"not_picked":["Perfected Strike","Clash"],"picked":"Headbutt","floor":2},{"not_picked":["Body Slam","Fiend Fire"],"picked":"Pommel Strike","floor":3},{"not_picked":["Sword Boomerang","Uppercut"],"picked":"Cleave","floor":4},{"not_picked":["Sword Boomerang","Reckless Charge"],"picked":"Shrug It Off","floor":5},{"not_picked":["Wild Strike","Heavy Blade"],"picked":"Limit Break","floor":7},{"not_picked":["Wild Strike","Iron Wave"],"picked":"Armaments","floor":11},{"not_picked":["Cleave","Inflame+1"],"picked":"Perfected Strike","floor":14},{"not_picked":["Fiend Fire","Barricade+1"],"picked":"Exhume","floor":16},{"not_picked":["Shrug It Off","Whirlwind"],"picked":"Shockwave+1","floor":18},{"not_picked":["Heavy Blade","Sever Soul"],"picked":"Clothesline+1","floor":19},{"not_picked":["Thunderclap","Body Slam"],"picked":"Havoc","floor":20},{"not_picked":["Intimidate","Reckless Charge"],"picked":"Iron Wave","floor":20},{"not_picked":["Sentinel+1","Clash+1"],"picked":"Havoc","floor":20},{"not_picked":["Shrug It Off","Pummel"],"picked":"Clothesline","floor":20},{"not_picked":["Disarm","True Grit+1"],"picked":"Spot Weakness","floor":20},{"not_picked":["Combust+1","Headbutt"],"picked":"Armaments+1","floor":21},{"not_picked":["Cleave","Barricade+1"],"picked":"Body Slam","floor":22},{"not_picked":["Shrug It Off+1","Uppercut+1"],"picked":"Heavy Blade","floor":25},{"not_picked":["Fire Breathing+1","Disarm+1","Sever Soul"],"picked":"Singing Bowl","floor":27},{"not_picked":["Searing Blow+1","Burning Pact"],"picked":"Cleave","floor":31}],"player_experience":361104,"relics_obtained":[{"floor":7,"key":"Frozen Egg 2"},{"floor":9,"key":"Happy Flower"},{"floor":11,"key":"Smiling Mask"},{"floor":25,"key":"Art of War"},{"floor":26,"key":"Singing Bowl"}],"event_choices":[{"damage_healed":0,"gold_gain":0,"player_choice":"2 cards matched","damage_taken":0,"max_hp_gain":0,"max_hp_loss":0,"event_name":"Match and Keep!","floor":13,"gold_loss":0,"cards_obtained":["Barricade","Thunderclap"]},{"damage_healed":0,"gold_gain":0,"player_choice":"Ignored","damage_taken":0,"max_hp_gain":0,"max_hp_loss":0,"event_name":"Ghosts","floor":24,"gold_loss":0}],"is_beta":false,"boss_relics":[{"not_picked":["Cursed Key","Fusion Hammer"],"picked":"Snecko Eye"}],"items_purged_floors":[],"is_endless":false,"potions_floor_spawned":[3,5,7,16,21,25],"killed_by":"Collector","ascension_level":3}}