{"host":"gsmj583br51y3r1c","time":1611335799,"event":{"mods":["AchievementEnabler","BaseMod","Better Note","Better Third Choice","Colored Map","Dark Map","Downfall","Hermit","Highlight Path","Infinite Spire","Marisa????????","Minty Spire (QoL Compilation)","Permanent Neow","Quick Restart","StSLib","The Bug Knight","The Cursed","The Marked","The Mystic","The Servant 0.9.4","everything is the same but u backflip on backflip"],"gold_per_floor":[360,435,435,435,448,448,459,469,469,532,532,532,204,215,215,215,215],"floor_reached":16,"language":"ENG","playtime":877,"items_purged":["hermit:Strike_Hermit"],"score":90,"play_id":"16777622-a821-4288-a473-de83581619f2","local_time":"20210122191639","is_ascension_mode":false,"campfire_choices":[{"data":"hermit:Dive","floor":6.0,"key":"SMITH"},{"data":"hermit:Snapshot","floor":12.0,"key":"SMITH"},{"data":"hermit:FlashPowder","floor":15.0,"key":"SMITH"}],"circlet_count":0,"master_deck":["hermit:Strike_Hermit","hermit:Strike_Hermit","hermit:Strike_Hermit","hermit:Defend_Hermit","hermit:Defend_Hermit","hermit:Defend_Hermit","hermit:Defend_Hermit","hermit:Snapshot+1","hermit:Covet","hermit:FlashPowder+1","hermit:Dive+1","hermit:GoldenBullet+1"],"relics":["hermit:Momento","infinitespire:PuzzleCube","hermit:Horseshoe","infinitespire:Bottled Soul"],"acts_visited":["Exordium"],"potions_floor_usage":[16],"damage_taken":[{"damage":2.0,"enemies":"2 Louse","floor":1.0,"turns":3.0},{"damage":0.0,"enemies":"Jaw Worm","floor":5.0,"turns":4.0},{"damage":0.0,"enemies":"Cultist","floor":7.0,"turns":3.0},{"damage":4.0,"enemies":"Exordium Thugs","floor":8.0,"turns":6.0},{"damage":12.0,"enemies":"Lagavulin Event","floor":10.0,"turns":8.0},{"damage":0.0,"enemies":"Looter","floor":14.0,"turns":3.0},{"damage":0,"enemies":"Slime Boss","floor":16,"turns":5}],"seed_played":"2543740043806004117","potions_obtained":[{"floor":1.0,"key":"EssenceOfSteel"},{"floor":5.0,"key":"SpeedPotion"},{"floor":7.0,"key":"Strength Potion"},{"floor":10.0,"key":"AttackPotion"}],"is_trial":false,"path_per_floor":["M","?","?","?","M","R","M","M","T","?","?","R","$","M","R","B"],"character_chosen":"HERMIT","items_purchased":["infinitespire:Bottled Soul"],"campfire_rested":0,"item_purchase_floors":[13],"current_hp_per_floor":[66,55,60,60,60,60,60,56,56,44,44,44,44,44,44,44,44],"gold":215,"neow_bonus":"TWO_FIFTY_GOLD","is_daily":false,"chose_seed":false,"campfire_upgraded":3,"win_rate":0.0,"timestamp":1611335799,"path_taken":["M","?","?","?","M","R","M","?","T","?","?","R","$","?","R","BOSS"],"items_purchased_type":["Relic"],"build_version":"2020-12-22","purchased_purges":1,"victory":false,"max_hp_per_floor":[68,68,73,73,73,73,73,73,73,73,73,73,73,73,73,73,73],"card_choices":[{"not_picked":["hermit:Coalescence","hermit:FullyLoaded"],"picked":"hermit:FlashPowder","floor":1.0},{"not_picked":["hermit:NoHoldsBarred","hermit:Headshot"],"picked":"hermit:Dive","floor":5.0},{"not_picked":["hermit:Headshot","hermit:DeadMansHand","hermit:Coalescence"],"picked":"SKIP","floor":7.0},{"not_picked":["hermit:LowProfile","hermit:Ricochet"],"picked":"hermit:GoldenBullet","floor":8.0},{"not_picked":["hermit:Grudge","hermit:HoleUp","hermit:Gestalt"],"picked":"SKIP","floor":14.0}],"player_experience":457834,"relics_obtained":[{"floor":9.0,"key":"infinitespire:PuzzleCube"},{"floor":10.0,"key":"hermit:Horseshoe"}],"event_choices":[{"damage_healed":0.0,"max_hp_gain":0.0,"max_hp_loss":0.0,"gold_gain":75.0,"event_name":"betterThird:BetterGoop","player_choice":"Gold","floor":2.0,"gold_loss":0.0,"damage_taken":11.0},{"damage_healed":0.0,"max_hp_gain":5.0,"max_hp_loss":0.0,"gold_gain":0.0,"event_name":"Big Fish","player_choice":"Donut","floor":3.0,"gold_loss":0.0,"damage_taken":0.0},{"damage_healed":0.0,"max_hp_gain":0.0,"max_hp_loss":0.0,"gold_gain":0.0,"event_name":"Dead Adventurer","player_choice":"Searched \u00271\u0027 times","floor":10.0,"gold_loss":0.0,"damage_taken":0.0},{"damage_healed":0.0,"max_hp_gain":0.0,"max_hp_loss":0.0,"gold_gain":0.0,"event_name":"Accursed Blacksmith","player_choice":"Forge","floor":11.0,"gold_loss":0.0,"damage_taken":0.0,"cards_upgraded":["hermit:GoldenBullet"]}],"is_beta":false,"boss_relics":[],"items_purged_floors":[13],"is_endless":false,"potions_floor_spawned":[1,5,7,10],"killed_by":"Slime Boss","ascension_level":0}}