{"host":"3xls0xm49ftugio7","time":1611338852,"event":{"mods":["2.2 Compatiblity","AchievementEnabler","Act Like it!","BaseMod","Bestiary","Colored Powertips","Infinite Spire","Minty Spire (QoL Compilation)","Quick Restart","StSLib"],"gold_per_floor":[116,128,140,2,2,2,36,36,36,55,68,68,68,78,78,153,153,173,183,199,114,114,114],"floor_reached":22,"language":"ENG","playtime":1179,"items_purged":[],"score":376,"play_id":"ed035344-5991-4b7e-9c0d-08d7ad1ebba2","local_time":"20210122200732","is_ascension_mode":true,"campfire_choices":[{"data":"Noxious Fumes","floor":6,"key":"SMITH"},{"data":"Dash","floor":8,"key":"SMITH"},{"floor":12,"key":"REST"},{"data":"Catalyst","floor":15,"key":"SMITH"}],"circlet_count":0,"master_deck":["AscendersBane","Strike_G","Strike_G","Strike_G","Strike_G","Defend_G","Defend_G","Defend_G","Defend_G","Defend_G","Survivor","Neutralize","Dash+1","Blade Dance","Deflect","Poisoned Stab","Noxious Fumes+1","Sucker Punch","Crippling Poison","Corpse Explosion","Deflect","Crippling Poison","Catalyst+1","Glass Knife","Blur+1","PiercingWail","Bane","Leg Sweep","Quick Slash+1"],"relics":["Ring of the Snake","Prayer Wheel","Unceasing Top","WristBlade","infinitespire:CheckeredPen"],"acts_visited":["Exordium","TheCity"],"potions_floor_usage":[16,22],"damage_taken":[{"damage":2,"enemies":"Small Slimes","floor":1,"turns":4},{"damage":0,"enemies":"Cultist","floor":2,"turns":4},{"damage":0,"enemies":"2 Louse","floor":3,"turns":3},{"damage":21,"enemies":"3 Sentries","floor":7,"turns":8},{"damage":3,"enemies":"Looter","floor":10,"turns":3},{"damage":8,"enemies":"2 Fungi Beasts","floor":11,"turns":3},{"damage":7,"enemies":"Large Slime","floor":14,"turns":6},{"damage":40,"enemies":"Slime Boss","floor":16,"turns":10},{"damage":17,"enemies":"3 Byrds","floor":18,"turns":4},{"damage":12,"enemies":"Chosen","floor":19,"turns":4},{"damage":25,"enemies":"Snake Plant","floor":20,"turns":5},{"damage":7,"enemies":"Snecko","floor":22,"turns":3}],"seed_played":"-584085111223253089","potions_obtained":[{"floor":7,"key":"SkillPotion"},{"floor":10,"key":"LiquidMemories"}],"is_trial":false,"path_per_floor":["M","M","M","$","?","R","E","R","T","M","M","R","?","M","R","B",null,"M","M","M","?","M"],"character_chosen":"THE_SILENT","items_purchased":["Poisoned Stab","Noxious Fumes"],"campfire_rested":1,"item_purchase_floors":[4,4],"current_hp_per_floor":[63,63,63,63,63,63,42,42,42,39,31,52,57,50,50,10,60,43,31,6,6,0,0],"gold":114,"neow_bonus":"TEN_PERCENT_HP_BONUS","is_daily":false,"chose_seed":false,"campfire_upgraded":3,"win_rate":0.0,"timestamp":1611338852,"path_taken":["M","M","M","$","?","R","E","R","T","?","?","R","?","M","R","BOSS","M","M","M","?","M"],"items_purchased_type":["Card","Card"],"build_version":"2020-12-22","purchased_purges":0,"victory":false,"max_hp_per_floor":[72,72,72,72,72,72,72,72,72,72,72,72,77,77,77,77,77,77,77,77,77,77,77],"card_choices":[{"not_picked":["Dagger Throw","Cloak And Dagger"],"picked":"Dash","floor":1},{"not_picked":["Dagger Throw","Deadly Poison"],"picked":"Blade Dance","floor":2},{"not_picked":["Acrobatics","Dagger Throw"],"picked":"Deflect","floor":3},{"not_picked":["Acrobatics","Reflex"],"picked":"Crippling Poison","floor":7},{"not_picked":["Expertise","Blur"],"picked":"Corpse Explosion","floor":10},{"not_picked":["Accuracy","Prepared"],"picked":"Deflect","floor":10},{"not_picked":["PiercingWail","Poisoned Stab"],"picked":"Crippling Poison","floor":11},{"not_picked":["Flechettes","Choke"],"picked":"Catalyst","floor":11},{"not_picked":["Underhanded Strike","PiercingWail","Dagger Throw"],"picked":"SKIP","floor":14},{"not_picked":["Dagger Throw","Accuracy","Underhanded Strike"],"picked":"SKIP","floor":14},{"not_picked":["Unload","After Image"],"picked":"Glass Knife","floor":16},{"not_picked":["Deadly Poison","Poisoned Stab"],"picked":"Blur+1","floor":18},{"not_picked":["Sucker Punch+1","Choke"],"picked":"PiercingWail","floor":18},{"not_picked":["Predator","Acrobatics"],"picked":"Bane","floor":19},{"not_picked":["Acrobatics","Underhanded Strike","Dagger Throw"],"picked":"SKIP","floor":19},{"not_picked":["Masterful Stab","Outmaneuver"],"picked":"Leg Sweep","floor":20},{"not_picked":["Poisoned Stab","Backstab"],"picked":"Quick Slash+1","floor":20}],"player_experience":724272,"relics_obtained":[{"floor":7,"key":"Prayer Wheel"},{"floor":9,"key":"Unceasing Top"}],"event_choices":[{"damage_healed":0,"gold_gain":0,"cards_transformed":["Strike_G"],"player_choice":"Transformed","damage_taken":0,"max_hp_gain":0,"max_hp_loss":0,"event_name":"Transmorgrifier","floor":5,"gold_loss":0,"cards_obtained":["Sucker Punch"]},{"damage_healed":0,"gold_gain":0,"player_choice":"Donut","damage_taken":0,"max_hp_gain":5,"max_hp_loss":0,"event_name":"Big Fish","floor":13,"gold_loss":0},{"damage_healed":0,"gold_gain":0,"player_choice":"Obtained Relic","damage_taken":0,"relics_obtained":["infinitespire:CheckeredPen"],"max_hp_gain":0,"max_hp_loss":0,"event_name":"Addict","floor":21,"gold_loss":85}],"is_beta":false,"boss_relics":[{"not_picked":["Tiny House","Busted Crown"],"picked":"WristBlade"}],"items_purged_floors":[],"is_endless":false,"potions_floor_spawned":[7,10,14],"killed_by":"Snecko","ascension_level":20}}