{"host":"vl29iwkwnyytuw8q","time":1611357119,"event":{"mods":["BaseMod","Minty Spire (QoL Compilation)","Permanent Neow","Relic Stats","StSLib"],"gold_per_floor":[115,134,154,229,73,73,104,104,151,166,180,145,145,145,145,246,246,264,79,79,89,103,131,141,91,91,91,125,75,95,95,95],"floor_reached":31,"language":"ENG","playtime":1202,"items_purged":["Strike_B","Strike_B","Strike_B"],"score":316,"play_id":"9e931102-1c80-455b-aa09-c2e7a4ca2641","local_time":"20210123001159","is_ascension_mode":true,"campfire_choices":[{"data":"Genetic Algorithm","floor":6,"key":"SMITH"},{"data":"Barrage","floor":8,"key":"SMITH"},{"data":"Tempest","floor":15,"key":"SMITH"},{"floor":27,"key":"REST"}],"circlet_count":0,"master_deck":["Strike_B","Defend_B","Defend_B","Defend_B+1","Defend_B","Zap+1","Dualcast","Barrage+1","Tempest+1","Beam Cell","Genetic Algorithm+1","FTL","Consume+1","Ball Lightning","Buffer","Gash+1","Electrodynamics","Compile Driver","Reprogram","Capacitor","Coolheaded","Go for the Eyes+1","Cold Snap","Glacier"],"relics":["Sozu","Bronze Scales","Smiling Mask","Black Star","Nloth\u0027s Gift","Oddly Smooth Stone","White Beast Statue","The Courier","Strawberry","Bottled Flame"],"acts_visited":["Exordium","TheCity"],"potions_floor_usage":[],"damage_taken":[{"damage":0.0,"enemies":"2 Louse","floor":1.0,"turns":3.0},{"damage":6.0,"enemies":"Cultist","floor":2.0,"turns":4.0},{"damage":0.0,"enemies":"Small Slimes","floor":3.0,"turns":3.0},{"damage":24,"enemies":"3 Sentries","floor":7,"turns":7},{"damage":8,"enemies":"Blue Slaver","floor":10,"turns":3},{"damage":9,"enemies":"3 Louse","floor":11,"turns":2},{"damage":21,"enemies":"Hexaghost","floor":16,"turns":7},{"damage":2,"enemies":"3 Byrds","floor":18,"turns":3},{"damage":7,"enemies":"Chosen","floor":21,"turns":3},{"damage":10,"enemies":"Sentry and Sphere","floor":22,"turns":3},{"damage":49,"enemies":"Slavers","floor":23,"turns":4},{"damage":0,"enemies":"Snecko","floor":24,"turns":4},{"damage":16,"enemies":"Gremlin Leader","floor":28,"turns":7},{"damage":18,"enemies":"Shelled Parasite and Fungi","floor":30,"turns":6},{"damage":11,"enemies":"Sentry and Sphere","floor":31,"turns":3}],"seed_played":"797846117161880294","potions_obtained":[],"is_trial":false,"path_per_floor":["M","M","M","?","$","R","E","R","T","M","M","?","?","?","R","B",null,"M","$","?","M","M","E","M","$","T","R","E","$","M","M"],"character_chosen":"DEFECT","items_purchased":["Genetic Algorithm","Electrodynamics","Compile Driver"],"campfire_rested":1,"item_purchase_floors":[5,19,19],"current_hp_per_floor":[75,69,69,62,62,62,38,38,38,30,21,39,39,32,32,11,75,73,73,73,66,56,7,7,7,7,29,20,20,2,0,0],"gold":95,"neow_bonus":"BOSS_RELIC","is_daily":false,"chose_seed":false,"campfire_upgraded":3,"win_rate":0.0,"timestamp":1611357119,"path_taken":["M","M","M","?","$","R","E","R","T","?","M","?","?","?","R","BOSS","M","$","?","M","M","E","M","?","T","R","E","$","M","?"],"items_purchased_type":["Card","Card","Card"],"build_version":"2020-12-22","purchased_purges":3,"victory":false,"max_hp_per_floor":[75,75,75,75,75,75,75,75,75,75,75,75,75,75,75,75,75,75,75,75,75,75,75,75,75,75,75,82,82,82,82,82],"relic_stats":{"Sozu":10,"counters":[15,62],"Bronze Scales":[175],"Black Star":2,"Nloth\u0027s Gift":0,"Smiling Mask":100,"obtain_stats":[{"Sozu":0,"Bottled Flame":28,"Bronze Scales":9,"Strawberry":28,"Oddly Smooth Stone":23,"The Courier":26,"Black Star":17,"Nloth\u0027s Gift":20,"War Paint":7,"Cracked Core":0,"Smiling Mask":14,"White Beast Statue":23},{"Sozu":0,"Bottled Flame":13,"Bronze Scales":4,"Strawberry":13,"Oddly Smooth Stone":11,"The Courier":12,"Black Star":7,"Nloth\u0027s Gift":8,"War Paint":4,"Cracked Core":0,"Smiling Mask":6,"White Beast Statue":11},{"Sozu":0,"Bottled Flame":53,"Bronze Scales":17,"Strawberry":53,"Oddly Smooth Stone":42,"The Courier":46,"Black Star":29,"Nloth\u0027s Gift":32,"War Paint":17,"Cracked Core":0,"Smiling Mask":22,"White Beast Statue":42}]},"card_choices":[{"not_picked":["Go for the Eyes","Conserve Battery"],"picked":"Barrage","floor":1.0},{"not_picked":["Conserve Battery","Double Energy"],"picked":"Tempest","floor":2.0},{"not_picked":["Steam","White Noise"],"picked":"Beam Cell","floor":3.0},{"not_picked":["Turbo","Ball Lightning"],"picked":"FTL","floor":7},{"not_picked":["Storm","Ball Lightning"],"picked":"Consume","floor":10},{"not_picked":["Steam","All For One"],"picked":"Ball Lightning","floor":11},{"not_picked":["Machine Learning","Rainbow"],"picked":"Buffer","floor":16},{"not_picked":["Chill","Hologram"],"picked":"Gash+1","floor":18},{"not_picked":["Consume","Stack"],"picked":"Reprogram","floor":21},{"not_picked":["Turbo+1","Cold Snap"],"picked":"Capacitor","floor":22},{"not_picked":["Sweeping Beam","Electrodynamics"],"picked":"Coolheaded","floor":23},{"not_picked":["Barrage","BootSequence"],"picked":"Go for the Eyes+1","floor":24},{"not_picked":["Double Energy","Go for the Eyes+1"],"picked":"Cold Snap","floor":28},{"not_picked":["Stack","Barrage+1"],"picked":"Glacier","floor":30}],"player_experience":638712,"relics_obtained":[{"floor":7,"key":"War Paint"},{"floor":9,"key":"Bronze Scales"},{"floor":23,"key":"Oddly Smooth Stone"},{"floor":23,"key":"White Beast Statue"},{"floor":26,"key":"The Courier"},{"floor":28,"key":"Strawberry"},{"floor":28,"key":"Bottled Flame"}],"event_choices":[{"damage_healed":0,"gold_gain":75,"player_choice":"Touch","damage_taken":7,"max_hp_gain":0,"max_hp_loss":0,"event_name":"FaceTrader","floor":4,"gold_loss":0},{"damage_healed":18,"gold_gain":0,"player_choice":"Healed","damage_taken":0,"max_hp_gain":0,"max_hp_loss":0,"event_name":"The Cleric","floor":12,"gold_loss":35},{"damage_healed":0,"gold_gain":0,"player_choice":"Grow","damage_taken":0,"max_hp_gain":0,"max_hp_loss":0,"event_name":"Living Wall","floor":13,"gold_loss":0,"cards_upgraded":["Consume"]},{"damage_healed":0,"gold_gain":0,"player_choice":"Success","damage_taken":7,"relics_obtained":["Smiling Mask"],"max_hp_gain":0,"max_hp_loss":0,"event_name":"Scrap Ooze","floor":14,"gold_loss":0},{"damage_healed":0,"gold_gain":0,"player_choice":"Traded Relic","damage_taken":0,"relics_obtained":["Nloth\u0027s Gift"],"max_hp_gain":0,"max_hp_loss":0,"event_name":"N\u0027loth","floor":20,"relics_lost":["War Paint"],"gold_loss":0}],"is_beta":false,"boss_relics":[{"not_picked":["Cursed Key","SacredBark"],"picked":"Black Star"}],"items_purged_floors":[5,25,29],"is_endless":false,"potions_floor_spawned":[2,3,11,16,18,21,22,24,28,30],"killed_by":"Sentry and Sphere","ascension_level":3}}