{"host":"gk9qdtkqd8dwfeg2","time":1611309941,"event":{"mods":["BaseMod","Colored Powertips","Minty Spire (QoL Compilation)","Quick Restart","Replay The Spire","Shop Mod","StSLib","TestMod","The Gatherer","The Servant 0.9.4","Waifu the Spire","vexMod","¡¾ÒÅÎï¿¨ÅÆ¡¿REMEMod"],"gold_per_floor":[118,128,128,128,202,202,202],"floor_reached":6,"language":"ZHS","playtime":256,"items_purged":[],"score":68,"play_id":"2242362f-b6ff-4478-a118-71e6bfd87535","local_time":"20210122180541","is_ascension_mode":true,"campfire_choices":[],"circlet_count":0,"master_deck":["AscendersBane","Strike_P","Strike_P","Strike_P","Strike_P","Defend_P","Defend_P","Defend_P","Defend_P","Eruption","Vigilance","REME_Fury+1","Replay:DivineShield","REME_MusicOfDeath","ReachHeaven"],"relics":["PureWater","testmod-TestBox","REME_ComplimentaryCards","testmod-Temperance","testmod-DragonStarHat","Golden Idol","testmod-AssaultLearning"],"acts_visited":["Exordium"],"potions_floor_usage":[6,6],"damage_taken":[{"damage":16.0,"enemies":"2 Louse","floor":1.0,"turns":4.0},{"damage":6.0,"enemies":"Jaw Worm","floor":2.0,"turns":4.0},{"damage":13,"enemies":"3 Sentries","floor":6,"turns":4}],"seed_played":"1985253396123786305","potions_obtained":[{"floor":2.0,"key":"EntropicBrew"},{"floor":5,"key":"SneckoOil"}],"is_trial":false,"path_per_floor":["M","M","?","?","?","E"],"character_chosen":"WATCHER","items_purchased":[],"campfire_rested":0,"item_purchase_floors":[],"current_hp_per_floor":[45,39,39,39,15,2,2],"gold":202,"neow_bonus":"RANDOM_EVENT","is_daily":false,"chose_seed":false,"campfire_upgraded":0,"win_rate":0.0,"timestamp":1611309941,"path_taken":["M","M","?","?","?","E"],"items_purchased_type":[],"build_version":"2020-12-22","purchased_purges":0,"victory":false,"max_hp_per_floor":[68,68,68,62,62,62,62],"card_choices":[{"not_picked":["EmptyBody","Replay:Battleflow"],"picked":"Replay:DivineShield","floor":1.0},{"not_picked":["BattleHymn","ThirdEye"],"picked":"REME_MusicOfDeath","floor":2.0},{"not_picked":["Replay:Hum","Evaluate"],"picked":"ReachHeaven","floor":5}],"player_experience":673915,"relics_obtained":[{"floor":5,"key":"testmod-AssaultLearning"}],"event_choices":[{"damage_healed":0.0,"max_hp_gain":0.0,"max_hp_loss":0.0,"gold_gain":0.0,"event_name":"Big Fish","player_choice":"Box","floor":0.0,"gold_loss":0.0,"damage_taken":0.0,"relics_obtained":["testmod-DragonStarHat"],"cards_obtained":["Regret"]},{"damage_healed":0,"gold_gain":0,"player_choice":"Grow","damage_taken":0,"max_hp_gain":0,"max_hp_loss":0,"event_name":"Living Wall","floor":3,"gold_loss":0,"cards_upgraded":["REME_Fury"]},{"damage_healed":0,"gold_gain":0,"player_choice":"Lose Max HP","damage_taken":0,"relics_obtained":["Golden Idol"],"max_hp_gain":0,"max_hp_loss":6,"event_name":"Golden Idol","floor":4,"gold_loss":0}],"is_beta":false,"boss_relics":[],"items_purged_floors":[],"is_endless":false,"potions_floor_spawned":[2],"killed_by":"3 Sentries","ascension_level":20}}