{"host":"Qube","time":1611343690,"event":{"mods":["AchievementEnabler","BaseMod","Colored Map","Colored Powertips","Highlight Path","Minty Spire (QoL Compilation)","Permanent Neow","Quick Restart","Random Character Button","StSLib"],"gold_per_floor":[115,128,128,144,160,195,207,247,259,271,297,321,89,102,102,102,102],"floor_reached":16,"language":"ENG","playtime":556,"items_purged":["Defend_G"],"score":228,"play_id":"16034765-8eb8-4237-a1ee-d541e0c5a212","local_time":"20210122112810","is_ascension_mode":true,"campfire_choices":[{"data":"Glass Knife","floor":7.0,"key":"SMITH"},{"floor":10.0,"key":"REST"},{"floor":15.0,"key":"REST"}],"circlet_count":0,"master_deck":["AscendersBane","Strike_G","Strike_G","Strike_G","Strike_G","Strike_G","Defend_G","Defend_G","Defend_G","Defend_G","Survivor","Neutralize","Glass Knife+1","Backflip","Neutralize","Predator","Backflip","Infinite Blades","Choke","Crippling Poison","Slice","Poisoned Stab"],"relics":["Ring of the Snake","MawBank","Question Card","Torii","MealTicket"],"acts_visited":["Exordium"],"potions_floor_usage":[16],"damage_taken":[{"damage":1.0,"enemies":"Jaw Worm","floor":1.0,"turns":3.0},{"damage":0.0,"enemies":"Cultist","floor":2.0,"turns":3.0},{"damage":3.0,"enemies":"Small Slimes","floor":4.0,"turns":3.0},{"damage":4.0,"enemies":"Blue Slaver","floor":5.0,"turns":3.0},{"damage":20.0,"enemies":"3 Sentries","floor":6.0,"turns":5.0},{"damage":20.0,"enemies":"Lagavulin","floor":8.0,"turns":5.0},{"damage":3.0,"enemies":"Exordium Thugs","floor":11.0,"turns":6.0},{"damage":8.0,"enemies":"3 Louse","floor":12.0,"turns":3.0},{"damage":1.0,"enemies":"Looter","floor":14.0,"turns":3.0},{"damage":10,"enemies":"Slime Boss","floor":16,"turns":7}],"seed_played":"7799559688218761919","potions_obtained":[{"floor":1.0,"key":"Explosive Potion"},{"floor":5.0,"key":"Ancient Potion"},{"floor":12.0,"key":"Dexterity Potion"},{"floor":14.0,"key":"SpeedPotion"}],"is_trial":false,"path_per_floor":["M","M","?","M","M","E","R","E","T","R","M","M","$","M","R","B"],"character_chosen":"THE_SILENT","items_purchased":["MealTicket"],"campfire_rested":2,"item_purchase_floors":[13],"current_hp_per_floor":[58,58,58,55,51,31,31,11,11,29,26,18,18,17,35,25,25],"gold":102,"neow_bonus":"THREE_RARE_CARDS","is_daily":false,"chose_seed":false,"campfire_upgraded":1,"win_rate":0.0,"timestamp":1611343690,"path_taken":["M","M","?","M","M","E","R","E","T","R","M","M","$","M","R","BOSS"],"items_purchased_type":["Relic"],"build_version":"2020-12-18","purchased_purges":1,"victory":false,"max_hp_per_floor":[60,60,60,60,60,60,60,60,60,60,60,60,60,60,60,60,60],"card_choices":[{"not_picked":["Night Terror","Bullet Time"],"picked":"Glass Knife","floor":0.0},{"not_picked":["Finisher","Caltrops"],"picked":"Backflip","floor":1.0},{"not_picked":["Bane","Underhanded Strike","Setup"],"picked":"SKIP","floor":2.0},{"not_picked":["Masterful Stab","Deflect"],"picked":"Backflip","floor":4.0},{"not_picked":["Dodge and Roll","Heel Hook"],"picked":"Infinite Blades","floor":5.0},{"not_picked":["Outmaneuver","Terror"],"picked":"Choke","floor":6.0},{"not_picked":["Choke","Infinite Blades"],"picked":"Crippling Poison","floor":8.0},{"not_picked":["Backflip","Cloak And Dagger","Infinite Blades"],"picked":"Slice","floor":11.0},{"not_picked":["Acrobatics","Tactician","Dodge and Roll","Bouncing Flask"],"picked":"SKIP","floor":12.0},{"not_picked":["Dagger Spray","Acrobatics","Well Laid Plans"],"picked":"Poisoned Stab","floor":14.0}],"player_experience":953297,"relics_obtained":[{"floor":6.0,"key":"MawBank"},{"floor":8.0,"key":"Question Card"},{"floor":9.0,"key":"Torii"}],"event_choices":[{"damage_healed":0.0,"max_hp_gain":0.0,"max_hp_loss":0.0,"gold_gain":0.0,"event_name":"Match and Keep!","player_choice":"2 cards matched","floor":3.0,"gold_loss":0.0,"damage_taken":0.0,"cards_obtained":["Neutralize","Predator"]}],"is_beta":true,"boss_relics":[],"items_purged_floors":[13],"is_endless":false,"potions_floor_spawned":[1,5,12,14],"killed_by":"Slime Boss","ascension_level":20}}