{"host":"y087t2reloz9bi43","time":1611322880,"event":{"mods":["2.2 Compatiblity","AchievementEnabler","Aspiration","BaseMod","Beaked The Cultist","Bestiary","Better Note","Better Vampires","BetterRewards","ChefMod","Clockwork Mod","Colored Map","Colored Powertips","Conspire","Downfall","Ekko","Fireblade Mod","Friendly Minions","GifTheSpireLib","Gold Saver","Gremlin Mod","Halation","Hermit","Hubris","Infinite Spire","Jedi Mod","JesterMod","Jorbs\u0027s Wanderer Trilogy","Mad Scientist","Marisa????????","Mimic Mod","Minty Spire (QoL Compilation)","Permanent Neow","Potionbrewer","Rare Cards Sparkle","Relic Stats","Robot Space Explorer","Shade Mod","Shop Mod","StSLib","The Alterego","The Blackbeard","The Bug Knight","The Construct","The Cursed","The Disciple","The Elementalist","The Exalted","The Hierophant","The Jungle","The Marked","The Mystic","The Necromancer","The Runesmith","The Senshi","The Servant 0.9.4","TheBandit","TheFirefly","TheHero","TheVacant","Transform Curses","Uncapped","everything is the same but u backflip on backflip","thorton","vexMod"],"gold_per_floor":[943,957,524,541,541,604,628,647,688,688,731,731,764,781,799,915,915,715,730,830,843,884,927,927,570,570,570,603,619,662,662,687,809,809,709,728,744,744,744,460,460,655,655,694,441,449,469,469,495,508,508,628,319,319,319,420,420,420],"floor_reached":56,"language":"ENG","playtime":6253,"items_purged":["hexamod:Strike","hexamod:Strike","hexamod:Strike","hexamod:RadiantFlame","hexamod:Defend","hexamod:GhostOfSpireFuture","hexamod:Defend"],"score":852,"play_id":"948cac07-43e6-4f56-be4a-968ed0f175a3","local_time":"20210122134120","is_ascension_mode":false,"campfire_choices":[{"data":"hexamod:ParanormalForm","floor":1,"key":"SMITH"},{"data":"hexamod:Float","floor":18,"key":"SMITH"},{"floor":27,"key":"RECALL"},{"data":"hexamod:GhostOfSpirePresent","floor":35,"key":"SMITH"},{"data":"hexamod:EtherealExpedition","floor":43,"key":"SMITH"},{"floor":54,"key":"REST"}],"circlet_count":0,"master_deck":["hexamod:Strike","hexamod:Defend","hexamod:Defend","hexamod:Sear","hexamod:Float+1","hexamod:ParanormalForm+1","hexamod:DynamicBlow","hexamod:SuperheatedStrike+1","hexamod:Hexaguard","hexamod:SpectersWail+1","hexamod:DynamicBlow","hexamod:EmpoweredFlame","hexamod:DynamicBlow","hexamod:GhostShield","hexamod:SuperheatedStrike+1","hexamod:FastForward","hexamod:GhostLash","hexamod:NightmareGuise","hexamod:GhostOfSpirePresent+1","hexamod:SuperheatedStrike","hexamod:Again","hexamod:Haunt+1","hexamod:GhostLash","hexamod:GhostShield+1","hexamod:EtherealExpedition+1","infinitespire:Fortify","hexamod:SuperheatedStrike","expansioncontent:LastStand","hexamod:Haunt+1","hexamod:GhostLash","hexamod:UnlimitedPower"],"relics":["hexamod:SpiritBrand","conspire:GlowingRock","vexMod:ConsolationPrize","Whetstone","Bottled Flame","halation:YellowSoulGem","hubris:TenFootPole","Sozu","downfall:HeartBlessingGreen","downfall:HeartBlessingBlue","vexMod:BarristanHead","Ginger","hubris:PeanutButter","conspire:BottledYoYo","aspiration:HiddenCompartment","halation:BottledLove","vexMod:BigBerry","vexMod:DeviousBotling","downfall:HeartBlessingRed","halation:PapillonHeart","jesterMod:MirrorMask","aspiration:TomeofQuesting","aspiration:AnachronicSnailShell","vexMod:TanglingVine","vexMod:Dragonfruit","Vajra","Lantern"],"acts_visited":["Exordium","TheCity","TheBeyond","TheEnding"],"potions_floor_usage":[9,16,23,28],"damage_taken":[{"damage":0,"enemies":"2 Louse","floor":2,"turns":2},{"damage":0,"enemies":"downfall:FleeingMerchant","floor":3,"turns":4},{"damage":2,"enemies":"conspire:RoseBush","floor":4,"turns":3},{"damage":16,"enemies":"Gremlin Nob","floor":6,"turns":3},{"damage":5,"enemies":"Jaw Worm","floor":8,"turns":3},{"damage":14,"enemies":"Lagavulin","floor":9,"turns":4},{"damage":14,"enemies":"HollowMod:MossKnight","floor":11,"turns":8},{"damage":4,"enemies":"Gremlin Nob","floor":13,"turns":3},{"damage":0,"enemies":"Large Slime","floor":14,"turns":6},{"damage":0,"enemies":"3 Louse","floor":15,"turns":1},{"damage":17,"enemies":"SI_SHIV_ARCHETYPE","floor":16,"turns":6},{"damage":0,"enemies":"Chosen","floor":19,"turns":3},{"damage":0,"enemies":"Spheric Guardian","floor":21,"turns":4},{"damage":26,"enemies":"Snake Plant","floor":22,"turns":3},{"damage":11,"enemies":"Nightmare","floor":23,"turns":7},{"damage":15,"enemies":"downfall:FleeingMerchant","floor":25,"turns":4},{"damage":3,"enemies":"Slavers","floor":28,"turns":3},{"damage":0,"enemies":"Cultist and Chosen","floor":29,"turns":5},{"damage":18,"enemies":"HollowMod:Nosk","floor":30,"turns":4},{"damage":8,"enemies":"Snecko","floor":32,"turns":4},{"damage":25,"enemies":"DF_ARCHETYPE_CLAW","floor":33,"turns":9},{"damage":7,"enemies":"3 Darklings","floor":36,"turns":5},{"damage":0,"enemies":"3 Shapes","floor":37,"turns":4},{"damage":0,"enemies":"downfall:FleeingMerchant","floor":40,"turns":4},{"damage":0,"enemies":"downfall:FleeingMerchant","floor":42,"turns":3},{"damage":19,"enemies":"Spire Growth","floor":44,"turns":4},{"damage":5,"enemies":"3 Darklings","floor":46,"turns":5},{"damage":0,"enemies":"Maw","floor":47,"turns":6},{"damage":7,"enemies":"4 Shapes","floor":49,"turns":2},{"damage":7,"enemies":"WA_ARCHETYPE_DIVINITY","floor":50,"turns":7},{"damage":60,"enemies":"downfall:CharBossMerchant","floor":52,"turns":8},{"damage":0,"enemies":"downfall:NeowBoss","floor":55,"turns":1},{"damage":96,"enemies":"downfall:NeowBossFinal","floor":56,"turns":8}],"seed_played":"-1911446780270342245","potions_obtained":[{"floor":4,"key":"LiquidMemories"},{"floor":8,"key":"jedi:StrikingPotion"},{"floor":9,"key":"potionbrewer:QuicksilverPotion"},{"floor":13,"key":"BlessingOfTheForge"},{"floor":14,"key":"Regen Potion"}],"is_trial":false,"path_per_floor":["R","M","$","M","?","?","T","M","E","?","E","?","E","M","M","B",null,"R","M","?","M","M","NM","T","$","?","R","E","M","E","AVR","M","B",null,"R","M","M","?","?","$","T","$","R","M","$","M","M","AVR","M","B",null,"E","$","R","B","B"],"character_chosen":"THE_SPIRIT","items_purchased":["conspire:GlowingRock","hexamod:Hexaguard","hubris:PeanutButter","jesterMod:MirrorMask","hexamod:UnlimitedPower","Vajra","Lantern"],"campfire_rested":1,"item_purchase_floors":[3,3,25,40,45,53,53],"current_hp_per_floor":[70,70,70,68,68,52,52,47,33,33,19,19,15,15,15,13,70,80,80,80,80,54,43,43,28,28,28,25,25,7,37,29,4,110,110,103,103,103,103,103,103,103,103,84,84,79,79,79,72,65,104,49,49,81,81,0,0,0],"gold":420,"neow_bonus":"ONE_RANDOM_RARE_CARD","is_daily":false,"chose_seed":false,"campfire_upgraded":4,"win_rate":0.0,"timestamp":1611322880,"path_taken":["R","M","$","M","?","?","T","M","E","?","E","?","E","M","M","BOSS","R","M","?","M","M","NM","T","$","?","R","E","M","E","AVR","M","BOSS","R","M","M","?","?","$","T","$","R","M","?","?","M","AVR","M","BOSS","E","$","R","BOSS","BOSS"],"items_purchased_type":["Relic","Card","Relic","Relic","Card","Relic","Relic"],"build_version":"2020-12-22","purchased_purges":7,"victory":false,"max_hp_per_floor":[70,70,70,70,70,70,70,70,70,70,70,70,70,70,70,70,70,80,80,80,80,80,80,80,80,80,80,80,80,80,110,110,110,110,110,110,110,110,104,104,104,104,104,104,104,104,104,104,104,104,104,109,109,109,109,109,109,109],"relic_stats":{"Sozu":7,"counters":[33,146],"Whetstone":["hexamod:SuperheatedStrike","hexamod:SuperheatedStrike"],"Ginger":[25],"obtain_stats":[{"halation:PapillonHeart":39,"Lantern":53,"Vajra":53,"downfall:HeartBlessingGreen":18,"aspiration:TomeofQuesting":41,"Whetstone":9,"Ginger":24,"vexMod:TanglingVine":48,"jesterMod:MirrorMask":40,"Sozu":17,"conspire:GlowingRock":3,"downfall:HeartBlessingBlue":18,"aspiration:AnachronicSnailShell":48,"vexMod:DeviousBotling":34,"hexamod:SpiritBrand":0,"halation:YellowSoulGem":12,"downfall:HeartBlessingRed":35,"halation:BottledLove":31,"vexMod:ConsolationPrize":6,"aspiration:HiddenCompartment":30,"vexMod:Dragonfruit":52,"Bottled Flame":11,"vexMod:BarristanHead":23,"hubris:PeanutButter":25,"hubris:TenFootPole":13,"conspire:BottledYoYo":28,"vexMod:BigBerry":31},{"halation:PapillonHeart":23,"Lantern":31,"Vajra":31,"downfall:HeartBlessingGreen":11,"aspiration:TomeofQuesting":24,"Whetstone":6,"Ginger":15,"vexMod:TanglingVine":28,"jesterMod:MirrorMask":24,"Sozu":11,"conspire:GlowingRock":2,"downfall:HeartBlessingBlue":11,"aspiration:AnachronicSnailShell":28,"vexMod:DeviousBotling":21,"hexamod:SpiritBrand":0,"halation:YellowSoulGem":7,"downfall:HeartBlessingRed":21,"halation:BottledLove":19,"vexMod:ConsolationPrize":4,"aspiration:HiddenCompartment":19,"vexMod:Dragonfruit":31,"Bottled Flame":7,"vexMod:BarristanHead":15,"hubris:PeanutButter":16,"hubris:TenFootPole":8,"conspire:BottledYoYo":17,"vexMod:BigBerry":19},{"halation:PapillonHeart":98,"Lantern":137,"Vajra":137,"downfall:HeartBlessingGreen":43,"aspiration:TomeofQuesting":102,"Whetstone":19,"Ginger":60,"vexMod:TanglingVine":120,"jesterMod:MirrorMask":102,"Sozu":43,"conspire:GlowingRock":6,"downfall:HeartBlessingBlue":43,"aspiration:AnachronicSnailShell":120,"vexMod:DeviousBotling":89,"hexamod:SpiritBrand":0,"halation:YellowSoulGem":27,"downfall:HeartBlessingRed":89,"halation:BottledLove":76,"vexMod:ConsolationPrize":12,"aspiration:HiddenCompartment":76,"vexMod:Dragonfruit":137,"Bottled Flame":27,"vexMod:BarristanHead":60,"hubris:PeanutButter":64,"hubris:TenFootPole":30,"conspire:BottledYoYo":67,"vexMod:BigBerry":76}]},"card_choices":[{"not_picked":["hexamod:BurningTouch","hexamod:GhostOfSpirePast"],"picked":"hexamod:DynamicBlow","floor":2},{"not_picked":["hexamod:RainOfEmbers","hexamod:HeatMetal"],"picked":"hexamod:SuperheatedStrike","floor":3},{"not_picked":["hexamod:HeatShield","hexamod:FirstSeal"],"picked":"hexamod:SpectersWail","floor":4},{"not_picked":["hexamod:RadiantFlame","hexamod:AdvancingGuard"],"picked":"hexamod:GhostShield","floor":8},{"not_picked":["hexamod:HauntingEcho","hexamod:NecessarySacrifice"],"picked":"hexamod:SuperheatedStrike","floor":9},{"not_picked":["hexamod:PhantomCloak","hexamod:GhostflameBarrier"],"picked":"hexamod:FastForward","floor":11},{"not_picked":["hexamod:FlamesFromBeyond","hexamod:SpectralSpark"],"picked":"hexamod:GhostLash","floor":13},{"not_picked":["hexamod:Firestarter","hexamod:HeatMetal","hexamod:SpectralAdrenaline"],"picked":"SKIP","floor":14},{"not_picked":["hexamod:FourthSeal","hexamod:RetreatToShadows"],"picked":"hexamod:NightmareGuise","floor":15},{"not_picked":["hexamod:HexaLevel","hexamod:UnlimitedPower"],"picked":"hexamod:GhostOfSpirePresent","floor":16},{"not_picked":["hexamod:BurningTouch+1","hexamod:FastForward"],"picked":"hexamod:SuperheatedStrike","floor":19},{"not_picked":["hexamod:NightmareStrike","hexamod:FastForward"],"picked":"hexamod:Again","floor":21},{"not_picked":["hexamod:HeatShield","hexamod:AdvancingGuard"],"picked":"hexamod:Haunt+1","floor":22},{"not_picked":["hexamod:TurnItUp","hexamod:FourthSeal","hexamod:PhantomFireball"],"picked":"SKIP","floor":23},{"not_picked":["hexamod:SwordOfDarkness","hexamod:HauntingEcho+1"],"picked":"hexamod:GhostLash","floor":25},{"not_picked":["hexamod:HeatMetal","hexamod:AdvancingGuard"],"picked":"hexamod:GhostShield+1","floor":28},{"not_picked":["hexamod:InspiringFlames","hexamod:HexaLevel","hexamod:BacktrackSmack"],"picked":"SKIP","floor":29},{"not_picked":["hexamod:HauntingEcho","hexamod:HexaLevel"],"picked":"hexamod:EtherealExpedition","floor":30},{"not_picked":["hexamod:GhostShield","hexamod:SwordOfDarkness","hexamod:SuperheatedStrike"],"picked":"SKIP","floor":32},{"not_picked":["hexamod:FastForward","hexamod:Firestarter"],"picked":"hexamod:SuperheatedStrike","floor":36},{"not_picked":["hexamod:FastForward+1","hexamod:HeatCrush","hexamod:SuperheatedStrike"],"picked":"SKIP","floor":37},{"not_picked":["expansioncontent:YouAreMine","expansioncontent:AwakenDeath"],"picked":"expansioncontent:LastStand","floor":38},{"not_picked":["hexamod:HauntingEcho","hexamod:SpectralSpark"],"picked":"hexamod:Haunt+1","floor":40},{"not_picked":["hexamod:FlamesFromBeyond+1","hexamod:ThermalTransfer"],"picked":"hexamod:GhostLash","floor":42},{"not_picked":["hexamod:FourthSeal","hexamod:NightmareStrike","hexamod:CatchUp+1"],"picked":"SKIP","floor":44},{"not_picked":["hexamod:SpectersWail+1","hexamod:ChargedBarrage+1","hexamod:DynamicBlow"],"picked":"SKIP","floor":46},{"not_picked":["hexamod:GhostShield+1","hexamod:SecondSeal","hexamod:SpectralAdrenaline"],"picked":"SKIP","floor":47},{"not_picked":["hexamod:InspiringFlames","hexamod:PhantomFireball","hexamod:BacktrackSmack"],"picked":"SKIP","floor":49},{"not_picked":["hexamod:FlamesFromBeyond+1","hexamod:HeatCrush","hexamod:FirstSeal"],"picked":"SKIP","floor":52}],"player_experience":428754,"relics_obtained":[{"floor":6,"key":"vexMod:ConsolationPrize"},{"floor":9,"key":"Whetstone"},{"floor":11,"key":"Bottled Flame"},{"floor":13,"key":"hubris:TenFootPole"},{"floor":23,"key":"vexMod:BarristanHead"},{"floor":24,"key":"Ginger"},{"floor":28,"key":"conspire:BottledYoYo"},{"floor":30,"key":"aspiration:HiddenCompartment"},{"floor":41,"key":"aspiration:TomeofQuesting"},{"floor":52,"key":"vexMod:Dragonfruit"}],"event_choices":[{"damage_healed":0,"gold_gain":0,"player_choice":"Ignored","damage_taken":0,"max_hp_gain":0,"max_hp_loss":0,"event_name":"betterNote:BetterNote","floor":26,"gold_loss":0,"cards_obtained":["Bromod:QuickThinking"]}],"is_beta":false,"boss_relics":[{"not_picked":["vexMod:FluxCapacitor","jedi:hotpepper"],"picked":"Sozu"},{"not_picked":["Empty Cage","vexMod:EndlessSickness"],"picked":"vexMod:DeviousBotling"}],"items_purged_floors":[3,25,31,40,42,45,48],"is_endless":false,"potions_floor_spawned":[4,8,9,13,14,23,29,30,32,36,37,47],"killed_by":"downfall:NeowBossFinal","ascension_level":0}}