{"host":"wogey4gsknv4ot2d","time":1611298602,"event":{"mods":["2.2 Compatiblity","AchievementEnabler","Act Like it!","Alarm Clock","BaseMod","Bestiary","Better Match","Better Third Choice","Colored Map","Colored Powertips","Googly Eyes","Key Reminder","Minty Spire (QoL Compilation)","Permanent Neow","Rare Cards Sparkle","Relic Stats","Spicy Shops","StSLib"],"gold_per_floor":[110,129,129,142,153,183,196,196,196,196,215,14,25,25,25],"floor_reached":14,"language":"ENG","playtime":315,"items_purged":[],"score":103,"play_id":"07872350-60ad-4f19-a511-dfa05d23814e","local_time":"20210122005642","is_ascension_mode":true,"campfire_choices":[{"floor":8,"key":"REST"}],"circlet_count":0,"master_deck":["Strike_B","Strike_B","Strike_B","Strike_B","Defend_B","Defend_B","Defend_B","Defend_B","Zap","Dualcast","Cold Snap","Go for the Eyes","Streamline","Bouncing Flask","Redo","Blizzard","Chill","Beam Cell","Melter","Conserve Battery"],"relics":["Cracked Core","Bottled Lightning","keyreminder:keyreminder","Runic Capacitor"],"acts_visited":["Exordium"],"potions_floor_usage":[6,11,13,13,14],"damage_taken":[{"damage":0,"enemies":"2 Louse","floor":1,"turns":2},{"damage":8,"enemies":"Small Slimes","floor":2,"turns":3},{"damage":12,"enemies":"Jaw Worm","floor":4,"turns":2},{"damage":19,"enemies":"Red Slaver","floor":5,"turns":3},{"damage":8,"enemies":"Gremlin Nob","floor":6,"turns":3},{"damage":11,"enemies":"Blue Slaver","floor":7,"turns":3},{"damage":23,"enemies":"3 Louse","floor":11,"turns":3},{"damage":0,"enemies":"Exordium Thugs","floor":13,"turns":4},{"damage":20,"enemies":"3 Sentries","floor":14,"turns":4}],"seed_played":"3341646535404908506","potions_obtained":[{"floor":2,"key":"DistilledChaos"},{"floor":6,"key":"EssenceOfSteel"},{"floor":11,"key":"EssenceOfSteel"},{"floor":13,"key":"LiquidBronze"}],"is_trial":false,"path_per_floor":["M","M","?","M","M","E","M","R","T","?","M","$","M","E"],"character_chosen":"DEFECT","items_purchased":["Runic Capacitor","Fire Potion"],"campfire_rested":1,"item_purchase_floors":[12,12],"current_hp_per_floor":[75,67,65,53,34,26,15,37,37,37,14,14,14,0,0],"gold":25,"neow_bonus":"THREE_CARDS","is_daily":false,"chose_seed":false,"campfire_upgraded":0,"win_rate":0.0,"timestamp":1611298602,"path_taken":["M","M","?","M","M","E","M","R","T","?","M","$","M","E"],"items_purchased_type":["Relic","Potion"],"build_version":"2020-12-22","purchased_purges":0,"victory":false,"max_hp_per_floor":[75,75,75,75,75,75,75,75,75,75,75,75,75,75,75],"relic_stats":{"counters":[9,27],"obtain_stats":[{"keyreminder:keyreminder":9,"Runic Capacitor":12,"Bottled Lightning":6,"Cracked Core":0},{"keyreminder:keyreminder":6,"Runic Capacitor":7,"Bottled Lightning":5,"Cracked Core":0},{"keyreminder:keyreminder":16,"Runic Capacitor":19,"Bottled Lightning":13,"Cracked Core":0}]},"card_choices":[{"not_picked":["Chill","Streamline"],"picked":"Cold Snap","floor":0},{"not_picked":["Turbo","Undo"],"picked":"Go for the Eyes","floor":1},{"not_picked":["Steam","Gash"],"picked":"Streamline","floor":2},{"not_picked":["Stack","Darkness"],"picked":"Redo","floor":4},{"not_picked":["Go for the Eyes","Storm"],"picked":"Blizzard","floor":5},{"not_picked":["Buffer","Ball Lightning"],"picked":"Chill","floor":6},{"not_picked":["Tempest","Force Field"],"picked":"Beam Cell","floor":7},{"not_picked":["Hologram","Steam"],"picked":"Melter","floor":11},{"not_picked":["Coolheaded","Go for the Eyes"],"picked":"Conserve Battery","floor":13}],"player_experience":68851,"relics_obtained":[{"floor":6,"key":"Bottled Lightning"}],"event_choices":[{"damage_healed":0,"gold_gain":0,"player_choice":"Card ","damage_taken":2,"max_hp_gain":0,"max_hp_loss":0,"event_name":"betterThird:BetterScrap","floor":3,"gold_loss":0,"cards_obtained":["Bouncing Flask"]},{"damage_healed":0,"gold_gain":0,"player_choice":"Searched \u00270\u0027 times","damage_taken":0,"max_hp_gain":0,"max_hp_loss":0,"event_name":"Dead Adventurer","floor":10,"gold_loss":0}],"is_beta":false,"boss_relics":[],"items_purged_floors":[],"is_endless":false,"potions_floor_spawned":[2,6,11,13],"killed_by":"3 Sentries","ascension_level":2}}