{"host":"yqm","time":1611329896,"event":{"mods":["BaseMod","Challenge The Spire","Colored Map","Colored Powertips","DeckTracker","Good Game Mod","Minty Spire (QoL Compilation)","MostiFishMod","Quick Restart","Relic Filter","Relic Stats","Remove Card Discount Mod","StSLib","noobMod","óô»ðÖ¸ÄÏ"],"gold_per_floor":[360,88,206,321,437,437,211,2,119,242,357,357,23,23,152,271,403,550],"floor_reached":19,"language":"ZHS","playtime":862,"items_purged":["Strike_B","Strike_B","Strike_B","Strike_B","Defend_B","Defend_B","Defend_B","Defend_B","Zap","Dualcast"],"score":5305,"play_id":"e75e7e2b-fbe1-4a21-80ec-bf8af6124333","local_time":"20210122233816","daily_mods":["challengethespire:Platinum Difficulty","challengethespire:Boss Rush","Uncertain Future"],"is_ascension_mode":true,"campfire_choices":[],"circlet_count":0,"master_deck":["AscendersBane","MostiFishMod:Galeforce+1","Loop+1","Self Repair+1","Double Energy+1","Panache+1","Darkness+1","Skim+1","MostiFishMod:Prepare+1","Force Field+1","MostiFishMod:KingOfFree+1","Chaos+1","Electrodynamics+1","Defragment+1","Echo Form+1","Storm+1","Echo Form+1","Chaos+1","Force Field+1","MostiFishMod:GatherIntelligence+1"],"relics":["Cracked Core","The Courier","Molten Egg 2","Toxic Egg 2","Frozen Egg 2","REME:ComplimentaryCards","ice","DaveBox","BirthdayGift-Icosahedron","Mummified Hand","Anchor","Bag of Preparation","StrikeDummy","ShadowXiaoBlade","DataDisk","Potion Belt","Bottled Flame","DianPoetry","Fusion Hammer","CeramicFish","ImprovedEquipment","Tiny Chest","War Paint","Blood Vial","Pantograph"],"acts_visited":["Exordium"],"potions_floor_usage":[17,18,18,18],"damage_taken":[{"damage":6,"enemies":"Hexaghost","floor":3,"turns":3},{"damage":0,"enemies":"Slime Boss","floor":4,"turns":2},{"damage":0,"enemies":"The Guardian","floor":5,"turns":2},{"damage":0,"enemies":"Collector","floor":9,"turns":1},{"damage":0,"enemies":"Champ","floor":10,"turns":1},{"damage":0,"enemies":"Automaton","floor":11,"turns":1},{"damage":0,"enemies":"Donu and Deca","floor":15,"turns":1},{"damage":0,"enemies":"Time Eater","floor":16,"turns":2},{"damage":0,"enemies":"Awakened One","floor":17,"turns":3},{"damage":0,"enemies":"The Heart","floor":18,"turns":3}],"seed_played":"-4618132976352974245","potions_obtained":[{"floor":5,"key":"SteroidPotion"},{"floor":15,"key":"GamblersBrew"},{"floor":16,"key":"LiquidBronze"},{"floor":17,"key":"Fruit Juice"}],"is_trial":true,"path_per_floor":["$","$","M","M","M","T","$","$","M","M","M","T","$","$","M","M","M","M",null],"character_chosen":"DEFECT","items_purchased":["Loop+1","Self Repair+1","Double Energy+1","Panache+1","Mummified Hand","Darkness+1","MostiFishMod:KingOfFree+1","Chaos+1","DataDisk","Electrodynamics+1","CeramicFish","ImprovedEquipment"],"campfire_rested":0,"item_purchase_floors":[1,1,1,1,2,2,7,7,8,8,13,13],"current_hp_per_floor":[64,64,69,71,71,71,71,71,71,71,71,71,71,71,71,71,76,76],"gold":550,"neow_bonus":"","is_daily":false,"chose_seed":false,"campfire_upgraded":0,"win_rate":0.0,"timestamp":1611329896,"path_taken":["$","$","M","M","M","T","$","$","M","M","M","T","$","$","M","M","M","M"],"items_purchased_type":["Card","Card","Card","Card","Relic","Card","Card","Card","Relic","Card","Relic","Relic"],"build_version":"2020-12-18","purchased_purges":10,"victory":true,"max_hp_per_floor":[71,71,71,71,71,71,71,71,71,71,71,71,71,71,71,71,76,76],"relic_stats":{"Blood Vial":0,"counters":[10,19],"Mummified Hand":[130],"CeramicFish":36,"Pantograph":0,"Tiny Chest":0,"Bag of Preparation":[16],"War Paint":[],"obtain_stats":[{"DaveBox":0,"DianPoetry":11,"CeramicFish":13,"ice":0,"BirthdayGift-Icosahedron":0,"Bag of Preparation":4,"Blood Vial":17,"Mummified Hand":2,"Pantograph":18,"Tiny Chest":15,"Fusion Hammer":12,"Toxic Egg 2":0,"Cracked Core":0,"Potion Belt":9,"ImprovedEquipment":13,"ShadowXiaoBlade":6,"The Courier":0,"Frozen Egg 2":0,"War Paint":16,"REME:ComplimentaryCards":0,"Anchor":3,"DataDisk":8,"Bottled Flame":10,"Molten Egg 2":0,"StrikeDummy":5},{"DaveBox":0,"DianPoetry":6,"CeramicFish":6,"ice":0,"BirthdayGift-Icosahedron":0,"Bag of Preparation":2,"Blood Vial":9,"Mummified Hand":0,"Pantograph":10,"Tiny Chest":7,"Fusion Hammer":6,"Toxic Egg 2":0,"Cracked Core":0,"Potion Belt":4,"ImprovedEquipment":6,"ShadowXiaoBlade":3,"The Courier":0,"Frozen Egg 2":0,"War Paint":8,"REME:ComplimentaryCards":0,"Anchor":1,"DataDisk":3,"Bottled Flame":5,"Molten Egg 2":0,"StrikeDummy":3},{"DaveBox":0,"DianPoetry":10,"CeramicFish":10,"ice":0,"BirthdayGift-Icosahedron":0,"Bag of Preparation":5,"Blood Vial":16,"Mummified Hand":0,"Pantograph":19,"Tiny Chest":11,"Fusion Hammer":10,"Toxic Egg 2":0,"Cracked Core":0,"Potion Belt":8,"ImprovedEquipment":10,"ShadowXiaoBlade":7,"The Courier":0,"Frozen Egg 2":0,"War Paint":13,"REME:ComplimentaryCards":0,"Anchor":3,"DataDisk":7,"Bottled Flame":9,"Molten Egg 2":0,"StrikeDummy":7}]},"card_choices":[],"player_experience":825998,"relics_obtained":[{"floor":3,"key":"Anchor"},{"floor":4,"key":"Bag of Preparation"},{"floor":5,"key":"StrikeDummy"},{"floor":9,"key":"Potion Belt"},{"floor":10,"key":"Bottled Flame"},{"floor":11,"key":"DianPoetry"},{"floor":15,"key":"Tiny Chest"},{"floor":16,"key":"War Paint"},{"floor":17,"key":"Blood Vial"},{"floor":18,"key":"Pantograph"}],"event_choices":[],"is_beta":true,"boss_relics":[{"not_picked":["Runic Dome","GreenFoldingFan"],"picked":"ShadowXiaoBlade"},{"not_picked":["RhineCircuit","BloodWine"],"picked":"Fusion Hammer"}],"items_purged_floors":[1,1,1,1,1,1,1,1,1,1],"is_endless":false,"potions_floor_spawned":[5,15,16,17],"ascension_level":20}}