{"host":"o6rpelx2jpc8yies","time":1611280733,"event":{"mods":["BaseMod","Downfall","Minty Spire (QoL Compilation)","StSLib"],"gold_per_floor":[99,112,131,34,34,34,115,134,150,180,199,228,246,275,295,398,398,198,217,217,237,36,53,53,53,38,38,63,74,74,90,107,202,202,102,121,68,86,102,114,114,100,100,112,162,177,228,259,272,272,272,272,272,272],"floor_reached":52,"language":"ENG","playtime":8850,"items_purged":["champ:Defend"],"score":868,"play_id":"c2cce0ed-10f4-4da5-a189-d6be7fd647cd","local_time":"20210121185853","is_ascension_mode":true,"campfire_choices":[{"floor":1.0,"key":"RECALL"},{"data":"champ:SetATrap","floor":6.0,"key":"SMITH"},{"data":"champ:GladiatorForm","floor":18.0,"key":"SMITH"},{"floor":30.0,"key":"REST"},{"data":"champ:DancingMaster","floor":35.0,"key":"SMITH"},{"data":"champ:GladiatorForm","floor":43,"key":"SMITH"}],"circlet_count":0,"master_deck":["champ:Strike","champ:Strike","champ:Strike","champ:Strike","champ:Defend","champ:Defend","champ:Defend","champ:Execute","champ:Taunt+1","champ:SetATrap+1","champ:BringItOn","champ:StanceDance+1","champ:BerserkerStyle","champ:AdrenalArmor","champ:LastStand","champ:GutPunch","champ:CheapShot","champ:Backstep+1","champ:FlashCut","champ:FalseCounter+1","champ:HoldFirm+1","champ:GladiatorForm+1","champ:FancyFootwork+1","champ:CalledShot+1","champ:GladiatorForm+1","champ:FocusedBerserking+1","champ:ShieldSigil+1","champ:Endure+1","champ:Circumvent+1","champ:VampiricStrike","champ:StanceDance+1","champ:DefensiveShout+1","champ:DancingMaster+1","champ:EnragedBash","champ:ShieldWall","champ:PreciseThrust","champ:ArenaPreparation+1","champ:IronFortress+1","champ:ShieldSlam+1","champ:Shatter","champ:Encircle"],"relics":["champ:ChampionCrown","Pantograph","Bag of Preparation","Toxic Egg 2","Anchor","sneckomod:SneckoTalon","downfall:HeartBlessingRed","downfall:HeartBlessingGreen","Blood Vial","MutagenicStrength","MealTicket","SacredBark","downfall:HeartBlessingBlue","Bottled Tornado","War Paint","OrangePellets","Incense Burner","Bird Faced Urn","White Beast Statue"],"acts_visited":["Exordium","TheCity","TheBeyond","TheEnding"],"potions_floor_usage":[40,48,50,52],"damage_taken":[{"damage":10.0,"enemies":"Cultist","floor":2.0,"turns":4.0},{"damage":11.0,"enemies":"Jaw Worm","floor":3.0,"turns":4.0},{"damage":0.0,"enemies":"downfall:FleeingMerchant","floor":4.0,"turns":4.0},{"damage":10.0,"enemies":"Small Slimes","floor":8.0,"turns":3.0},{"damage":17.0,"enemies":"2 Fungi Beasts","floor":9.0,"turns":3.0},{"damage":85.0,"enemies":"Lagavulin","floor":10.0,"turns":8.0},{"damage":22.0,"enemies":"Exordium Wildlife","floor":11.0,"turns":4.0},{"damage":38.0,"enemies":"3 Sentries","floor":12.0,"turns":7.0},{"damage":10.0,"enemies":"3 Louse","floor":13.0,"turns":3.0},{"damage":19.0,"enemies":"Lagavulin","floor":14.0,"turns":9.0},{"damage":5.0,"enemies":"Red Slaver","floor":15.0,"turns":4.0},{"damage":25.0,"enemies":"IC_STATUS_ARCHETYPE","floor":16.0,"turns":8.0},{"damage":20.0,"enemies":"Chosen","floor":19.0,"turns":4.0},{"damage":41.0,"enemies":"Centurion and Healer","floor":21.0,"turns":7.0},{"damage":30.0,"enemies":"downfall:FleeingMerchant","floor":22.0,"turns":5.0},{"damage":28.0,"enemies":"Snake Plant","floor":23.0,"turns":3.0},{"damage":31.0,"enemies":"downfall:FleeingMerchant","floor":26.0,"turns":5.0},{"damage":57.0,"enemies":"Book of Stabbing","floor":28.0,"turns":4.0},{"damage":40.0,"enemies":"Cultist and Chosen","floor":29.0,"turns":7.0},{"damage":60.0,"enemies":"Sentry and Sphere","floor":31.0,"turns":6.0},{"damage":29.0,"enemies":"Snake Plant","floor":32.0,"turns":3.0},{"damage":78.0,"enemies":"DF_ARCHETYPE_CLAW","floor":33.0,"turns":10.0},{"damage":61.0,"enemies":"3 Darklings","floor":36.0,"turns":7.0},{"damage":63,"enemies":"downfall:FleeingMerchant","floor":37,"turns":5},{"damage":17,"enemies":"Orb Walker","floor":38,"turns":4},{"damage":72,"enemies":"Maw","floor":39,"turns":9},{"damage":72,"enemies":"Writhing Mass","floor":40,"turns":5},{"damage":25,"enemies":"downfall:FleeingMerchant","floor":42,"turns":5},{"damage":47,"enemies":"4 Shapes","floor":44,"turns":6},{"damage":100,"enemies":"4 Shapes","floor":45,"turns":6},{"damage":103,"enemies":"Sphere and 2 Shapes","floor":46,"turns":5},{"damage":52,"enemies":"2 Orb Walkers","floor":47,"turns":5},{"damage":45,"enemies":"Nemesis","floor":48,"turns":6},{"damage":2,"enemies":"Spire Growth","floor":49,"turns":4},{"damage":87,"enemies":"SI_POISON_ARCHETYPE","floor":50,"turns":12},{"damage":170,"enemies":"downfall:CharBossMerchant","floor":52,"turns":9}],"seed_played":"-8504935377641799960","potions_obtained":[{"floor":0.0,"key":"champ:CounterPotion"},{"floor":0.0,"key":"AttackPotion"},{"floor":0.0,"key":"bronze:BurnAndBuffPotion"},{"floor":8.0,"key":"Regen Potion"},{"floor":12.0,"key":"DistilledChaos"},{"floor":16.0,"key":"champ:CounterPotion"},{"floor":28.0,"key":"champ:TechniquePotion"},{"floor":31.0,"key":"champ:TechniquePotion"},{"floor":33.0,"key":"EssenceOfSteel"},{"floor":36,"key":"Energy Potion"},{"floor":44,"key":"Energy Potion"},{"floor":48,"key":"Block Potion"}],"is_trial":false,"path_per_floor":["R","M","M","$","?","R","T","M","M","E","M","E","M","E","M","B",null,"R","M","?","M","$","M","T","?","$","?","E","M","R","M","M","B",null,"R","M","$","M","M","M","T","$","R","M","?","M","?","E","M","B",null,"E"],"character_chosen":"THE_CHAMP","items_purchased":["champ:BerserkerStyle","champ:FocusedBerserking+1","Blood Vial","champ:ShieldWall","War Paint","OrangePellets"],"campfire_rested":1,"item_purchase_floors":[4,22,22,37,42,42],"current_hp_per_floor":[90,90,89,89,89,89,89,89,82,64,59,51,51,32,32,49,90,90,80,80,80,80,82,82,82,81,63,50,37,65,51,53,26,95,105,99,101,101,68,68,68,85,85,87,105,84,74,94,105,40,105,0,0,0],"gold":272,"neow_bonus":"THREE_SMALL_POTIONS","is_daily":false,"chose_seed":false,"campfire_upgraded":4,"win_rate":0.0,"timestamp":1611280733,"path_taken":["R","M","?","$","?","R","T","M","M","E","M","E","M","E","M","BOSS","R","M","?","M","$","M","T","?","$","?","E","M","R","M","M","BOSS","R","M","$","M","M","M","T","$","R","M","?","M","?","E","M","BOSS","E"],"items_purchased_type":["Card","Card","Relic","Card","Relic","Relic"],"build_version":"2020-12-22","purchased_purges":1,"victory":false,"max_hp_per_floor":[90,90,90,90,90,90,90,90,90,90,90,90,90,90,90,90,90,90,90,90,90,90,90,90,90,90,95,95,95,95,95,95,95,95,105,105,105,105,105,105,105,105,105,105,105,105,105,105,105,105,105,105,105,105],"card_choices":[{"not_picked":["champ:SwordSigil","champ:Haymaker"],"picked":"champ:SetATrap","floor":2.0},{"not_picked":["champ:CrownThrow","champ:ShieldSlam"],"picked":"champ:BringItOn","floor":3.0},{"not_picked":["champ:Circumvent","champ:BringItOn"],"picked":"champ:StanceDance","floor":4.0},{"not_picked":["champ:Parry","champ:CalledShot"],"picked":"champ:AdrenalArmor","floor":8.0},{"not_picked":["champ:DefensiveStyle","champ:TornadoPunch"],"picked":"champ:LastStand","floor":9.0},{"not_picked":["champ:ShieldSigil","champ:DefensiveShout"],"picked":"champ:GutPunch","floor":10.0},{"not_picked":["champ:GutPunch","champ:PerfectedStrike"],"picked":"champ:CheapShot","floor":11.0},{"not_picked":["champ:CrookedStrike","champ:Circumvent+1"],"picked":"champ:Backstep+1","floor":12.0},{"not_picked":["champ:RapidStrikes","champ:PerfectedStrike"],"picked":"champ:FlashCut","floor":13.0},{"not_picked":["champ:CrownThrow","champ:EnGarde+1"],"picked":"champ:FalseCounter+1","floor":14.0},{"not_picked":["champ:FocusedDefense+1","champ:Backstep+1"],"picked":"champ:HoldFirm+1","floor":15.0},{"not_picked":["champ:HeavySlash","champ:ShieldThrow"],"picked":"champ:GladiatorForm","floor":16.0},{"not_picked":["champ:Endure+1","champ:EnGarde+1"],"picked":"champ:FancyFootwork+1","floor":19.0},{"not_picked":["champ:FanOfKnives+1","champ:EndlessRage"],"picked":"champ:CalledShot+1","floor":21.0},{"not_picked":["champ:PreciseThrust","champ:ArenaPreparation+1"],"picked":"champ:GladiatorForm","floor":22.0},{"not_picked":["champ:DeathBlow+1","champ:FlashCut"],"picked":"champ:ShieldSigil+1","floor":23.0},{"not_picked":["champ:BladeFlurry","champ:BerserkersShout+1"],"picked":"champ:Endure+1","floor":26.0},{"not_picked":["champ:Parry+1","champ:Shatter"],"picked":"champ:Circumvent+1","floor":28.0},{"not_picked":["champ:RapidStrikes","champ:GutPunch+1"],"picked":"champ:VampiricStrike","floor":29.0},{"not_picked":["champ:Backstep+1","champ:ShieldSigil+1"],"picked":"champ:StanceDance+1","floor":31.0},{"not_picked":["champ:RapidStrikes","champ:DefensiveStyle"],"picked":"champ:DefensiveShout+1","floor":32.0},{"not_picked":["champ:LastStand","champ:HeavySlash"],"picked":"champ:DancingMaster","floor":33.0},{"not_picked":["champ:FocusedBerserking+1","champ:BringItOn+1","champ:DefensiveStyle"],"picked":"SKIP","floor":36},{"not_picked":["champ:FaceSlap+1","champ:ArenaPreparation+1"],"picked":"champ:EnragedBash","floor":37},{"not_picked":["champ:Shatter+1","champ:BerserkerStyle+1"],"picked":"champ:PreciseThrust","floor":38},{"not_picked":["champ:AdrenalArmor+1","champ:TornadoPunch"],"picked":"champ:ArenaPreparation+1","floor":39},{"not_picked":["champ:TornadoPunch+1","champ:FocusedDefense+1","champ:RapidStrikes+1"],"picked":"SKIP","floor":40},{"not_picked":["champ:CrownThrow","champ:Backstep+1","champ:Devastate"],"picked":"SKIP","floor":42},{"not_picked":["champ:FocusedBerserking+1","champ:FlashCut"],"picked":"champ:IronFortress+1","floor":44},{"not_picked":["champ:BringItOn+1","champ:Endure+1"],"picked":"champ:ShieldSlam+1","floor":45},{"not_picked":["champ:CrownThrow","champ:BladeFlurry+1"],"picked":"champ:Shatter","floor":46},{"not_picked":["champ:IronFortress+1","champ:FocusedDefense+1"],"picked":"champ:Encircle","floor":47},{"not_picked":["champ:Lariat+1","champ:PreciseThrust","champ:EnGarde+1"],"picked":"SKIP","floor":48},{"not_picked":["champ:DefensiveShout+1","champ:Encircle","champ:Haymaker"],"picked":"SKIP","floor":49}],"player_experience":1801963,"relics_obtained":[{"floor":7.0,"key":"Pantograph"},{"floor":10.0,"key":"Bag of Preparation"},{"floor":12.0,"key":"Toxic Egg 2"},{"floor":14.0,"key":"Anchor"},{"floor":28.0,"key":"MealTicket"},{"floor":41,"key":"Bottled Tornado"},{"floor":45,"key":"Incense Burner"},{"floor":47,"key":"Bird Faced Urn"},{"floor":48,"key":"White Beast Statue"}],"event_choices":[{"damage_healed":0.0,"max_hp_gain":0.0,"max_hp_loss":0.0,"gold_gain":0.0,"event_name":"Drug Dealer","player_choice":"Inject Mutagens","floor":25.0,"gold_loss":0.0,"damage_taken":0.0,"relics_obtained":["MutagenicStrength"]},{"damage_healed":0,"gold_gain":0,"player_choice":"Fight","damage_taken":0,"max_hp_gain":0,"max_hp_loss":0,"event_name":"Mysterious Sphere","floor":47,"gold_loss":0}],"is_beta":false,"boss_relics":[{"not_picked":["Runic Dome","Velvet Choker"],"picked":"sneckomod:SneckoTalon"},{"not_picked":["Black Star","bronze:MakeshiftBattery"],"picked":"SacredBark"}],"items_purged_floors":[42],"is_endless":false,"potions_floor_spawned":[2,8,12,13,15,16,23,28,31,33,36,44,45,47,48,49],"killed_by":"downfall:CharBossMerchant","ascension_level":1}}