{"host":"l84l8xigz5v5foa2","time":1610531741,"event":{"mods":["2.2 Compatiblity","AchievementEnabler","BaseMod","Better Note","Better Vampires","Card Filter","Colored Map","DeckTracker","Downfall","Gremlin Skip","Highlight Path","Keyboard Shortcuts","Minty Spire (QoL Compilation)","Permanent Neow","Quick Restart","Relic Filter","Relic Stats","StSLib","SuperFastMode","Transform Curses","Unknown Chances"],"gold_per_floor":[349,170,183,183,199,210,210,210,227,227,261,274,199,299,315,391,391,391,408,427,577,627,627,627,653,703,92,154,214,214,222,232,305,305,305,375,395,406,423,449,473,493,543,569,639,649,681,531,542,542,542,569,155,155,155],"floor_reached":56,"language":"ENG","playtime":5096,"items_purged":["Guardian:Strike_Guardian","Guardian:Strike_Guardian","Guardian:Defend_Guardian","Guardian:Defend_Guardian"],"score":3001,"play_id":"05aafaa6-11d6-4380-907a-45b4456202e7","local_time":"20210113185541","is_ascension_mode":true,"campfire_choices":[{"data":"Guardian:CurlUp","floor":1.0,"key":"SMITH"},{"data":"Guardian:PiercingHide","floor":8.0,"key":"SMITH"},{"floor":10.0,"key":"RECALL"},{"data":"Guardian:Preprogram","floor":13.0,"key":"SMITH"},{"data":"Guardian:StasisEngine","floor":18.0,"key":"SMITH"},{"data":"Guardian:MultiBeam","floor":23.0,"key":"SMITH"},{"data":"Guardian:SentryBeam","floor":30.0,"key":"SMITH"},{"data":"Guardian:Suspension","floor":35.0,"key":"SMITH"},{"data":"Guardian:StasisEngine","floor":48.0,"key":"SMITH"},{"data":"Guardian:TimeCapacitor","floor":54.0,"key":"SMITH"}],"circlet_count":0,"master_deck":["AscendersBane","Guardian:Defend_Guardian","Guardian:CurlUp+1","Guardian:TwinSlam","Guardian:PiercingHide+1","Guardian:SentryBeam+1","Guardian:PrimingBeam","Guardian:StasisEngine+1","Guardian:ShieldCharger","Guardian:Preprogram+1","Guardian:PrismaticBeam","Guardian:MultiBeam+1","Guardian:GemFinder","Guardian:SentryBeam","Guardian:PrismaticBarrier+1","Guardian:Incinerate","Guardian:FuturePlans","Guardian:RollAttack","Guardian:Suspension+1","Guardian:StasisEngine+1","Guardian:TemporalShield+1","Guardian:Suspension+1","Guardian:PolyBeam+1","Guardian:TimeCapacitor+1","Guardian:Clone","Guardian:AncientConstruct","Guardian:TimeCapacitor"],"relics":["Guardian:ModeShifter","Guardian:SackOfGems","Bag of Preparation","downfall:HeartBlessingRed","downfall:CloakOfManyFaces","CultistMask","FaceOfCleric","NlothsMask","GremlinMask","SsserpentHead","sneckomod:SneckoTalon","Unceasing Top","Bottled Tornado","Omamori","Chemical X","Gambling Chip","Guardian:BottledAnomaly","Philosopher\u0027s Stone","Torii","Bottled Lightning","Prayer Wheel","downfall:HeartBlessingGreen","downfall:HeartBlessingBlue","Lizard Tail","ClockworkSouvenir"],"acts_visited":["TheCity","TheBeyond","TheEnding"],"potions_floor_usage":[55,55],"damage_taken":[{"damage":0.0,"enemies":"downfall:FleeingMerchant","floor":2.0,"turns":4.0},{"damage":0.0,"enemies":"Cultist","floor":3.0,"turns":3.0},{"damage":0.0,"enemies":"Small Slimes","floor":5.0,"turns":3.0},{"damage":0.0,"enemies":"Jaw Worm","floor":6.0,"turns":3.0},{"damage":1.0,"enemies":"Red Slaver","floor":9.0,"turns":3.0},{"damage":0.0,"enemies":"Lagavulin","floor":11.0,"turns":7.0},{"damage":0.0,"enemies":"Large Slime","floor":12.0,"turns":4.0},{"damage":0.0,"enemies":"downfall:FaceTrader","floor":14.0,"turns":4.0},{"damage":0.0,"enemies":"2 Fungi Beasts","floor":15.0,"turns":3.0},{"damage":0.0,"enemies":"downfall:Silent","floor":16.0,"turns":5.0},{"damage":0.0,"enemies":"Spheric Guardian","floor":19.0,"turns":3.0},{"damage":13.0,"enemies":"Shell Parasite","floor":20.0,"turns":3.0},{"damage":0.0,"enemies":"downfall:Ironclad","floor":21.0,"turns":4.0},{"damage":4.0,"enemies":"downfall:Ironclad","floor":22.0,"turns":6.0},{"damage":0.0,"enemies":"Book of Stabbing","floor":25.0,"turns":4.0},{"damage":0.0,"enemies":"downfall:FleeingMerchant","floor":27.0,"turns":4.0},{"damage":9.0,"enemies":"Cultist and Chosen","floor":28.0,"turns":4.0},{"damage":0.0,"enemies":"Snecko","floor":29.0,"turns":3.0},{"damage":0.0,"enemies":"downfall:FleeingMerchant","floor":31.0,"turns":2.0},{"damage":0.0,"enemies":"Chosen and Byrds","floor":32.0,"turns":3.0},{"damage":0.0,"enemies":"downfall:Defect","floor":33.0,"turns":5.0},{"damage":0.0,"enemies":"Orb Walker","floor":36.0,"turns":3.0},{"damage":0.0,"enemies":"3 Shapes","floor":37.0,"turns":2.0},{"damage":0.0,"enemies":"Writhing Mass","floor":38.0,"turns":2.0},{"damage":0.0,"enemies":"Transient","floor":39.0,"turns":2.0},{"damage":0.0,"enemies":"Nemesis","floor":40.0,"turns":3.0},{"damage":0.0,"enemies":"Maw","floor":42.0,"turns":2.0},{"damage":0.0,"enemies":"Reptomancer","floor":44.0,"turns":2.0},{"damage":0.0,"enemies":"Jaw Worm Horde","floor":45.0,"turns":1.0},{"damage":0.0,"enemies":"3 Darklings","floor":46.0,"turns":2.0},{"damage":0.0,"enemies":"Nemesis","floor":47.0,"turns":3.0},{"damage":0.0,"enemies":"Maw","floor":49.0,"turns":1.0},{"damage":0.0,"enemies":"downfall:Ironclad","floor":50.0,"turns":2.0},{"damage":0.0,"enemies":"downfall:CharBossMerchant","floor":52.0,"turns":2.0},{"damage":0,"enemies":"downfall:NeowBoss","floor":55,"turns":8}],"seed_played":"8360107645423974833","potions_obtained":[{"floor":3.0,"key":"Slimebound:ThreeZeroPotion"},{"floor":9.0,"key":"Guardian:DefensiveModePotion"},{"floor":12.0,"key":"GamblersBrew"},{"floor":25.0,"key":"Fruit Juice"},{"floor":28.0,"key":"AttackPotion"},{"floor":29.0,"key":"EssenceOfSteel"},{"floor":32.0,"key":"Fruit Juice"},{"floor":33.0,"key":"Guardian:AcceleratePotion"},{"floor":38.0,"key":"SpeedPotion"},{"floor":40.0,"key":"CultistPotion"},{"floor":47.0,"key":"Fruit Juice"}],"is_trial":false,"path_per_floor":["R","$","M","?","M","M","T","R","M","R","E","M","R","?","M","B",null,"R","M","M","?","?","R","T","E","?","$","M","M","R","$","M","B",null,"R","M","M","M","M","E","T","M","?","E","M","M","E","R","M","B",null,"E","$","R","B",null],"character_chosen":"GUARDIAN","items_purchased":["Guardian:SentryBeam","Chemical X","Gambling Chip","Guardian:RollAttack","Guardian:BottledAnomaly","SteroidPotion","ClockworkSouvenir","Guardian:TimeCapacitor"],"campfire_rested":0,"item_purchase_floors":[2,27,27,31,31,53,53,53],"current_hp_per_floor":[65,65,65,65,65,65,65,65,64,64,64,64,64,64,65,66,67,67,68,56,57,54,54,54,60,60,61,53,54,54,55,61,62,82,82,83,84,85,86,87,87,88,88,89,90,91,97,107,108,109,114,115,115,115,116],"gold":155,"neow_bonus":"TWO_FIFTY_GOLD","is_daily":false,"chose_seed":false,"campfire_upgraded":9,"win_rate":0.0,"timestamp":1610531741,"path_taken":["R","$","?","?","M","M","T","R","M","R","E","M","R","?","M","BOSS","R","M","M","?","?","R","T","E","?","$","?","?","R","$","M","BOSS","R","?","M","M","M","E","T","M","?","E","?","M","E","R","M","BOSS","E","$","R","BOSS"],"items_purchased_type":["Card","Relic","Relic","Card","Relic","Potion","Relic","Card"],"build_version":"2020-12-22","purchased_purges":4,"victory":true,"max_hp_per_floor":[65,65,65,65,65,65,65,65,65,65,65,65,65,65,66,67,67,67,68,69,70,71,71,71,77,77,78,79,80,80,81,87,88,88,88,89,90,91,92,93,93,94,94,95,96,97,103,113,114,115,115,116,116,116,117],"relic_stats":{"SsserpentHead":400,"Lizard Tail":0,"FaceOfCleric":27,"Torii":0,"counters":[35,115],"Gambling Chip":[26],"Prayer Wheel":1,"Bag of Preparation":[58],"Chemical X":[23],"obtain_stats":[{"Torii":40,"Guardian:SackOfGems":7,"GremlinMask":14,"downfall:HeartBlessingGreen":48,"Bag of Preparation":11,"Bottled Tornado":21,"ClockworkSouvenir":53,"SsserpentHead":14,"Lizard Tail":52,"FaceOfCleric":14,"downfall:HeartBlessingBlue":48,"Gambling Chip":27,"Philosopher\u0027s Stone":34,"Prayer Wheel":47,"downfall:CloakOfManyFaces":14,"Chemical X":27,"Guardian:BottledAnomaly":31,"downfall:HeartBlessingRed":13,"Guardian:ModeShifter":0,"Omamori":25,"sneckomod:SneckoTalon":17,"CultistMask":14,"Bottled Lightning":44,"Unceasing Top":21,"NlothsMask":14},{"Torii":26,"Guardian:SackOfGems":4,"GremlinMask":8,"downfall:HeartBlessingGreen":31,"Bag of Preparation":6,"Bottled Tornado":13,"ClockworkSouvenir":34,"SsserpentHead":8,"Lizard Tail":34,"FaceOfCleric":8,"downfall:HeartBlessingBlue":31,"Gambling Chip":16,"Philosopher\u0027s Stone":21,"Prayer Wheel":31,"downfall:CloakOfManyFaces":8,"Chemical X":16,"Guardian:BottledAnomaly":19,"downfall:HeartBlessingRed":7,"Guardian:ModeShifter":0,"Omamori":15,"sneckomod:SneckoTalon":10,"CultistMask":8,"Bottled Lightning":28,"Unceasing Top":13,"NlothsMask":8},{"Torii":92,"Guardian:SackOfGems":13,"GremlinMask":31,"downfall:HeartBlessingGreen":102,"Bag of Preparation":23,"Bottled Tornado":49,"ClockworkSouvenir":107,"SsserpentHead":31,"Lizard Tail":107,"FaceOfCleric":31,"downfall:HeartBlessingBlue":102,"Gambling Chip":63,"Philosopher\u0027s Stone":80,"Prayer Wheel":102,"downfall:CloakOfManyFaces":31,"Chemical X":63,"Guardian:BottledAnomaly":72,"downfall:HeartBlessingRed":27,"Guardian:ModeShifter":0,"Omamori":59,"sneckomod:SneckoTalon":39,"CultistMask":31,"Bottled Lightning":96,"Unceasing Top":49,"NlothsMask":31}],"Unceasing Top":[4]},"card_choices":[{"not_picked":["Guardian:CrystalBeam","Guardian:TemporalStrike"],"picked":"Guardian:PiercingHide","floor":2.0},{"not_picked":["Guardian:CrystalBeam","Guardian:ChargeCore"],"picked":"Guardian:Gem_Cyan","floor":3.0},{"not_picked":["Guardian:FuturePlans","Guardian:VentSteam"],"picked":"Guardian:PrimingBeam","floor":5.0},{"not_picked":["Guardian:CrystalBeam","Guardian:MultiBeam"],"picked":"Guardian:StasisEngine","floor":6.0},{"not_picked":["Guardian:Orbwalk","Guardian:Harden"],"picked":"Guardian:ShieldCharger","floor":9.0},{"not_picked":["Guardian:Gem_Cyan","Guardian:TemporalShield"],"picked":"Guardian:Preprogram","floor":11.0},{"not_picked":["Guardian:RevengeProtocol","Guardian:Harden"],"picked":"Guardian:PrismaticBeam","floor":12.0},{"not_picked":["Guardian:GuardianWhirl","Guardian:ArmoredProtocol"],"picked":"Guardian:Gem_Green","floor":14.0},{"not_picked":["Guardian:Gem_Cyan","Guardian:Gem_Green"],"picked":"Guardian:MultiBeam","floor":15.0},{"not_picked":["Guardian:TimeSifter","Guardian:AncientConstruct"],"picked":"Guardian:GemFinder","floor":16.0},{"not_picked":["Guardian:Preprogram","Guardian:PiercingHide"],"picked":"Guardian:SentryBeam","floor":19.0},{"not_picked":["Guardian:Gem_Lightblue","Guardian:Gem_Green"],"picked":"Guardian:Gem_Cyan","floor":19.0},{"not_picked":["Guardian:Clone","Guardian:RefractedBeam"],"picked":"Guardian:PrismaticBarrier+1","floor":20.0},{"not_picked":["Guardian:Planning","Guardian:FloatingOrbs"],"picked":"Guardian:Incinerate","floor":25.0},{"not_picked":["Guardian:Planning","Guardian:MultiBeam"],"picked":"Guardian:Gem_White","floor":27.0},{"not_picked":["Guardian:WalkerClaw+1","Guardian:PiercingHide"],"picked":"Guardian:FuturePlans","floor":28.0},{"not_picked":["Guardian:Gem_Lightblue","Guardian:Gem_Green"],"picked":"Guardian:Gem_Cyan","floor":28.0},{"not_picked":["Guardian:Gem_Red","Guardian:Gem_Green"],"picked":"Guardian:Gem_Cyan","floor":29.0},{"not_picked":["Guardian:ShieldSpikes","Guardian:Gem_Red"],"picked":"Guardian:Gem_Yellow","floor":29.0},{"not_picked":["Guardian:ShieldCharger","Guardian:Gem_Green","Guardian:ChargeCore"],"picked":"SKIP","floor":31.0},{"not_picked":["Guardian:BronzeOrb","Guardian:Gem_Green"],"picked":"Guardian:Suspension","floor":32.0},{"not_picked":["Guardian:Gem_Red","Guardian:Gem_Lightblue"],"picked":"Guardian:Gem_Cyan","floor":32.0},{"not_picked":["Guardian:StasisStrike","Guardian:ConstructionForm"],"picked":"Guardian:StasisEngine","floor":33.0},{"not_picked":["Guardian:Gem_Red","Guardian:Gem_Lightblue"],"picked":"Guardian:Gem_Cyan","floor":33.0},{"not_picked":["Guardian:WalkerClaw+1","Guardian:Harden"],"picked":"Guardian:TemporalShield+1","floor":36.0},{"not_picked":["Guardian:Gem_Crimson","Guardian:Gem_Red"],"picked":"Guardian:Suspension+1","floor":37.0},{"not_picked":["Guardian:Gem_Purple","Guardian:Gem_Red","Guardian:PrismaticBeam"],"picked":"SKIP","floor":38.0},{"not_picked":["Guardian:PiercingHide+1","Guardian:PrimingBeam","Guardian:ChargeCore"],"picked":"SKIP","floor":39.0},{"not_picked":["Guardian:ChargeUp","Guardian:PiercingHide","Guardian:Gem_Blue"],"picked":"SKIP","floor":40.0},{"not_picked":["Guardian:EvasiveProtocol","Guardian:WalkerClaw+1","Guardian:DonusPower"],"picked":"SKIP","floor":42.0},{"not_picked":["Guardian:TemporalStrike","Guardian:ShieldCharger"],"picked":"Guardian:PolyBeam+1","floor":44.0},{"not_picked":["Guardian:Gem_Green","Guardian:Gem_Red"],"picked":"Guardian:Gem_Cyan","floor":44.0},{"not_picked":["Guardian:PrismaticBarrier","Guardian:GuardianWhirl"],"picked":"Guardian:TimeCapacitor","floor":45.0},{"not_picked":["Guardian:VentSteam","Guardian:RollAttack","Guardian:Incinerate"],"picked":"SKIP","floor":46.0},{"not_picked":["Guardian:Gem_Green","Guardian:Gem_Red"],"picked":"Guardian:Gem_Cyan","floor":47.0},{"not_picked":["Guardian:ArmoredProtocol","Guardian:PrimingBeam+1","Guardian:BronzeOrb"],"picked":"SKIP","floor":47.0},{"not_picked":["Guardian:ChargeCore","Guardian:SpikerProtocol"],"picked":"Guardian:Clone","floor":49.0},{"not_picked":["Guardian:Emergency","Guardian:Preprogram","Guardian:Gem_Red"],"picked":"SKIP","floor":49.0},{"not_picked":["Guardian:Incinerate","Guardian:Suspension+1"],"picked":"Guardian:AncientConstruct","floor":52.0}],"player_experience":3147350,"relics_obtained":[{"floor":7.0,"key":"Guardian:SackOfGems"},{"floor":11.0,"key":"Bag of Preparation"},{"floor":14.0,"key":"downfall:CloakOfManyFaces"},{"floor":21.0,"key":"Unceasing Top"},{"floor":21.0,"key":"Bottled Tornado"},{"floor":25.0,"key":"Omamori"},{"floor":40.0,"key":"Torii"},{"floor":44.0,"key":"Bottled Lightning"},{"floor":47.0,"key":"Prayer Wheel"},{"floor":52.0,"key":"Lizard Tail"}],"event_choices":[{"cards_removed":["Guardian:Defend_Guardian"],"damage_healed":0.0,"max_hp_gain":0.0,"max_hp_loss":0.0,"gold_gain":0.0,"event_name":"The Cleric","player_choice":"Card Removal","floor":4.0,"gold_loss":0.0,"damage_taken":0.0}],"is_beta":false,"boss_relics":[{"not_picked":["expansioncontent:StudyCardRelic","Empty Cage"],"picked":"sneckomod:SneckoTalon"},{"not_picked":["Sozu","Coffee Dripper"],"picked":"Philosopher\u0027s Stone"}],"items_purged_floors":[2,27,31,53],"is_endless":false,"potions_floor_spawned":[3,9,11,12,14,25,28,29,32,33,38,40,45,46,47],"ascension_level":20}}