{"host":"e52c7hvho6xny3hd","time":1610536231,"event":{"mods":["AchievementEnabler","BaseMod","Colored Map","DeckTracker","Minty Spire (QoL Compilation)","Permanent Neow","StSLib"],"gold_per_floor":[113,127,147,160,160,160,160,174,174,193,193,223,223,234,234,308,308,319,119,119,99,116,149,149,174,174,191,191,210,210,226,226,304,304,318,318,17,34,52,52,65,65,91,91,111,111,61,73,73,73],"floor_reached":51,"language":"KOR","playtime":2464,"items_purged":["Strike_B","Strike_B"],"score":1136,"play_id":"53e0e289-18c1-41d0-b978-f754187deb20","local_time":"20210113201031","is_ascension_mode":true,"campfire_choices":[{"data":"Defragment","floor":6,"key":"SMITH"},{"floor":11,"key":"REST"},{"data":"Loop","floor":13,"key":"SMITH"},{"floor":15,"key":"REST"},{"data":"Chill","floor":24,"key":"SMITH"},{"data":"Echo Form","floor":28,"key":"SMITH"},{"floor":32,"key":"REST"},{"data":"Capacitor","floor":40,"key":"SMITH"},{"data":"Dualcast","floor":42,"key":"SMITH"},{"data":"Coolheaded","floor":44,"key":"SMITH"},{"data":"Reboot","floor":46,"key":"SMITH"},{"floor":49,"key":"REST"}],"circlet_count":0,"master_deck":["AscendersBane","Strike_B+1","Defend_B","Defend_B+1","Defend_B","Defend_B","Zap+1","Dualcast+1","Coolheaded+1","Cold Snap","Cold Snap","Loop+1","Defragment+1","FTL","Conserve Battery","Genetic Algorithm","Echo Form+1","Conserve Battery","Reboot+1","Chill+1","Ball Lightning","Capacitor+1","Ball Lightning","Core Surge","Cold Snap+1"],"relics":["Cracked Core","Lantern","Smiling Mask","Runic Dome","Lee\u0027s Waffle","Singing Bowl","HornCleat","InkBottle","Busted Crown","DataDisk","Runic Capacitor","Juzu Bracelet"],"acts_visited":["Exordium","TheCity","TheBeyond"],"potions_floor_usage":[12,33,48,50],"damage_taken":[{"damage":5,"enemies":"Jaw Worm","floor":1,"turns":4},{"damage":0,"enemies":"Cultist","floor":2,"turns":4},{"damage":3,"enemies":"Small Slimes","floor":3,"turns":3},{"damage":5,"enemies":"2 Fungi Beasts","floor":4,"turns":4},{"damage":1,"enemies":"Blue Slaver","floor":8,"turns":4},{"damage":20,"enemies":"Exordium Thugs","floor":10,"turns":4},{"damage":7,"enemies":"Gremlin Nob","floor":12,"turns":3},{"damage":1,"enemies":"2 Fungi Beasts","floor":14,"turns":4},{"damage":27,"enemies":"Hexaghost","floor":16,"turns":13},{"damage":16,"enemies":"3 Byrds","floor":18,"turns":5},{"damage":9,"enemies":"2 Thieves","floor":21,"turns":4},{"damage":2,"enemies":"Cultist and Chosen","floor":22,"turns":9},{"damage":18,"enemies":"Book of Stabbing","floor":23,"turns":7},{"damage":33,"enemies":"Slavers","floor":25,"turns":9},{"damage":0,"enemies":"Shelled Parasite and Fungi","floor":27,"turns":7},{"damage":8,"enemies":"Snake Plant","floor":29,"turns":5},{"damage":0,"enemies":"Sentry and Sphere","floor":31,"turns":6},{"damage":10,"enemies":"Collector","floor":33,"turns":10},{"damage":0,"enemies":"Orb Walker","floor":35,"turns":3},{"damage":0,"enemies":"3 Darklings","floor":38,"turns":5},{"damage":13,"enemies":"Sphere and 2 Shapes","floor":39,"turns":6},{"damage":10,"enemies":"Maw","floor":41,"turns":6},{"damage":12,"enemies":"4 Shapes","floor":45,"turns":4},{"damage":18,"enemies":"Jaw Worm Horde","floor":48,"turns":4},{"damage":26,"enemies":"Awakened One","floor":50,"turns":14}],"seed_played":"-7242995862554275877","potions_obtained":[{"floor":1,"key":"Fire Potion"},{"floor":8,"key":"FearPotion"},{"floor":12,"key":"Strength Potion"},{"floor":33,"key":"Fruit Juice"},{"floor":35,"key":"Strength Potion"},{"floor":45,"key":"Regen Potion"},{"floor":48,"key":"SkillPotion"}],"is_trial":false,"path_per_floor":["M","M","M","M","?","R","?","M","T","M","R","E","R","M","R","B",null,"M","$","?","M","M","E","R","E","T","M","R","M","?","M","R","B",null,"M","?","$","M","M","R","M","R","T","R","M","R","$","M","R","B",null],"character_chosen":"DEFECT","items_purchased":["Lee\u0027s Waffle","DataDisk","Runic Capacitor"],"campfire_rested":4,"item_purchase_floors":[19,37,37],"current_hp_per_floor":[63,63,60,55,40,40,40,39,39,19,41,34,34,33,55,28,63,47,82,82,73,71,53,53,22,22,24,24,16,16,18,44,39,80,80,80,80,82,71,71,63,63,63,63,53,53,53,46,76,50],"gold":73,"neow_bonus":"THREE_CARDS","is_daily":false,"chose_seed":false,"campfire_upgraded":8,"win_rate":0.0,"timestamp":1610536231,"path_taken":["M","M","M","M","?","R","?","?","T","M","R","E","R","M","R","BOSS","M","$","?","?","M","E","R","E","T","M","R","M","?","M","R","BOSS","M","?","$","?","M","R","M","R","T","R","M","R","?","M","R","BOSS"],"items_purchased_type":["Relic","Relic","Relic"],"build_version":"2020-12-22","purchased_purges":2,"victory":true,"max_hp_per_floor":[75,75,75,75,75,75,75,75,75,75,75,75,75,75,75,75,75,75,82,82,82,82,82,82,84,84,86,86,86,86,88,88,93,93,93,93,93,95,97,97,99,99,99,99,101,101,101,103,103,103],"card_choices":[{"not_picked":["Consume","Darkness"],"picked":"Coolheaded","floor":0},{"not_picked":["Rip and Tear","Hologram"],"picked":"Cold Snap","floor":1},{"not_picked":["Darkness","BootSequence"],"picked":"Cold Snap","floor":2},{"not_picked":["Cold Snap","Steam"],"picked":"Loop","floor":3},{"not_picked":["Steam Power","Sweeping Beam"],"picked":"Defragment","floor":4},{"not_picked":["Cold Snap","Leap"],"picked":"FTL","floor":8},{"not_picked":["FTL","Steam"],"picked":"Conserve Battery","floor":10},{"not_picked":["Stack","Compile Driver"],"picked":"Genetic Algorithm","floor":12},{"not_picked":["Reinforced Body","Auto Shields","Beam Cell"],"picked":"SKIP","floor":14},{"not_picked":["Buffer","Reboot"],"picked":"Echo Form","floor":16},{"not_picked":["Sweeping Beam","Rebound"],"picked":"Conserve Battery","floor":18},{"not_picked":["Stack","Tempest","Barrage"],"picked":"SKIP","floor":21},{"not_picked":["Chaos","Darkness"],"picked":"Ball Lightning","floor":22},{"not_picked":["Leap","Barrage"],"picked":"Capacitor","floor":23},{"not_picked":["Sweeping Beam","Storm","Rip and Tear"],"picked":"Singing Bowl","floor":25},{"not_picked":["Heatsinks","Sweeping Beam","Go for the Eyes"],"picked":"Singing Bowl","floor":27},{"not_picked":["Conserve Battery","Redo"],"picked":"Ball Lightning","floor":29},{"not_picked":["Coolheaded","Darkness","Static Discharge"],"picked":"Singing Bowl","floor":31},{"not_picked":["Machine Learning","Meteor Strike"],"picked":"Core Surge","floor":33},{"not_picked":[],"picked":"Cold Snap+1","floor":35},{"not_picked":["Chill"],"picked":"Singing Bowl","floor":38},{"not_picked":["Turbo+1"],"picked":"Singing Bowl","floor":39},{"not_picked":["Heatsinks"],"picked":"Singing Bowl","floor":41},{"not_picked":["Stack"],"picked":"Singing Bowl","floor":45},{"not_picked":["Stack"],"picked":"Singing Bowl","floor":48}],"player_experience":666540,"relics_obtained":[{"floor":9,"key":"Lantern"},{"floor":12,"key":"Smiling Mask"},{"floor":23,"key":"Singing Bowl"},{"floor":25,"key":"HornCleat"},{"floor":26,"key":"InkBottle"},{"floor":43,"key":"Juzu Bracelet"}],"event_choices":[{"damage_healed":0,"gold_gain":0,"player_choice":"Entered Light","damage_taken":15,"max_hp_gain":0,"max_hp_loss":0,"event_name":"Shining Light","floor":5,"gold_loss":0,"cards_upgraded":["Defend_B","Strike_B"]},{"cards_removed":["Strike_B"],"damage_healed":0,"gold_gain":0,"player_choice":"Offered Basic","damage_taken":0,"max_hp_gain":0,"max_hp_loss":0,"event_name":"Bonfire Elementals","floor":7,"gold_loss":0},{"damage_healed":0,"gold_gain":0,"player_choice":"2 cards matched","damage_taken":0,"max_hp_gain":0,"max_hp_loss":0,"event_name":"Match and Keep!","floor":20,"gold_loss":0,"cards_obtained":["Reboot","Chill"]},{"damage_healed":0,"gold_gain":0,"player_choice":"Got Potions","damage_taken":0,"max_hp_gain":0,"max_hp_loss":0,"event_name":"Lab","floor":30,"gold_loss":0},{"damage_healed":0,"gold_gain":0,"player_choice":"Forge","damage_taken":0,"max_hp_gain":0,"max_hp_loss":0,"event_name":"Accursed Blacksmith","floor":36,"gold_loss":0,"cards_upgraded":["Zap"]}],"is_beta":false,"boss_relics":[{"not_picked":["Cursed Key","Fusion Hammer"],"picked":"Runic Dome"},{"not_picked":["Nuclear Battery","SacredBark"],"picked":"Busted Crown"}],"items_purged_floors":[19,47],"is_endless":false,"potions_floor_spawned":[1,8,12,16,18,22,25,27,33,35,41,45,48],"ascension_level":13}}