{"host":"uceopoba4zvqsgiy","time":1610555471,"event":{"mods":["Act Like it!","BaseMod","Better Skull","Better Third Choice","Elementarium","Evolution","GifTheSpireLib","Hermit","Humility","Infinite Spire","Jorbs\u0027s Wanderer Trilogy","Marked Mod","Minty Spire (QoL Compilation)","Potionbrewer","Replay The Spire","Robot Space Explorer","Shade Mod","Spicy Shops","StSLib","Stuff the Spire","The Blue Laboratory","The Caster","The Cursed","The Dragon Tamer","The Hierophant","The Judge","The Jungle","Wandering Minibosses"],"gold_per_floor":[112,112,112,126,139,174,174,206,253,273,286,286,311,17,17,120,120,135,135,135,135,135,170,170,202,228,256,256,230,167,177,177,281,281,300,316,104,104,104,104,117,144,144,144,174,187,203,219,219,219,219],"floor_reached":50,"language":"ENG","playtime":5304,"items_purged":[],"score":782,"play_id":"55e8d5dc-813b-42bf-baec-5aa8a5e6e987","local_time":"20210114030111","is_ascension_mode":true,"campfire_choices":[{"floor":7.0,"key":"REST"},{"floor":15.0,"key":"REST"},{"floor":24.0,"key":"REST"},{"floor":32.0,"key":"REST"},{"data":"infinitespire:UltimateForm","floor":40.0,"key":"SMITH"},{"floor":44.0,"key":"REST"},{"floor":49.0,"key":"REST"}],"circlet_count":0,"master_deck":["CutThroughFate","Strike_P+1","Strike_P","Strike_P","Defend_P","Defend_P","Defend_P+1","Defend_P","Eruption","Vigilance","BattleHymn","Hemokinesis","FearNoEvil","SandsOfTime","Apotheosis+1","Wish","Nirvana","Alpha","infinitespire:Starlight","infinitespire:Execution","PathToVictory+1","MarkedMod:PinPointDefense","PathToVictory","PathToVictory","DevaForm","Wireheading","Judgement","Replay:ManipulateFuture","Delirium","caster:Slick+1","MarkedMod:ChiBlock","Panacea","infinitespire:UltimateForm+1","infinitespire:Oblivion","infinitespire:FinalStrike","infinitespire:FutureSight","Parasite","PathToVictory+1","LikeWater","PathToVictory"],"relics":["Ring of the Snake","EVO:Axolotl","StuffTheSpire:Expresso","infinitespire:Cubic Diamond","Art of War","Simple Rune","infinitespire:ShieldingShard","Smiling Mask","ChewingGum","HandDrill","TungstenRod","Toy Ornithopter","infinitespire:Beetle Shell","Happy Flower","infinitespire:Golems Mask","Omamori","ReplayTheSpireMod:CursedCoin","Pet Ghost","StuffTheSpire:Kangaroo","OrangePellets","potionbrewer:DrinkingBird","ReplayTheSpireMod:SealedPack","Mirror","Shuriken","MarkedMod:AcupunctureKit"],"acts_visited":["Exordium","TheCity","TheBeyond"],"potions_floor_usage":[50,50],"damage_taken":[{"damage":2.0,"enemies":"2 Louse","floor":1.0,"turns":2.0},{"damage":0.0,"enemies":"Jaw Worm","floor":4.0,"turns":2.0},{"damage":0.0,"enemies":"Small Slimes","floor":5.0,"turns":3.0},{"damage":14.0,"enemies":"Gremlin Nob","floor":6.0,"turns":3.0},{"damage":25.0,"enemies":"3 Sentries","floor":8.0,"turns":5.0},{"damage":0.0,"enemies":"Exordium Thugs","floor":10.0,"turns":3.0},{"damage":3.0,"enemies":"3 Louse","floor":11.0,"turns":3.0},{"damage":7.0,"enemies":"Gremlin Gang","floor":13.0,"turns":3.0},{"damage":9.0,"enemies":"Slime Boss","floor":16.0,"turns":8.0},{"damage":0.0,"enemies":"Chosen","floor":18.0,"turns":3.0},{"damage":32.0,"enemies":"Gremlin Leader","floor":23.0,"turns":7.0},{"damage":0.0,"enemies":"Replay:Snechameleon","floor":25.0,"turns":7.0},{"damage":26.0,"enemies":"Gremlin Leader","floor":27.0,"turns":7.0},{"damage":21.0,"enemies":"2 Thieves","floor":29.0,"turns":4.0},{"damage":19.0,"enemies":"Shelled Parasite and Fungi","floor":31.0,"turns":5.0},{"damage":23.0,"enemies":"Automaton","floor":33.0,"turns":8.0},{"damage":0.0,"enemies":"Orb Walker","floor":35.0,"turns":5.0},{"damage":1.0,"enemies":"3 Shapes","floor":36.0,"turns":6.0},{"damage":68.0,"enemies":"Writhing Mass","floor":41.0,"turns":6.0},{"damage":21.0,"enemies":"Nightmare","floor":42.0,"turns":6.0},{"damage":24.0,"enemies":"Reptomancer","floor":45.0,"turns":6.0},{"damage":36.0,"enemies":"3 Darklings","floor":46.0,"turns":8.0},{"damage":0.0,"enemies":"4 Shapes","floor":47.0,"turns":5.0},{"damage":36.0,"enemies":"Jaw Worm Horde","floor":48.0,"turns":4.0},{"damage":41,"enemies":"Donu and Deca","floor":50,"turns":3}],"seed_played":"-5857225578476367666","potions_obtained":[{"floor":1.0,"key":"SpeedPotion"},{"floor":5.0,"key":"StancePotion"},{"floor":8.0,"key":"blueLaboratory:AlphaPotion"},{"floor":11.0,"key":"potionbrewer:MidasPotion"},{"floor":13.0,"key":"blueLaboratory:BottledHope"},{"floor":18.0,"key":"blueLaboratory:LouseDecoction"},{"floor":25.0,"key":"Weak Potion"},{"floor":46.0,"key":"Adrenaline Potion"},{"floor":47.0,"key":"Elixir"},{"floor":48.0,"key":"blueLaboratory:RememoryPotion"}],"is_trial":false,"path_per_floor":["M","?","?","M","M","E","R","E","T","M","M","?","M","$","R","B",null,"M","?","AVR","?","T","E","R","E","T","E","?","M","$","M","R","B",null,"M","M","$","?","AVR","R","M","NM","T","R","E","M","M","M","R","B"],"character_chosen":"WATCHER","items_purchased":["Wish","Nirvana","Omamori","ReplayTheSpireMod:CursedCoin","Pet Ghost","Wireheading","OrangePellets"],"campfire_rested":6,"item_purchase_floors":[14,14,30,30,30,37,37],"current_hp_per_floor":[49,49,44,44,44,30,51,26,26,26,23,23,16,16,37,28,72,72,72,72,72,72,55,72,72,72,68,82,76,76,67,82,65,82,82,82,82,82,82,82,14,18,18,42,33,17,32,6,30,0,0],"gold":219,"neow_bonus":"ONE_RARE_RELIC","is_daily":false,"chose_seed":false,"campfire_upgraded":1,"win_rate":0.0,"timestamp":1610555471,"path_taken":["M","?","?","M","M","E","R","E","T","M","M","?","M","$","R","BOSS","M","?","AVR","?","?","E","R","E","T","E","?","M","$","?","R","BOSS","M","M","$","?","AVR","R","?","NM","T","R","E","M","M","M","R","BOSS"],"items_purchased_type":["Card","Card","Relic","Relic","Relic","Card","Relic"],"build_version":"2020-12-22","purchased_purges":0,"victory":false,"max_hp_per_floor":[72,72,72,72,72,72,72,72,72,72,72,72,72,72,72,72,72,72,72,72,72,72,72,72,72,72,72,82,82,82,82,82,82,82,82,82,82,82,82,82,82,82,82,82,82,82,82,82,82,82,82],"card_choices":[{"not_picked":["EmptyBody","Nirvana"],"picked":"BattleHymn","floor":1.0},{"not_picked":["DeceiveReality","Replay:AtTheReady","MarkedMod:FirstStrike"],"picked":"SKIP","floor":4.0},{"not_picked":["Swivel","Replay:ManipulateFuture"],"picked":"FearNoEvil","floor":5.0},{"not_picked":["Evaluate","Consecrate"],"picked":"SandsOfTime","floor":6.0},{"not_picked":["Study","FlurryOfBlows","ClearTheMind"],"picked":"SKIP","floor":8.0},{"not_picked":["MarkedMod:FirstStrike","Replay:ManipulateFuture","CrushJoints"],"picked":"SKIP","floor":10.0},{"not_picked":["Replay:ManipulateFuture","Protect","MarkedMod:FirstStrike"],"picked":"SKIP","floor":11.0},{"not_picked":["Meditate","Prostrate","Replay:AtTheReady"],"picked":"SKIP","floor":13.0},{"not_picked":["Establishment","Omniscience"],"picked":"Alpha","floor":16.0},{"not_picked":["SashWhip","CrushJoints","Fasting2"],"picked":"SKIP","floor":18.0},{"not_picked":["MarkedMod:Acupuncture","SashWhip"],"picked":"PathToVictory+1","floor":23.0},{"not_picked":["ThirdEye+1","MarkedMod:GentlePulse+1"],"picked":"Devotion","floor":25.0},{"not_picked":["ThirdEye","SashWhip+1"],"picked":"MarkedMod:PinPointDefense","floor":27.0},{"not_picked":["ThirdEye","FlurryOfBlows"],"picked":"PathToVictory","floor":29.0},{"not_picked":["BattleHymn+1","MentalFortress+1"],"picked":"PathToVictory","floor":31.0},{"not_picked":["Wish","LessonLearned"],"picked":"DevaForm","floor":33.0},{"not_picked":["Replay:Cycle+1","BowlingBash+1","Replay:BluntJabs+1"],"picked":"SKIP","floor":35.0},{"not_picked":["Prostrate","Protect+1","Meditate"],"picked":"SKIP","floor":36.0},{"not_picked":["Vigilance","DTMod:DoubleHit"],"picked":"caster:Slick+1","floor":39.0},{"not_picked":["Scrawl","Replay:AllIn"],"picked":"MarkedMod:ChiBlock","floor":39.0},{"not_picked":["StuffTheSpire:PlasmaPunch","Good Instincts"],"picked":"Panacea","floor":39.0},{"not_picked":["infinitespire:NeuralNetwork","infinitespire:FutureSight"],"picked":"infinitespire:UltimateForm","floor":39.0},{"not_picked":["Conclude","EmptyBody+1"],"picked":"PathToVictory+1","floor":41.0},{"not_picked":["SashWhip","Perseverance+1","Blasphemy"],"picked":"SKIP","floor":42.0},{"not_picked":["SashWhip","Perseverance+1","Blasphemy"],"picked":"SKIP","floor":42.0},{"not_picked":["Vengeance+1","Tantrum"],"picked":"LikeWater","floor":45.0},{"not_picked":["FearNoEvil+1","MarkedMod:GentlePulse+1"],"picked":"PathToVictory","floor":46.0},{"not_picked":["Replay:Anticipation+1","MarkedMod:FirstStrike","CrushJoints"],"picked":"SKIP","floor":47.0},{"not_picked":["SashWhip","Pray","SignatureMove+1"],"picked":"SKIP","floor":48.0}],"player_experience":1664015,"relics_obtained":[{"floor":6.0,"key":"Simple Rune"},{"floor":8.0,"key":"infinitespire:ShieldingShard"},{"floor":9.0,"key":"Smiling Mask"},{"floor":22.0,"key":"TungstenRod"},{"floor":23.0,"key":"Toy Ornithopter"},{"floor":25.0,"key":"infinitespire:Beetle Shell"},{"floor":26.0,"key":"Happy Flower"},{"floor":27.0,"key":"infinitespire:Golems Mask"},{"floor":42.0,"key":"Mirror"},{"floor":43.0,"key":"Shuriken"},{"floor":45.0,"key":"MarkedMod:AcupunctureKit"}],"event_choices":[{"damage_healed":23.0,"max_hp_gain":0.0,"max_hp_loss":72.0,"gold_gain":0.0,"event_name":"betterThird:BetterShining","player_choice":"Embrace","floor":12.0,"gold_loss":0.0,"damage_taken":0.0},{"damage_healed":0.0,"max_hp_gain":0.0,"max_hp_loss":0.0,"gold_gain":0.0,"event_name":"Beggar","player_choice":"Ignored","floor":21.0,"gold_loss":0.0,"damage_taken":0.0},{"cards_removed":["Devotion"],"damage_healed":4.0,"max_hp_gain":10.0,"max_hp_loss":0.0,"gold_gain":0.0,"event_name":"Bonfire Elementals","player_choice":"Offered Rare","floor":28.0,"gold_loss":0.0,"damage_taken":0.0},{"damage_healed":0.0,"max_hp_gain":0.0,"max_hp_loss":0.0,"gold_gain":0.0,"event_name":"Match and Keep!","player_choice":"2 cards matched","floor":38.0,"gold_loss":0.0,"damage_taken":0.0,"cards_obtained":["Judgement","Replay:ManipulateFuture"]}],"is_beta":false,"boss_relics":[{"not_picked":["Honey Jar","Fusion Hammer"],"picked":"ChewingGum"},{"not_picked":["Pandora\u0027s Box","StuffTheSpire:RunicHypercube"],"picked":"StuffTheSpire:Kangaroo"}],"items_purged_floors":[],"is_endless":true,"potions_floor_spawned":[1,5,8,11,13,18,25,46,47,48],"killed_by":"Donu and Deca","ascension_level":2}}