{"host":"qxeepl7ydvsgmfdb","time":1610544650,"event":{"mods":["AchievementEnabler","BaseMod","Colored Powertips","Minty Spire (QoL Compilation)","Quick Restart","slay the spire mod where everything is the same but ironclad has a cowboy hat"],"gold_per_floor":[118,118,118,118,118,118,153,153,177,177,196,37,53,87,87,215,215,238,238,198,221,244,284,204,204,227,227,247,247,281,301,301,426,426,449,782,12,12,62,89,89,105,105,105,139,139,168,184,184,184],"floor_reached":51,"playtime":1553,"items_purged":["Regret","Strike_G","Defend_G"],"score":1118,"play_id":"73b3fd80-19a8-4a11-988c-8d5c82ddbb29","local_time":"20210113083050","is_ascension_mode":true,"campfire_choices":[{"data":"Neutralize","floor":6.0,"key":"SMITH"},{"floor":8.0,"key":"REST"},{"data":"Deadly Poison","floor":10.0,"key":"SMITH"},{"data":"Distraction","floor":15.0,"key":"SMITH"},{"floor":27.0,"key":"REST"},{"data":"RitualDagger","floor":29.0,"key":"SMITH"},{"floor":32.0,"key":"REST"},{"floor":41.0,"key":"REST"},{"data":"Adrenaline","floor":44.0,"key":"SMITH"},{"data":"Noxious Fumes","floor":46,"key":"SMITH"},{"floor":49,"key":"REST"}],"circlet_count":0,"master_deck":["Strike_G","Defend_G","Defend_G","Defend_G","Defend_G","Survivor","Neutralize+1","Quick Slash+1","Deadly Poison+1","Distraction+1","Backflip","Blade Dance","Deadly Poison","Adrenaline+1","Glass Knife+1","Glass Knife+1","Blade Dance+1","Distraction+1","Backstab+1","RitualDagger+1","Poisoned Stab","Poisoned Stab","Deadly Poison","Noxious Fumes+1","Slice+1","Accuracy"],"relics":["Ring of the Snake","NeowsBlessing","InkBottle","Darkstone Periapt","The Courier","Orichalcum","Bottled Lightning","Astrolabe","Anchor","Bag of Marbles","Regal Pillow","HornCleat","Philosopher\u0027s Stone","The Specimen","Ancient Tea Set","Strawberry","Bag of Preparation","Prayer Wheel","Potion Belt","Pantograph","Bronze Scales","Mercury Hourglass"],"acts_visited":["Exordium","TheCity","TheBeyond"],"potions_floor_usage":[50,50],"damage_taken":[{"damage":0.0,"enemies":"2 Louse","floor":1.0,"turns":1.0},{"damage":0.0,"enemies":"Lagavulin","floor":7.0,"turns":1.0},{"damage":0.0,"enemies":"Small Slimes","floor":11.0,"turns":1.0},{"damage":7.0,"enemies":"Jaw Worm","floor":13.0,"turns":3.0},{"damage":5.0,"enemies":"Gremlin Nob","floor":14.0,"turns":3.0},{"damage":52.0,"enemies":"Slime Boss","floor":16.0,"turns":11.0},{"damage":3.0,"enemies":"Shell Parasite","floor":18.0,"turns":3.0},{"damage":0.0,"enemies":"Spheric Guardian","floor":21.0,"turns":1.0},{"damage":0.0,"enemies":"Cultist and Chosen","floor":22.0,"turns":4.0},{"damage":20.0,"enemies":"Book of Stabbing","floor":23.0,"turns":4.0},{"damage":10.0,"enemies":"Sentry and Sphere","floor":28.0,"turns":4.0},{"damage":0.0,"enemies":"Slavers","floor":30.0,"turns":5.0},{"damage":0.0,"enemies":"Snecko","floor":31.0,"turns":2.0},{"damage":59.0,"enemies":"Champ","floor":33.0,"turns":10.0},{"damage":0.0,"enemies":"3 Shapes","floor":35.0,"turns":1.0},{"damage":10.0,"enemies":"Mind Bloom Boss Battle","floor":39.0,"turns":4.0},{"damage":30.0,"enemies":"Giant Head","floor":40.0,"turns":6.0},{"damage":0.0,"enemies":"Orb Walker","floor":42.0,"turns":2.0},{"damage":15,"enemies":"Reptomancer","floor":45,"turns":4},{"damage":9,"enemies":"Giant Head","floor":47,"turns":5},{"damage":4,"enemies":"Spire Growth","floor":48,"turns":2},{"damage":46,"enemies":"Donu and Deca","floor":50,"turns":5}],"seed_played":"2690092400839680651","potions_obtained":[{"floor":7.0,"key":"AttackPotion"},{"floor":11.0,"key":"DistilledChaos"},{"floor":16.0,"key":"Dexterity Potion"},{"floor":20.0,"key":"FairyPotion"},{"floor":20.0,"key":"CunningPotion"},{"floor":21.0,"key":"EssenceOfSteel"},{"floor":23.0,"key":"CunningPotion"},{"floor":33.0,"key":"Energy Potion"},{"floor":35.0,"key":"EssenceOfSteel"},{"floor":45,"key":"EntropicBrew"},{"floor":48,"key":"CunningPotion"}],"is_trial":false,"path_per_floor":["M","?","?","?","?","R","E","R","T","R","M","$","M","E","R","B",null,"M","?","?","M","M","E","$","?","T","R","M","R","E","M","R","B",null,"M","?","$","?","?","E","R","M","T","R","E","R","E","M","R","B",null],"character_chosen":"THE_SILENT","items_purchased":["Backflip","Blade Dance","Deadly Poison","The Specimen","GhostInAJar","Ancient Tea Set","Strawberry","Bag of Preparation"],"campfire_rested":5,"item_purchase_floors":[12,12,12,37,37,37,37,37],"current_hp_per_floor":[63,46,39,45,45,45,45,67,67,67,67,67,60,55,55,3,58,55,55,55,55,55,35,35,29,29,66,56,56,56,56,76,17,61,61,61,68,68,58,28,67,67,67,67,52,52,43,39,78,37],"gold":184,"neow_bonus":"THREE_ENEMY_KILL","is_daily":false,"chose_seed":false,"campfire_upgraded":6,"win_rate":0.0,"timestamp":1610544650,"path_taken":["M","?","?","?","?","R","E","R","T","R","M","$","M","E","R","BOSS","M","?","?","?","M","E","$","?","T","R","M","R","E","M","R","BOSS","M","?","$","?","?","E","R","M","T","R","E","R","E","M","R","BOSS"],"items_purchased_type":["Card","Card","Card","Relic","Potion","Relic","Relic","Relic"],"build_version":"2020-12-22","purchased_purges":3,"victory":true,"max_hp_per_floor":[70,70,70,76,76,76,76,76,76,76,76,76,76,76,76,76,76,76,76,76,76,76,76,76,76,76,76,76,76,76,76,76,76,76,76,76,83,83,83,83,83,83,83,83,83,83,83,83,83,83],"card_choices":[{"not_picked":["Calculated Gamble","Acrobatics"],"picked":"Quick Slash","floor":1.0},{"not_picked":["Setup","Heel Hook"],"picked":"Deadly Poison","floor":7.0},{"not_picked":["Caltrops","Dagger Spray"],"picked":"Distraction","floor":11.0},{"not_picked":["Sucker Punch","Flechettes","Infinite Blades"],"picked":"SKIP","floor":13.0},{"not_picked":["Caltrops","Expertise","Die Die Die"],"picked":"SKIP","floor":14.0},{"not_picked":["Tools of the Trade","Venomology"],"picked":"Adrenaline","floor":16.0},{"not_picked":["Backflip","Terror","PiercingWail"],"picked":"SKIP","floor":18.0},{"not_picked":["Outmaneuver","Dagger Spray","Underhanded Strike"],"picked":"SKIP","floor":21.0},{"not_picked":["Sucker Punch","Riddle With Holes"],"picked":"Distraction+1","floor":22.0},{"not_picked":["Venomology","Dagger Spray"],"picked":"Backstab+1","floor":23.0},{"not_picked":["Cloak And Dagger","Dagger Throw"],"picked":"Poisoned Stab","floor":28.0},{"not_picked":["Dodge and Roll+1","Malaise"],"picked":"Poisoned Stab","floor":30.0},{"not_picked":["Acrobatics","Quick Slash","Tactician"],"picked":"SKIP","floor":31.0},{"not_picked":["Dagger Spray","Sucker Punch"],"picked":"Deadly Poison","floor":35.0},{"not_picked":["Reflex","Caltrops"],"picked":"Noxious Fumes","floor":39.0},{"not_picked":["Dodge and Roll","Choke","Reflex"],"picked":"SKIP","floor":40.0},{"not_picked":["Choke+1","Terror","Poisoned Stab+1"],"picked":"SKIP","floor":42.0},{"not_picked":["Poisoned Stab+1","Underhanded Strike","Concentrate"],"picked":"SKIP","floor":42.0},{"not_picked":["Flying Knee","Blur"],"picked":"Slice+1","floor":45},{"not_picked":["Bane+1","Riddle With Holes","Outmaneuver"],"picked":"SKIP","floor":47},{"not_picked":["Quick Slash","Bane"],"picked":"Accuracy","floor":48},{"not_picked":["Outmaneuver+1","Bane+1","Cloak And Dagger"],"picked":"SKIP","floor":48}],"player_experience":130995,"relics_obtained":[{"floor":7.0,"key":"The Courier"},{"floor":9.0,"key":"Orichalcum"},{"floor":14.0,"key":"Bottled Lightning"},{"floor":23.0,"key":"Bag of Marbles"},{"floor":26.0,"key":"Regal Pillow"},{"floor":30.0,"key":"HornCleat"},{"floor":39.0,"key":"Prayer Wheel"},{"floor":40.0,"key":"Potion Belt"},{"floor":43.0,"key":"Pantograph"},{"floor":45,"key":"Bronze Scales"},{"floor":47,"key":"Mercury Hourglass"}],"event_choices":[{"damage_healed":0.0,"max_hp_gain":0.0,"max_hp_loss":0.0,"gold_gain":0.0,"event_name":"Golden Idol","player_choice":"Take Damage","floor":2.0,"gold_loss":0.0,"damage_taken":17.0,"relics_obtained":["Golden Idol"]},{"damage_healed":0.0,"max_hp_gain":0.0,"max_hp_loss":0.0,"gold_gain":0.0,"event_name":"Scrap Ooze","player_choice":"Success","floor":3.0,"gold_loss":0.0,"damage_taken":7.0,"relics_obtained":["InkBottle"]},{"damage_healed":0.0,"max_hp_gain":0.0,"max_hp_loss":0.0,"gold_gain":0.0,"event_name":"Big Fish","player_choice":"Box","floor":4.0,"gold_loss":0.0,"damage_taken":0.0,"relics_obtained":["Darkstone Periapt"],"cards_obtained":["Regret"]},{"damage_healed":0.0,"max_hp_gain":0.0,"max_hp_loss":0.0,"gold_gain":0.0,"event_name":"Accursed Blacksmith","player_choice":"Forge","floor":5.0,"gold_loss":0.0,"damage_taken":0.0,"cards_upgraded":["Quick Slash"]},{"damage_healed":0.0,"max_hp_gain":0.0,"max_hp_loss":0.0,"gold_gain":0.0,"event_name":"The Mausoleum","player_choice":"Opened","floor":19.0,"gold_loss":0.0,"damage_taken":0.0,"relics_obtained":["Anchor"]},{"damage_healed":0.0,"max_hp_gain":0.0,"max_hp_loss":0.0,"gold_gain":0.0,"event_name":"The Woman in Blue","player_choice":"Bought 3 Potions","floor":20.0,"gold_loss":0.0,"damage_taken":0.0},{"damage_healed":0.0,"max_hp_gain":0.0,"max_hp_loss":0.0,"gold_gain":0.0,"event_name":"Nest","player_choice":"Joined the Cult","floor":25.0,"gold_loss":0.0,"damage_taken":6.0,"cards_obtained":["RitualDagger"]},{"damage_healed":0.0,"max_hp_gain":0.0,"max_hp_loss":0.0,"gold_gain":333.0,"event_name":"The Moai Head","player_choice":"Gave Idol","floor":36.0,"relics_lost":["Golden Idol"],"gold_loss":0.0,"damage_taken":0.0},{"damage_healed":0.0,"max_hp_gain":0.0,"max_hp_loss":0.0,"gold_gain":0.0,"event_name":"SensoryStone","player_choice":"Memory 1","floor":38.0,"gold_loss":0.0,"damage_taken":0.0},{"damage_healed":0.0,"max_hp_gain":0.0,"max_hp_loss":0.0,"gold_gain":0.0,"event_name":"MindBloom","player_choice":"Fight","floor":39.0,"gold_loss":0.0,"damage_taken":0.0}],"is_beta":false,"boss_relics":[{"not_picked":["Ring of the Serpent","Sozu"],"picked":"Astrolabe"},{"not_picked":["Fusion Hammer","SlaversCollar"],"picked":"Philosopher\u0027s Stone"}],"items_purged_floors":[12,24,37],"is_endless":false,"potions_floor_spawned":[7,11,16,21,23,30,31,33,35,39,45,48],"ascension_level":6}}