{"host":"g01l53quoe6lrer0","time":1610565186,"event":{"mods":["2.2 Compatiblity","AchievementEnabler","BaseMod","Colored Map","Highlight Path","Keyboard Shortcuts","Minty Spire (QoL Compilation)","Permanent Neow","StSLib","SuperFastMode","everything is the same but u backflip on backflip"],"gold_per_floor":[114,125,50,50,70,70,103,103,103,114,114,114,129,142,142,215,215,226,226,226,226,226,226,226,226],"floor_reached":24,"language":"KOR","playtime":422,"items_purged":["Strike_B"],"score":340,"play_id":"779b1c6a-bbad-400a-a210-363f2852bc9b","local_time":"20210114041306","is_ascension_mode":true,"campfire_choices":[{"data":"Zap","floor":6.0,"key":"SMITH"},{"floor":12.0,"key":"REST"},{"floor":15.0,"key":"REST"},{"data":"Electrodynamics","floor":23.0,"key":"SMITH"}],"circlet_count":0,"master_deck":["AscendersBane","Defend_B","Defend_B","Defend_B","Zap+1","Dualcast","Consume","Coolheaded","Stack","Capacitor","Ball Lightning","Tempest","Stack","Coolheaded","Electrodynamics+1","Conserve Battery+1","Turbo+1","Capacitor+1"],"relics":["Cracked Core","Matryoshka","The Courier","White Beast Statue","Darkstone Periapt","Astrolabe"],"acts_visited":["Exordium","TheCity"],"potions_floor_usage":[24],"damage_taken":[{"damage":1.0,"enemies":"Cultist","floor":1.0,"turns":3.0},{"damage":7.0,"enemies":"2 Louse","floor":2.0,"turns":2.0},{"damage":5.0,"enemies":"Small Slimes","floor":5.0,"turns":4.0},{"damage":27.0,"enemies":"Gremlin Nob","floor":7.0,"turns":5.0},{"damage":9.0,"enemies":"Blue Slaver","floor":10.0,"turns":3.0},{"damage":6.0,"enemies":"Looter","floor":13.0,"turns":3.0},{"damage":9.0,"enemies":"3 Louse","floor":14.0,"turns":3.0},{"damage":33.0,"enemies":"Slime Boss","floor":16.0,"turns":11.0},{"damage":39.0,"enemies":"2 Thieves","floor":18.0,"turns":4.0},{"damage":45,"enemies":"Masked Bandits","floor":24,"turns":3}],"seed_played":"5611934536116563498","potions_obtained":[{"floor":2.0,"key":"Strength Potion"},{"floor":10.0,"key":"GamblersBrew"},{"floor":13.0,"key":"Regen Potion"},{"floor":14.0,"key":"FocusPotion"},{"floor":16.0,"key":"GamblersBrew"},{"floor":18.0,"key":"Block Potion"}],"is_trial":false,"path_per_floor":["M","M","$","?","M","R","E","?","T","M","?","R","M","M","R","B",null,"M","?","?","?","?","R","?"],"character_chosen":"DEFECT","items_purchased":[],"campfire_rested":2,"item_purchase_floors":[],"current_hp_per_floor":[63,56,56,61,56,56,29,24,24,15,15,37,31,31,53,20,62,23,38,38,38,38,38,0,0],"gold":226,"neow_bonus":"THREE_CARDS","is_daily":false,"chose_seed":false,"campfire_upgraded":2,"win_rate":0.0,"timestamp":1610565186,"path_taken":["M","M","$","?","M","R","E","?","T","M","?","R","M","M","R","BOSS","M","?","?","?","?","R","?"],"items_purchased_type":[],"build_version":"2020-12-22","purchased_purges":1,"victory":false,"max_hp_per_floor":[71,71,71,76,76,76,76,76,76,76,76,76,76,76,76,76,76,76,76,76,76,76,76,76,76],"card_choices":[{"not_picked":["Steam","Streamline"],"picked":"Consume","floor":0.0},{"not_picked":["Gash","Streamline"],"picked":"Coolheaded","floor":1.0},{"not_picked":["Loop","Beam Cell"],"picked":"Stack","floor":2.0},{"not_picked":["Recycle","Sweeping Beam"],"picked":"Capacitor","floor":5.0},{"not_picked":["Stack","Undo"],"picked":"Ball Lightning","floor":7.0},{"not_picked":["Meteor Strike","Storm"],"picked":"Tempest","floor":10.0},{"not_picked":["FTL","Go for the Eyes"],"picked":"Stack","floor":13.0},{"not_picked":["Sweeping Beam","Leap"],"picked":"Coolheaded","floor":14.0},{"not_picked":["All For One","Creative AI"],"picked":"Electrodynamics","floor":16.0},{"not_picked":["Leap","Go for the Eyes+1","Gash"],"picked":"SKIP","floor":18.0}],"player_experience":184217,"relics_obtained":[{"floor":7.0,"key":"Matryoshka"},{"floor":9.0,"key":"White Beast Statue"},{"floor":9.0,"key":"Darkstone Periapt"}],"event_choices":[{"damage_healed":0.0,"max_hp_gain":5.0,"max_hp_loss":0.0,"gold_gain":0.0,"event_name":"Big Fish","player_choice":"Donut","floor":4.0,"gold_loss":0.0,"damage_taken":0.0},{"damage_healed":0.0,"max_hp_gain":0.0,"max_hp_loss":0.0,"gold_gain":0.0,"event_name":"Scrap Ooze","player_choice":"Success","floor":8.0,"gold_loss":0.0,"damage_taken":5.0,"relics_obtained":["The Courier"]},{"damage_healed":0.0,"max_hp_gain":0.0,"max_hp_loss":0.0,"gold_gain":0.0,"event_name":"Shining Light","player_choice":"Ignored","floor":11.0,"gold_loss":0.0,"damage_taken":0.0},{"damage_healed":15.0,"max_hp_gain":0.0,"max_hp_loss":0.0,"gold_gain":0.0,"event_name":"The Library","player_choice":"Heal","floor":19.0,"gold_loss":0.0,"damage_taken":0.0},{"cards_removed":["Defend_B"],"damage_healed":0.0,"max_hp_gain":0.0,"max_hp_loss":0.0,"gold_gain":0.0,"event_name":"Back to Basics","player_choice":"Elegance","floor":20.0,"gold_loss":0.0,"damage_taken":0.0},{"damage_healed":0.0,"max_hp_gain":0.0,"max_hp_loss":0.0,"gold_gain":0.0,"event_name":"Vampires","player_choice":"Ignored","floor":21.0,"gold_loss":0.0,"damage_taken":0.0},{"damage_healed":0.0,"max_hp_gain":0.0,"max_hp_loss":0.0,"gold_gain":0.0,"event_name":"Cursed Tome","player_choice":"Ignored","floor":22.0,"gold_loss":0.0,"damage_taken":0.0},{"damage_healed":0,"gold_gain":0,"player_choice":"Fought Bandits","damage_taken":0,"max_hp_gain":0,"max_hp_loss":0,"event_name":"Masked Bandits","floor":24,"gold_loss":0}],"is_beta":false,"boss_relics":[{"not_picked":["Philosopher\u0027s Stone","Runic Pyramid"],"picked":"Astrolabe"}],"items_purged_floors":[3],"is_endless":false,"potions_floor_spawned":[2,10,13,14,16,18],"killed_by":"Masked Bandits","ascension_level":15}}