{"host":"on8rz1ayhhz269sg","time":1610525953,"event":{"mods":["BaseMod","Minty Spire (QoL Compilation)","StSLib","The Administrix","The Cursed","WarShipGirlsR/战舰少女R mod","残留之物"],"gold_per_floor":[115,135,135,135,146,176,27,40,65,75,75,75,50,60,60,163,163,177,193,204,16,30,30,30,30],"floor_reached":24,"language":"ZHS","playtime":2237,"items_purged":[],"score":200,"play_id":"8c8c7dcd-2d68-470f-9eab-d81e2dfde404","local_time":"20210113161913","is_ascension_mode":false,"campfire_choices":[{"floor":11.0,"key":"REST"},{"floor":15.0,"key":"REST"},{"floor":23,"key":"REST"}],"circlet_count":0,"master_deck":["rmod:strick","rmod:strick","rmod:strick","rmod:strick","rmod:defend","rmod:defend","rmod:defend","rmod:defend","rmod:basicallowance+1","rmod:maingunfire","rmod:aluminumsupply","rmod:intelligenceanalysis","rmod:diamondstrike","rmod:goodsister","rmod:chargemoney","rmod:launchingtorpedo","rmod:steelsupply+1","rmod:guardianhero","rmod:diamondstrike","rmod:firesupport","rmod:highspeedmaneuver","rmod:unsinkable+1","rmod:punchline","rmod:victimresponsibility+1","rmod:mineteam","rmod:aggressivemary"],"relics":["rmod:firstchargereward","Omamori","War Paint","Black Star","PlaceholderMod:DeVermisMysteriis"],"acts_visited":["Exordium","TheCity"],"potions_floor_usage":[20,24],"damage_taken":[{"damage":0.0,"enemies":"2 Louse","floor":1.0,"turns":2.0},{"damage":4.0,"enemies":"Jaw Worm","floor":2.0,"turns":3.0},{"damage":0.0,"enemies":"Cultist","floor":5.0,"turns":3.0},{"damage":31.0,"enemies":"Gremlin Nob","floor":6.0,"turns":6.0},{"damage":11.0,"enemies":"Exordium Thugs","floor":8.0,"turns":6.0},{"damage":1.0,"enemies":"Looter","floor":10.0,"turns":3.0},{"damage":8.0,"enemies":"Blue Slaver","floor":14.0,"turns":4.0},{"damage":3.0,"enemies":"Slime Boss","floor":16.0,"turns":10.0},{"damage":35.0,"enemies":"Shell Parasite","floor":18.0,"turns":6.0},{"damage":20.0,"enemies":"Spheric Guardian","floor":19.0,"turns":5.0},{"damage":9,"enemies":"Snecko","floor":20,"turns":6},{"damage":12,"enemies":"Cultist and Chosen","floor":22,"turns":7},{"damage":50,"enemies":"Slavers","floor":24,"turns":4}],"seed_played":"-5343221188777110732","potions_obtained":[{"floor":1.0,"key":"SpeedPotion"},{"floor":2.0,"key":"Block Potion"},{"floor":6.0,"key":"LiquidBronze"},{"floor":10.0,"key":"Explosive Potion"},{"floor":14.0,"key":"PowerPotion"},{"floor":19.0,"key":"PowerPotion"}],"is_trial":false,"path_per_floor":["M","M","?","?","M","E","$","M","T","M","R","?","$","M","R","B",null,"M","M","M","$","M","R","E"],"character_chosen":"PRAEFECT","items_purchased":["rmod:chargemoney","rmod:launchingtorpedo","rmod:diamondstrike","PlaceholderMod:DeVermisMysteriis","rmod:mineteam"],"campfire_rested":3,"item_purchase_floors":[7,7,13,21,21],"current_hp_per_floor":[82,78,83,83,83,52,52,41,41,40,66,66,66,58,84,81,87,52,32,23,23,11,37,0,0],"gold":30,"neow_bonus":"TEN_PERCENT_HP_BONUS","is_daily":false,"chose_seed":false,"campfire_upgraded":0,"win_rate":0.0,"timestamp":1610525953,"path_taken":["M","M","?","?","M","E","$","M","T","?","R","?","$","M","R","BOSS","M","M","M","$","M","R","E"],"items_purchased_type":["Card","Card","Card","Relic","Card"],"build_version":"2020-12-22","purchased_purges":0,"victory":false,"max_hp_per_floor":[82,82,87,87,87,87,87,87,87,87,87,87,87,87,87,87,87,87,87,87,87,87,87,87,87],"card_choices":[{"not_picked":["rmod:punchline","rmod:circuitoustactics"],"picked":"rmod:aluminumsupply","floor":1.0},{"not_picked":["rmod:unsinkable","rmod:sl"],"picked":"rmod:intelligenceanalysis","floor":2.0},{"not_picked":["rmod:aggressivemary","rmod:tearstotiara"],"picked":"rmod:diamondstrike","floor":5.0},{"not_picked":["rmod:circuitoustactics","rmod:fuelsupply"],"picked":"rmod:goodsister","floor":6.0},{"not_picked":["rmod:supportescort","rmod:saltedfish"],"picked":"rmod:steelsupply","floor":8.0},{"not_picked":["rmod:supportescort","rmod:tearstotiara"],"picked":"rmod:guardianhero","floor":10.0},{"not_picked":["rmod:slowdown","rmod:steelsupply"],"picked":"rmod:firesupport","floor":14.0},{"not_picked":["rmod:desperatesituation","rmod:stealaluminum"],"picked":"rmod:highspeedmaneuver","floor":16.0},{"not_picked":["rmod:luckystar","rmod:maintain+1"],"picked":"rmod:unsinkable+1","floor":18.0},{"not_picked":["rmod:aviationdawn+1","rmod:victimresponsibility"],"picked":"rmod:punchline","floor":19.0},{"not_picked":["rmod:capitalist+1","rmod:gendarmerie"],"picked":"rmod:victimresponsibility+1","floor":20},{"not_picked":["rmod:victimresponsibility+1","rmod:supportescort"],"picked":"rmod:aggressivemary","floor":22}],"player_experience":152648,"relics_obtained":[{"floor":6.0,"key":"Omamori"},{"floor":9.0,"key":"War Paint"}],"event_choices":[{"damage_healed":0.0,"max_hp_gain":5.0,"max_hp_loss":0.0,"gold_gain":0.0,"event_name":"Big Fish","player_choice":"Donut","floor":3.0,"gold_loss":0.0,"damage_taken":0.0},{"damage_healed":0.0,"max_hp_gain":0.0,"max_hp_loss":0.0,"gold_gain":0.0,"event_name":"Golden Wing","player_choice":"Ignored","floor":4.0,"gold_loss":0.0,"damage_taken":0.0},{"damage_healed":0.0,"max_hp_gain":0.0,"max_hp_loss":0.0,"gold_gain":0.0,"event_name":"Shining Light","player_choice":"Ignored","floor":12.0,"gold_loss":0.0,"damage_taken":0.0}],"is_beta":false,"boss_relics":[{"not_picked":["SlaversCollar","PlaceholderMod:LiveLive"],"picked":"Black Star"}],"items_purged_floors":[],"is_endless":false,"potions_floor_spawned":[1,2,6,10,14,19],"killed_by":"Slavers","ascension_level":0}}