{"host":"kdt6w7ix8lwe69i9","time":1610542682,"event":{"mods":["100% Spire Juice","Bartender","BaseMod","ChefMod","Downfall","Evolution","Fiend Mod","Jorbs\u0027s Wanderer Trilogy","Minty Spire (QoL Compilation)","Reimu（博丽灵梦）","Robot Space Explorer","Shade Mod","StSLib","The Caster","The Cursed","The Disciple","The Dragon Tamer","The Druid","The Fake Hero","The Forsaken","The Gatherer","The Marked","TheBandit","TheSwordswoman"],"gold_per_floor":[817,833,833,833,56,56,56],"floor_reached":6,"language":"ENG","playtime":366,"items_purged":[],"score":34,"play_id":"ba02491c-8727-4f56-9170-5763b2221fc7","local_time":"20210113075802","is_ascension_mode":false,"campfire_choices":[],"circlet_count":0,"master_deck":["luka_mod:WindSlash","luka_mod:StrikeLukaTwo","luka_mod:StrikeLukaThree","luka_mod:StrikeLukaFour","luka_mod:StrikeLukaFive","luka_mod:StrikeLukaSix","luka_mod:Salt","luka_mod:Guard","luka_mod:Wait","luka_mod:Edging","luka_mod:FlailWildly","luka_mod:Meditation","luka_mod:Surrender","luka_mod:LightningSwordFlash","luka_mod:EarthSlash","Regret","luka_mod:Undine","luka_mod:Intense","luka_mod:Calm","luka_mod:DemonDecapitation"],"relics":["luka_mod:KeepsakeRing","EVO:Axolotl","Old Coin","Pen Nib","Unceasing Top","FossilizedHelix"],"acts_visited":["Exordium"],"potions_floor_usage":[6,6],"damage_taken":[{"damage":6,"enemies":"Cultist","floor":1,"turns":3},{"damage":7,"enemies":"2 Louse","floor":2,"turns":2},{"damage":27,"enemies":"Lagavulin","floor":6,"turns":5}],"seed_played":"399419448241790634","potions_obtained":[{"floor":1,"key":"champ:CounterPotion"},{"floor":2,"key":"SkillPotion"}],"is_trial":false,"path_per_floor":["M","M","?","?","$","E"],"character_chosen":"LUKA_CLASS","items_purchased":["Unceasing Top","FossilizedHelix","luka_mod:Undine","luka_mod:Intense","luka_mod:Calm","luka_mod:DemonDecapitation"],"campfire_rested":0,"item_purchase_floors":[5,5,5,5,5,5],"current_hp_per_floor":[30,23,23,23,23,0,0],"gold":56,"neow_bonus":"ONE_RARE_RELIC","is_daily":false,"chose_seed":false,"campfire_upgraded":0,"win_rate":0.0,"timestamp":1610542682,"path_taken":["M","M","?","?","$","E"],"items_purchased_type":["Relic","Relic","Card","Card","Card","Card"],"build_version":"2020-12-22","purchased_purges":0,"victory":false,"max_hp_per_floor":[36,36,36,36,36,36,36],"card_choices":[{"not_picked":["luka_mod:RestrictedStrike","luka_mod:StressRelief"],"picked":"luka_mod:LightningSwordFlash","floor":1},{"not_picked":["luka_mod:BegIlias","luka_mod:ThunderThrust"],"picked":"luka_mod:EarthSlash","floor":2}],"player_experience":1779453,"relics_obtained":[],"event_choices":[{"damage_healed":0,"gold_gain":0,"player_choice":"Box","damage_taken":0,"relics_obtained":["Pen Nib"],"max_hp_gain":0,"max_hp_loss":0,"event_name":"Big Fish","floor":3,"gold_loss":0,"cards_obtained":["Regret"]}],"is_beta":false,"boss_relics":[],"items_purged_floors":[],"is_endless":false,"potions_floor_spawned":[1,2],"killed_by":"Lagavulin","ascension_level":0}}