{"host":"l84l8xigz5v5foa2","time":1610549250,"event":{"mods":["2.2 Compatiblity","AchievementEnabler","BaseMod","Better Note","Better Vampires","Card Filter","Colored Map","DeckTracker","Downfall","Gremlin Skip","Highlight Path","Keyboard Shortcuts","Minty Spire (QoL Compilation)","Permanent Neow","Quick Restart","Relic Filter","Relic Stats","StSLib","SuperFastMode","Transform Curses","Unknown Chances"],"gold_per_floor":[99,117,127,138,154,154,178,195,206,131,181,1,1,14,27,101,101,101,117,117,130,147,166,191,291,291,291,319,335,335,368,387,463,463,463,473,498,510,661,681,681,697,597,613,632,632,650,681,531,531,531,566,42,42,42],"floor_reached":56,"language":"ENG","playtime":4578,"items_purged":["Guardian:Strike_Guardian","Guardian:Strike_Guardian","Guardian:Strike_Guardian"],"score":2609,"play_id":"a2d64bb9-2d98-4eed-a963-cab55b2ed71f","local_time":"20210113234730","is_ascension_mode":true,"campfire_choices":[{"data":"Guardian:CurlUp","floor":1.0,"key":"SMITH"},{"data":"Guardian:TwinSlam","floor":6.0,"key":"SMITH"},{"floor":10.0,"key":"REST"},{"data":"Guardian:BaubleBeam","floor":18.0,"key":"SMITH"},{"floor":26.0,"key":"REST"},{"data":"Guardian:EvasiveProtocol","floor":30.0,"key":"SMITH"},{"data":"Guardian:CompilePackage","floor":35.0,"key":"SMITH"},{"floor":46.0,"key":"RECALL"},{"data":"Guardian:Suspension","floor":49.0,"key":"SMITH"},{"data":"Guardian:Defend_Guardian","floor":54.0,"key":"PURGE"}],"circlet_count":0,"master_deck":["AscendersBane","Guardian:Defend_Guardian+1","Guardian:Defend_Guardian","Guardian:Defend_Guardian","Guardian:CurlUp+1","Guardian:TwinSlam+1","Guardian:GemFinder","Guardian:Recover","Guardian:Clone+1","Guardian:BaubleBeam+1","Guardian:Reroute","Guardian:StasisField","Guardian:PrimingBeam+1","Guardian:PolyBeam","Guardian:EvasiveProtocol+1","Guardian:StasisEngine+1","Guardian:TimeCapacitor+1","Guardian:SentryBeam+1","Guardian:Harden","Guardian:Recover","Guardian:CompilePackage+1","Guardian:Suspension+1","Guardian:Incinerate+1","Guardian:VentSteam+1","Guardian:FuturePlans+1","Guardian:PrismaticBarrier","Guardian:RevengeProtocol+1","Guardian:MultiBeam+1","expansioncontent:Chronoboost+1","Guardian:StasisField"],"relics":["Guardian:ModeShifter","downfall:HeartBlessingBlue","Guardian:BottledAnomaly","sneckomod:SneckoTalon","Orichalcum","Peace Pipe","Frozen Egg 2","Meat on the Bone","Blood Vial","Bag of Marbles","Philosopher\u0027s Stone","Gambling Chip","Molten Egg 2","War Paint","downfall:HeartBlessingRed","downfall:HeartBlessingGreen","Happy Flower"],"acts_visited":["Exordium","TheCity","TheBeyond","TheEnding"],"potions_floor_usage":[55],"damage_taken":[{"damage":5.0,"enemies":"Small Slimes","floor":2.0,"turns":4.0},{"damage":7.0,"enemies":"Cultist","floor":3.0,"turns":6.0},{"damage":0.0,"enemies":"2 Louse","floor":4.0,"turns":3.0},{"damage":17.0,"enemies":"Large Slime","floor":5.0,"turns":11.0},{"damage":10.0,"enemies":"Lots of Slimes","floor":8.0,"turns":6.0},{"damage":9.0,"enemies":"Exordium Wildlife","floor":9.0,"turns":7.0},{"damage":0.0,"enemies":"downfall:FleeingMerchant","floor":12.0,"turns":4.0},{"damage":0.0,"enemies":"2 Fungi Beasts","floor":14.0,"turns":3.0},{"damage":15.0,"enemies":"Exordium Thugs","floor":15.0,"turns":5.0},{"damage":10.0,"enemies":"downfall:Watcher","floor":16.0,"turns":9.0},{"damage":0.0,"enemies":"Spheric Guardian","floor":19.0,"turns":3.0},{"damage":21.0,"enemies":"3 Byrds","floor":21.0,"turns":3.0},{"damage":34.0,"enemies":"Cultist and Chosen","floor":22.0,"turns":7.0},{"damage":0.0,"enemies":"Centurion and Healer","floor":23.0,"turns":6.0},{"damage":0.0,"enemies":"downfall:Defect","floor":25.0,"turns":6.0},{"damage":9.0,"enemies":"Gremlin Leader","floor":28.0,"turns":4.0},{"damage":11.0,"enemies":"Sentry and Sphere","floor":29.0,"turns":4.0},{"damage":44.0,"enemies":"Slavers","floor":31.0,"turns":6.0},{"damage":0.0,"enemies":"Snake Plant","floor":32.0,"turns":3.0},{"damage":0.0,"enemies":"downfall:Ironclad","floor":33.0,"turns":7.0},{"damage":7.0,"enemies":"3 Shapes","floor":36.0,"turns":4.0},{"damage":0.0,"enemies":"Mind Bloom Boss Battle","floor":37.0,"turns":7.0},{"damage":0.0,"enemies":"Orb Walker","floor":38.0,"turns":3.0},{"damage":0.0,"enemies":"downfall:FleeingMerchant","floor":39.0,"turns":3.0},{"damage":16.0,"enemies":"4 Shapes","floor":40.0,"turns":8.0},{"damage":7.0,"enemies":"Transient","floor":42.0,"turns":6.0},{"damage":0.0,"enemies":"Maw","floor":44.0,"turns":5.0},{"damage":0.0,"enemies":"3 Darklings","floor":45.0,"turns":7.0},{"damage":20.0,"enemies":"Transient","floor":47.0,"turns":6.0},{"damage":0.0,"enemies":"Nemesis","floor":48.0,"turns":7.0},{"damage":0.0,"enemies":"downfall:Defect","floor":50.0,"turns":5.0},{"damage":4.0,"enemies":"downfall:CharBossMerchant","floor":52.0,"turns":5.0},{"damage":0,"enemies":"downfall:NeowBoss","floor":55,"turns":9}],"seed_played":"1895993752208975591","potions_obtained":[{"floor":2.0,"key":"AttackPotion"},{"floor":3.0,"key":"PowerPotion"},{"floor":8.0,"key":"Dexterity Potion"},{"floor":14.0,"key":"SteroidPotion"},{"floor":16.0,"key":"EssenceOfSteel"},{"floor":22.0,"key":"Strength Potion"},{"floor":23.0,"key":"SkillPotion"},{"floor":31.0,"key":"Weak Potion"},{"floor":32.0,"key":"FearPotion"},{"floor":33.0,"key":"FearPotion"},{"floor":40.0,"key":"FearPotion"},{"floor":42.0,"key":"Guardian:DefensiveModePotion"},{"floor":44.0,"key":"Guardian:StasisDiscoveryPotion"},{"floor":47.0,"key":"Fire Potion"}],"is_trial":false,"path_per_floor":["R","M","M","M","M","R","T","M","M","R","?","$","?","M","M","B",null,"R","M","?","M","M","M","T","?","R","T","E","M","R","E","M","B",null,"R","M","?","M","?","M","T","M","$","M","M","R","M","E","R","B",null,"E","$","R","B",null],"character_chosen":"GUARDIAN","items_purchased":["Guardian:BottledAnomaly","Guardian:FuturePlans+1","expansioncontent:Chronoboost+1","Regen Potion","Guardian:AcceleratePotion","Guardian:StasisField","Guardian:Gem_Green"],"campfire_rested":2,"item_purchase_floors":[12,39,53,53,53,53,53],"current_hp_per_floor":[65,60,53,53,36,36,36,26,17,51,51,51,51,51,36,26,68,68,68,68,47,13,13,13,13,37,37,40,43,43,13,27,41,72,72,67,69,71,73,59,59,54,54,56,58,58,52,54,54,56,76,74,74,74,76],"gold":42,"neow_bonus":"ONE_RANDOM_RARE_CARD","is_daily":false,"chose_seed":false,"campfire_upgraded":6,"win_rate":0.0,"timestamp":1610549250,"path_taken":["R","M","M","M","M","R","T","M","M","R","?","?","?","M","M","BOSS","R","M","?","M","?","M","T","?","R","?","E","M","R","E","M","BOSS","R","M","?","M","?","?","T","M","?","M","M","R","M","E","R","BOSS","E","$","R","BOSS"],"items_purchased_type":["Relic","Card","Card","Potion","Potion","Card","Card"],"build_version":"2020-12-22","purchased_purges":3,"victory":true,"max_hp_per_floor":[72,72,72,72,72,72,72,72,72,82,82,82,82,82,82,82,82,82,82,82,82,82,82,82,82,82,82,82,82,82,82,82,82,82,82,82,82,82,82,82,82,82,82,82,82,82,82,82,82,82,82,82,82,82,82],"relic_stats":{"Peace Pipe":1,"Blood Vial":34,"Happy Flower":[3],"counters":[33,182],"Gambling Chip":[14],"Orichalcum":[24],"War Paint":["Guardian:Clone","Guardian:Defend_Guardian"],"obtain_stats":[{"downfall:HeartBlessingRed":49,"Happy Flower":52,"Guardian:ModeShifter":0,"downfall:HeartBlessingGreen":49,"Orichalcum":24,"Frozen Egg 2":25,"War Paint":48,"sneckomod:SneckoTalon":17,"Peace Pipe":25,"Blood Vial":28,"downfall:HeartBlessingBlue":10,"Gambling Chip":37,"Philosopher\u0027s Stone":34,"Molten Egg 2":41,"Bag of Marbles":31,"Guardian:BottledAnomaly":12,"Meat on the Bone":27},{"downfall:HeartBlessingRed":30,"Happy Flower":32,"Guardian:ModeShifter":0,"downfall:HeartBlessingGreen":30,"Orichalcum":14,"Frozen Egg 2":15,"War Paint":30,"sneckomod:SneckoTalon":10,"Peace Pipe":15,"Blood Vial":16,"downfall:HeartBlessingBlue":6,"Gambling Chip":22,"Philosopher\u0027s Stone":20,"Molten Egg 2":25,"Bag of Marbles":18,"Guardian:BottledAnomaly":7,"Meat on the Bone":15},{"downfall:HeartBlessingRed":163,"Happy Flower":173,"Guardian:ModeShifter":0,"downfall:HeartBlessingGreen":163,"Orichalcum":77,"Frozen Egg 2":83,"War Paint":163,"sneckomod:SneckoTalon":58,"Peace Pipe":83,"Blood Vial":87,"downfall:HeartBlessingBlue":37,"Gambling Chip":118,"Philosopher\u0027s Stone":107,"Molten Egg 2":132,"Bag of Marbles":97,"Guardian:BottledAnomaly":41,"Meat on the Bone":83}],"Meat on the Bone":72},"card_choices":[{"not_picked":["Guardian:Gem_Cyan","Guardian:ShieldCharger"],"picked":"Guardian:Recover","floor":2.0},{"not_picked":["Guardian:Gem_Lightblue","Guardian:Gem_Red"],"picked":"Guardian:Gem_Cyan","floor":2.0},{"not_picked":["Guardian:Gem_Cyan","Guardian:TimeSifter"],"picked":"Guardian:Clone","floor":3.0},{"not_picked":["Guardian:Gem_Green","Guardian:Incinerate"],"picked":"Guardian:BaubleBeam","floor":4.0},{"not_picked":["Guardian:Gem_Lightblue","Guardian:Gem_Green"],"picked":"Guardian:Gem_Red","floor":4.0},{"not_picked":["Guardian:Gem_Lightblue","Guardian:Gem_Green"],"picked":"Guardian:Gem_Red","floor":4.0},{"not_picked":["Guardian:Gem_Red","Guardian:Gem_Green"],"picked":"Guardian:Gem_Cyan","floor":5.0},{"not_picked":["Guardian:TemporalShield","Guardian:Gem_Green","Guardian:WalkerClaw"],"picked":"SKIP","floor":5.0},{"not_picked":["Guardian:TemporalStrike","Guardian:Recover"],"picked":"Guardian:Gem_Orange","floor":8.0},{"not_picked":["Guardian:Gem_Red","Guardian:RollAttack","Guardian:TemporalShield"],"picked":"SKIP","floor":9.0},{"not_picked":["Guardian:VentSteam","Guardian:RollAttack"],"picked":"Guardian:Gem_Orange","floor":12.0},{"not_picked":["Guardian:Preprogram","Guardian:VentSteam"],"picked":"Guardian:Reroute","floor":14.0},{"not_picked":["Guardian:StasisStrike","Guardian:ConstructionForm"],"picked":"Guardian:StasisField","floor":16.0},{"not_picked":["Guardian:Gem_Green","Guardian:Gem_Lightblue"],"picked":"Guardian:Gem_Cyan","floor":16.0},{"not_picked":["Guardian:Gem_Red","Guardian:CrystalBeam"],"picked":"Guardian:PrimingBeam+1","floor":19.0},{"not_picked":["Guardian:WalkerClaw","Guardian:CrystalBeam","Guardian:DonusPower"],"picked":"SKIP","floor":21.0},{"not_picked":["Guardian:FloatingOrbs","Guardian:ChargeUp"],"picked":"Guardian:EvasiveProtocol","floor":22.0},{"not_picked":["Guardian:BronzeOrb","Guardian:CrystalBeam"],"picked":"Guardian:Gem_White","floor":23.0},{"not_picked":["Guardian:VentSteam","Guardian:Gem_White"],"picked":"Guardian:StasisEngine+1","floor":25.0},{"not_picked":["Guardian:ChargeUp","Guardian:BaubleBeam"],"picked":"Guardian:TimeCapacitor+1","floor":28.0},{"not_picked":["Guardian:TemporalStrike+1","Guardian:Orbwalk+1"],"picked":"Guardian:SentryBeam+1","floor":29.0},{"not_picked":["Guardian:Gem_White","Guardian:SentryBeam"],"picked":"Guardian:Harden","floor":31.0},{"not_picked":["Guardian:Repulse+1","Guardian:PrimingBeam"],"picked":"Guardian:Recover","floor":32.0},{"not_picked":["Guardian:GemFinder+1","Guardian:GatlingBeam"],"picked":"Guardian:CompilePackage","floor":33.0},{"not_picked":["Guardian:ShieldCharger","Guardian:Orbwalk+1"],"picked":"Guardian:Suspension","floor":36.0},{"not_picked":["Guardian:VentSteam+1","Guardian:Planning+1"],"picked":"Guardian:Gem_Blue","floor":37.0},{"not_picked":["Guardian:Gem_Crimson","Guardian:GuardianWhirl"],"picked":"Guardian:Incinerate+1","floor":38.0},{"not_picked":["Guardian:Gem_Lightblue","Guardian:Gem_Green"],"picked":"Guardian:Gem_Cyan","floor":38.0},{"not_picked":["Guardian:WalkerClaw","Guardian:TimeCapacitor+1"],"picked":"Guardian:VentSteam+1","floor":39.0},{"not_picked":["Guardian:Gem_Red","Guardian:Gem_Lightblue"],"picked":"Guardian:Gem_Cyan","floor":40.0},{"not_picked":["Guardian:Gem_Red","Guardian:Recover","Guardian:Suspension"],"picked":"SKIP","floor":40.0},{"not_picked":["Guardian:Recover","Guardian:Emergency","Guardian:ShieldCharger+1"],"picked":"SKIP","floor":42.0},{"not_picked":["Guardian:SpikerProtocol+1","Guardian:RefractedBeam+1","Guardian:WalkerClaw+1"],"picked":"SKIP","floor":44.0},{"not_picked":["Guardian:VentSteam","Guardian:SpikerProtocol+1"],"picked":"Guardian:PrismaticBarrier","floor":45.0},{"not_picked":["Guardian:Gem_Red","Guardian:Gem_Green"],"picked":"Guardian:Gem_Cyan","floor":45.0},{"not_picked":["Guardian:Gem_Green","Guardian:Gem_Red"],"picked":"Guardian:Gem_Cyan","floor":45.0},{"not_picked":["Guardian:TimeCapacitor+1","Guardian:ShieldCharger"],"picked":"Guardian:RevengeProtocol+1","floor":47.0},{"not_picked":["Guardian:Gem_Red","Guardian:Gem_Green"],"picked":"Guardian:Gem_Cyan","floor":48.0},{"not_picked":["Guardian:WalkerClaw+1","Guardian:BronzeOrb+1","Guardian:Recover+1"],"picked":"SKIP","floor":48.0},{"not_picked":["Guardian:Emergency","Guardian:PiercingHide"],"picked":"Guardian:MultiBeam+1","floor":52.0}],"player_experience":3160406,"relics_obtained":[{"floor":24.0,"key":"Orichalcum"},{"floor":25.0,"key":"Peace Pipe"},{"floor":25.0,"key":"Frozen Egg 2"},{"floor":27.0,"key":"Meat on the Bone"},{"floor":28.0,"key":"Blood Vial"},{"floor":31.0,"key":"Bag of Marbles"},{"floor":37.0,"key":"Gambling Chip"},{"floor":41.0,"key":"Molten Egg 2"},{"floor":48.0,"key":"War Paint"},{"floor":52.0,"key":"Happy Flower"}],"event_choices":[{"damage_healed":0.0,"max_hp_gain":0.0,"max_hp_loss":0.0,"gold_gain":0.0,"cards_transformed":["Guardian:Strike_Guardian"],"event_name":"Transmorgrifier","player_choice":"Transformed","floor":20.0,"gold_loss":0.0,"damage_taken":0.0,"cards_obtained":["Guardian:PolyBeam"]}],"is_beta":false,"boss_relics":[{"not_picked":["Sozu","Calling Bell"],"picked":"sneckomod:SneckoTalon"},{"not_picked":["Busted Crown","Cursed Key"],"picked":"Philosopher\u0027s Stone"}],"items_purged_floors":[39,43,53],"is_endless":false,"potions_floor_spawned":[2,3,8,14,16,22,23,31,32,33,40,42,44,47],"ascension_level":20}}