{"host":"03a85bwj0a5skoit","time":1610540488,"event":{"mods":["BaseMod","Block Reminder","Minty Spire (QoL Compilation)","Relic Stats","StSLib"],"gold_per_floor":[111,186,461,477,495,495,527,527,527,527,537,555,573,11,11,85,85,62,34,4,4,4,4],"floor_reached":22,"language":"ENG","playtime":557,"items_purged":["Strike_R"],"score":368,"play_id":"3d4d6f1b-ff06-48fc-ad54-e1cabf7793c7","local_time":"20210113225128","is_ascension_mode":true,"campfire_choices":[{"data":"Bash","floor":6,"key":"SMITH"},{"data":"Disarm","floor":8,"key":"SMITH"},{"floor":15,"key":"REST"}],"circlet_count":0,"master_deck":["AscendersBane","Bash+1","Inflame","Fire Breathing","Twin Strike","Disarm+1","Spot Weakness","Cleave+1","Armaments+1","Limit Break","Feed+1","Perfected Strike+1","Flame Barrier","Perfected Strike+1","Juggernaut","Flame Barrier","Rupture","Spot Weakness","Wild Strike+1","Warcry+1","Shrug It Off","Wild Strike+1"],"relics":["Burning Blood","NeowsBlessing","InkBottle","Molten Egg 2","Strange Spoon","Pen Nib","Pandora\u0027s Box"],"acts_visited":["Exordium","TheCity"],"potions_floor_usage":[7,12,13,16],"damage_taken":[{"damage":0,"enemies":"2 Louse","floor":1,"turns":1},{"damage":0,"enemies":"Small Slimes","floor":4,"turns":1},{"damage":0,"enemies":"Cultist","floor":5,"turns":1},{"damage":49,"enemies":"Lagavulin","floor":7,"turns":7},{"damage":13,"enemies":"2 Fungi Beasts","floor":11,"turns":5},{"damage":21,"enemies":"Lots of Slimes","floor":12,"turns":5},{"damage":8,"enemies":"Large Slime","floor":13,"turns":6},{"damage":28,"enemies":"The Guardian","floor":16,"turns":12},{"damage":42,"enemies":"2 Thieves","floor":18,"turns":4},{"damage":26,"enemies":"3 Byrds","floor":22,"turns":2}],"seed_played":"2608623301330561774","potions_obtained":[{"floor":5,"key":"AttackPotion"},{"floor":11,"key":"BlessingOfTheForge"},{"floor":12,"key":"Block Potion"},{"floor":13,"key":"ColorlessPotion"},{"floor":18,"key":"Dexterity Potion"}],"is_trial":false,"path_per_floor":["M","?","?","M","M","R","E","R","T","?","M","M","M","$","R","B",null,"M","$","$","?","M"],"character_chosen":"IRONCLAD","items_purchased":["Limit Break","Strange Spoon","Pen Nib","Shrug It Off","Wild Strike+1"],"campfire_rested":1,"item_purchase_floors":[14,14,14,19,20],"current_hp_per_floor":[74,63,63,69,75,75,32,32,32,32,25,10,8,8,30,8,58,26,26,26,26,0,0],"gold":4,"neow_bonus":"THREE_ENEMY_KILL","is_daily":false,"chose_seed":false,"campfire_upgraded":2,"win_rate":0.0,"timestamp":1610540488,"path_taken":["M","?","?","M","?","R","E","R","T","?","M","M","M","$","R","BOSS","M","?","$","?","?"],"items_purchased_type":["Card","Relic","Relic","Card","Card"],"build_version":"2020-12-22","purchased_purges":1,"victory":false,"max_hp_per_floor":[75,75,75,75,75,75,75,75,75,75,75,75,75,75,75,75,75,79,79,79,79,79,79],"relic_stats":{"Strange Spoon":[3],"counters":[10,44],"Pandora\u0027s Box":["Perfected Strike","Flame Barrier","Perfected Strike","Juggernaut","Flame Barrier","Rupture","Spot Weakness","Wild Strike"],"Pen Nib":[1],"obtain_stats":[{"Strange Spoon":14,"NeowsBlessing":0,"Molten Egg 2":9,"Pandora\u0027s Box":17,"Pen Nib":14,"Burning Blood":0,"InkBottle":7},{"Strange Spoon":7,"NeowsBlessing":0,"Molten Egg 2":4,"Pandora\u0027s Box":8,"Pen Nib":7,"Burning Blood":0,"InkBottle":4},{"Strange Spoon":26,"NeowsBlessing":0,"Molten Egg 2":10,"Pandora\u0027s Box":38,"Pen Nib":26,"Burning Blood":0,"InkBottle":10}],"Burning Blood":54,"InkBottle":[8]},"card_choices":[{"not_picked":["Twin Strike","True Grit"],"picked":"Inflame","floor":1},{"not_picked":["Whirlwind","Flex"],"picked":"Fire Breathing","floor":4},{"not_picked":["Flex","Metallicize"],"picked":"Twin Strike","floor":5},{"not_picked":["Iron Wave","Thunderclap"],"picked":"Disarm","floor":7},{"not_picked":["Whirlwind+1","Uppercut+1"],"picked":"Spot Weakness","floor":11},{"not_picked":["Hemokinesis+1","Twin Strike+1"],"picked":"Cleave+1","floor":12},{"not_picked":["Shrug It Off","Sentinel"],"picked":"Armaments","floor":13},{"not_picked":["Reaper+1","Exhume"],"picked":"Feed+1","floor":16},{"not_picked":["Rupture","Havoc"],"picked":"Warcry+1","floor":18}],"player_experience":2336431,"relics_obtained":[{"floor":7,"key":"InkBottle"},{"floor":9,"key":"Molten Egg 2"}],"event_choices":[{"damage_healed":0,"gold_gain":75,"player_choice":"Gather Gold","damage_taken":11,"max_hp_gain":0,"max_hp_loss":0,"event_name":"World of Goop","floor":2,"gold_loss":0},{"damage_healed":0,"gold_gain":275,"player_choice":"Desecrate","damage_taken":0,"max_hp_gain":0,"max_hp_loss":0,"event_name":"Golden Shrine","floor":3,"gold_loss":0,"cards_obtained":["Regret"]},{"cards_removed":["Regret"],"damage_healed":0,"gold_gain":0,"player_choice":"Purged","damage_taken":0,"max_hp_gain":0,"max_hp_loss":0,"event_name":"Purifier","floor":10,"gold_loss":0},{"damage_healed":0,"gold_gain":0,"player_choice":"Upgraded","damage_taken":0,"max_hp_gain":0,"max_hp_loss":0,"event_name":"Upgrade Shrine","floor":21,"gold_loss":0,"cards_upgraded":["Armaments"]}],"is_beta":false,"boss_relics":[{"not_picked":["Mark of Pain","Astrolabe"],"picked":"Pandora\u0027s Box"}],"items_purged_floors":[14],"is_endless":false,"potions_floor_spawned":[5,11,12,13,18],"killed_by":"3 Byrds","ascension_level":20}}