{"host":"19t2eyow02s954g8","time":1610523478,"event":{"mods":["BaseMod","Colored Map","DeckTracker","Minty Spire (QoL Compilation)","StSLib","SuperFastMode"],"gold_per_floor":[116,4,4,4,22,22,54,66,66,66,97,23,23,33,33,109,109,125,77,77,89,4,4,4,4],"floor_reached":24,"language":"KOR","playtime":451,"items_purged":["Strike_G"],"score":458,"play_id":"fd266d95-e4b6-485a-a59f-7d423f705506","local_time":"20210113163758","is_ascension_mode":true,"campfire_choices":[{"data":"Neutralize","floor":6,"key":"SMITH"},{"data":"Noxious Fumes","floor":10,"key":"SMITH"},{"data":"Concentrate","floor":13,"key":"SMITH"},{"data":"Deadly Poison","floor":15,"key":"SMITH"},{"data":"Acrobatics","floor":23,"key":"SMITH"}],"circlet_count":0,"master_deck":["AscendersBane","Strike_G","Strike_G","Defend_G+1","Defend_G","Defend_G","Defend_G","Defend_G","Survivor","Neutralize+1","Deadly Poison+1","Catalyst+1","Noxious Fumes+1","Slice","Reflex","Acrobatics+1","Blur","Concentrate+1","Footwork","Adrenaline","Reflex"],"relics":["Ring of the Snake","NeowsBlessing","Gremlin Horn","Bottled Tornado","Art of War","Coffee Dripper","Tiny Chest"],"acts_visited":["Exordium","TheCity"],"potions_floor_usage":[],"damage_taken":[{"damage":0,"enemies":"Cultist","floor":1,"turns":1},{"damage":0,"enemies":"2 Louse","floor":5,"turns":1},{"damage":0,"enemies":"3 Sentries","floor":7,"turns":1},{"damage":4,"enemies":"Small Slimes","floor":8,"turns":4},{"damage":21,"enemies":"Gremlin Nob","floor":11,"turns":4},{"damage":12,"enemies":"2 Fungi Beasts","floor":14,"turns":5},{"damage":8,"enemies":"Hexaghost","floor":16,"turns":8},{"damage":1,"enemies":"Chosen","floor":18,"turns":4},{"damage":6,"enemies":"2 Thieves","floor":19,"turns":5},{"damage":27,"enemies":"3 Cultists","floor":21,"turns":6}],"seed_played":"7748553421848560235","potions_obtained":[{"floor":5,"key":"FairyPotion"},{"floor":14,"key":"LiquidBronze"},{"floor":21,"key":"CultistPotion"}],"is_trial":false,"path_per_floor":["M","$","?","?","M","R","E","M","T","R","E","$","R","M","R","B",null,"M","M","?","M","?","R","$"],"character_chosen":"THE_SILENT","items_purchased":["Catalyst","Concentrate"],"campfire_rested":0,"item_purchase_floors":[2,12],"current_hp_per_floor":[59,59,39,39,39,39,39,35,35,35,14,14,14,2,2,15,53,52,46,46,19,19,19,19,19],"gold":4,"neow_bonus":"THREE_ENEMY_KILL","is_daily":false,"chose_seed":false,"campfire_upgraded":5,"win_rate":0.0,"timestamp":1610523478,"path_taken":["M","$","?","?","M","R","E","M","T","R","E","$","R","?","R","BOSS","M","?","?","M","?","R","$"],"items_purchased_type":["Card","Card"],"build_version":"2020-12-22","purchased_purges":1,"victory":false,"max_hp_per_floor":[66,66,66,66,66,66,66,66,66,66,66,66,66,66,66,66,66,66,66,66,66,66,66,66,66],"card_choices":[{"not_picked":["Sucker Punch","Dagger Throw"],"picked":"Deadly Poison","floor":1},{"not_picked":["All Out Attack","Prepared"],"picked":"Slice","floor":5},{"not_picked":["Poisoned Stab","Prepared"],"picked":"Reflex","floor":7},{"not_picked":["PiercingWail","Flying Knee"],"picked":"Acrobatics","floor":8},{"not_picked":["Masterful Stab","Quick Slash"],"picked":"Blur","floor":11},{"not_picked":["Endless Agony","Underhanded Strike"],"picked":"Footwork","floor":14},{"not_picked":["Burst","Malaise"],"picked":"Adrenaline","floor":16},{"not_picked":["Prepared","Infinite Blades"],"picked":"Reflex","floor":18},{"not_picked":["Flying Knee","Blade Dance","Slice+1"],"picked":"SKIP","floor":19},{"not_picked":["Deadly Poison","Dagger Spray","Underhanded Strike"],"picked":"SKIP","floor":21}],"player_experience":4260728,"relics_obtained":[{"floor":7,"key":"Gremlin Horn"},{"floor":9,"key":"Bottled Tornado"},{"floor":11,"key":"Art of War"}],"event_choices":[{"damage_healed":0,"gold_gain":0,"player_choice":"Entered Light","damage_taken":20,"max_hp_gain":0,"max_hp_loss":0,"event_name":"Shining Light","floor":3,"gold_loss":0,"cards_upgraded":["Defend_G","Catalyst"]},{"damage_healed":0,"gold_gain":0,"cards_transformed":["Strike_G"],"player_choice":"Transformed","damage_taken":0,"max_hp_gain":0,"max_hp_loss":0,"event_name":"Transmorgrifier","floor":4,"gold_loss":0,"cards_obtained":["Noxious Fumes"]},{"cards_removed":["Strike_G"],"damage_healed":0,"gold_gain":0,"player_choice":"Elegance","damage_taken":0,"max_hp_gain":0,"max_hp_loss":0,"event_name":"Back to Basics","floor":20,"gold_loss":0},{"damage_healed":0,"gold_gain":0,"player_choice":"Obtained Relic","damage_taken":0,"relics_obtained":["Tiny Chest"],"max_hp_gain":0,"max_hp_loss":0,"event_name":"Addict","floor":22,"gold_loss":85}],"is_beta":false,"boss_relics":[{"not_picked":["WristBlade","Fusion Hammer"],"picked":"Coffee Dripper"}],"items_purged_floors":[2],"is_endless":false,"potions_floor_spawned":[5,14,21],"ascension_level":20}}