{"host":"Qube","time":1610507096,"event":{"mods":["AchievementEnabler","BaseMod","Colored Map","Colored Powertips","Minty Spire (QoL Compilation)","Quick Restart","Random Character Button","StSLib"],"gold_per_floor":[116,133,133,149,149,149,159,191,215,215,245,257,294,318,330,420,432,456,518,530,542,94,94,94],"floor_reached":23,"language":"ENG","playtime":718,"items_purged":["Decay"],"score":456,"play_id":"db6de402-aeeb-4160-ab6d-1ccb76d4a670","local_time":"20210112190456","is_ascension_mode":true,"campfire_choices":[{"floor":6.0,"key":"REST"},{"floor":10.0,"key":"REST"},{"floor":12.0,"key":"REST"},{"data":"Armaments","floor":15.0,"key":"SMITH"}],"circlet_count":0,"master_deck":["AscendersBane","Strike_R","Strike_R+1","Strike_R","Strike_R","Strike_R","Defend_R","Defend_R","Defend_R","Defend_R+1","Bash","Sword Boomerang","Twin Strike","Armaments+1","Uppercut","Battle Trance","Inflame","Shrug It Off","Limit Break","Flex"],"relics":["Philosopher\u0027s Stone","Lantern","PreservedInsect","MawBank","Centennial Puzzle","Runic Cube","Meat on the Bone"],"acts_visited":["Exordium","TheCity"],"potions_floor_usage":[21,23,23],"damage_taken":[{"damage":0.0,"enemies":"Cultist","floor":1.0,"turns":3.0},{"damage":2.0,"enemies":"2 Louse","floor":2.0,"turns":3.0},{"damage":8.0,"enemies":"Small Slimes","floor":4.0,"turns":2.0},{"damage":2.0,"enemies":"2 Fungi Beasts","floor":7.0,"turns":3.0},{"damage":35.0,"enemies":"Lagavulin","floor":8.0,"turns":9.0},{"damage":20.0,"enemies":"3 Sentries","floor":11.0,"turns":6.0},{"damage":0.0,"enemies":"Gremlin Nob","floor":13.0,"turns":2.0},{"damage":9.0,"enemies":"Blue Slaver","floor":14.0,"turns":2.0},{"damage":40.0,"enemies":"Slime Boss","floor":16.0,"turns":9.0},{"damage":41.0,"enemies":"2 Thieves","floor":18.0,"turns":4.0},{"damage":0,"enemies":"Shell Parasite","floor":21,"turns":1},{"damage":0,"enemies":"Gremlin Leader","floor":23,"turns":4}],"seed_played":"7165752651443602494","potions_obtained":[{"floor":8.0,"key":"FearPotion"},{"floor":14.0,"key":"DistilledChaos"},{"floor":16.0,"key":"SmokeBomb"}],"is_trial":false,"path_per_floor":["M","M","?","M","?","R","M","E","T","R","E","R","E","M","R","B",null,"M","?","?","M","$","E"],"character_chosen":"IRONCLAD","items_purchased":["Meat on the Bone","Weak Potion","PowerPotion"],"campfire_rested":3,"item_purchase_floors":[22,22,22],"current_hp_per_floor":[68,66,71,63,39,63,61,26,26,50,30,54,54,45,45,5,61,20,20,20,20,20,20,20],"gold":94,"neow_bonus":"BOSS_RELIC","is_daily":false,"chose_seed":false,"campfire_upgraded":1,"win_rate":0.0,"timestamp":1610507096,"path_taken":["M","M","?","M","?","R","M","E","T","R","E","R","E","M","R","BOSS","M","?","?","M","$","E"],"items_purchased_type":["Relic","Potion","Potion"],"build_version":"2020-12-18","purchased_purges":1,"victory":false,"max_hp_per_floor":[75,75,80,80,80,80,80,80,80,80,80,80,80,80,80,80,80,80,80,80,80,80,80,80],"card_choices":[{"not_picked":["Thunderclap","Intimidate"],"picked":"Sword Boomerang","floor":1.0},{"not_picked":["Cleave","Shrug It Off"],"picked":"Twin Strike","floor":2.0},{"not_picked":["Berserk","Sword Boomerang"],"picked":"Armaments","floor":4.0},{"not_picked":["Sword Boomerang","Body Slam"],"picked":"Uppercut","floor":7.0},{"not_picked":["Rupture","Seeing Red"],"picked":"Battle Trance","floor":8.0},{"not_picked":["Anger","Clothesline","Sword Boomerang"],"picked":"SKIP","floor":11.0},{"not_picked":["Pommel Strike","Disarm"],"picked":"Inflame","floor":13.0},{"not_picked":["Dropkick","Heavy Blade"],"picked":"Shrug It Off","floor":14.0},{"not_picked":["Immolate","Bludgeon"],"picked":"Limit Break","floor":16.0},{"not_picked":["Thunderclap","Sentinel"],"picked":"Flex","floor":18.0}],"player_experience":884335,"relics_obtained":[{"floor":8.0,"key":"Lantern"},{"floor":9.0,"key":"PreservedInsect"},{"floor":11.0,"key":"MawBank"},{"floor":13.0,"key":"Centennial Puzzle"}],"event_choices":[{"damage_healed":0.0,"max_hp_gain":5.0,"max_hp_loss":0.0,"gold_gain":0.0,"event_name":"Big Fish","player_choice":"Donut","floor":3.0,"gold_loss":0.0,"damage_taken":0.0},{"damage_healed":0.0,"max_hp_gain":0.0,"max_hp_loss":0.0,"gold_gain":0.0,"event_name":"Shining Light","player_choice":"Entered Light","floor":5.0,"gold_loss":0.0,"damage_taken":24.0,"cards_upgraded":["Defend_R","Strike_R"]},{"damage_healed":0.0,"max_hp_gain":0.0,"max_hp_loss":0.0,"gold_gain":50.0,"event_name":"Nest","player_choice":"Stole From Cult","floor":19.0,"gold_loss":0.0,"damage_taken":0.0},{"damage_healed":0.0,"max_hp_gain":0.0,"max_hp_loss":0.0,"gold_gain":0.0,"event_name":"Forgotten Altar","player_choice":"Smashed Altar","floor":20.0,"gold_loss":0.0,"damage_taken":0.0,"cards_obtained":["Decay"]}],"is_beta":true,"boss_relics":[{"not_picked":["SacredBark","Sozu"],"picked":"Runic Cube"}],"items_purged_floors":[22],"is_endless":false,"potions_floor_spawned":[8,14,16],"killed_by":"Gremlin Leader","ascension_level":19}}