{"host":"c3lc60y5x60jlt1y","time":1610572206,"event":{"mods":["AchievementEnabler","BaseMod","Bestiary","Colored Map","Minty Spire (QoL Compilation)","Quick Restart","StSLib","ojb\u0027s Info Mod"],"gold_per_floor":[116,116,116,116,137,172,192,235,258,279,279,303,303,26,26,151,151,165,10,25,25,225,266,286,44,124,140,181,181,181,181],"floor_reached":30,"playtime":1457,"items_purged":["Strike_B","Writhe"],"score":379,"play_id":"af7f8c61-7ca8-488d-b71b-72e888eba067","local_time":"20210113231006","is_ascension_mode":true,"campfire_choices":[{"data":"Fission","floor":13,"key":"SMITH"},{"floor":15,"key":"REST"},{"floor":29,"key":"REST"}],"circlet_count":0,"master_deck":["Strike_B","Strike_B","Defend_B","Defend_B+1","Defend_B","Defend_B","Zap+1","Dualcast","Chaos+1","Loop","Streamline","Lockon","Coolheaded","Steam","Ball Lightning+1","Fission+1","Defragment","Blizzard","Coolheaded","Creative AI","Electrodynamics","Glacier","Sunder","White Noise","Capacitor","Chill","Static Discharge"],"relics":["Cracked Core","NeowsBlessing","Golden Idol","War Paint","Bronze Scales","Oddly Smooth Stone","Bag of Marbles","Fusion Hammer","Ginger","Bottled Flame","Sundial","FossilizedHelix"],"acts_visited":["Exordium","TheCity"],"potions_floor_usage":[10,10,28,28,28],"damage_taken":[{"damage":0,"enemies":"Jaw Worm","floor":1,"turns":1},{"damage":0,"enemies":"2 Louse","floor":5,"turns":1},{"damage":0,"enemies":"Gremlin Nob","floor":6,"turns":1},{"damage":0,"enemies":"Small Slimes","floor":7,"turns":3},{"damage":17,"enemies":"3 Sentries","floor":8,"turns":6},{"damage":3,"enemies":"Exordium Wildlife","floor":10,"turns":3},{"damage":7,"enemies":"Blue Slaver","floor":12,"turns":2},{"damage":4,"enemies":"Slime Boss","floor":16,"turns":8},{"damage":5,"enemies":"Spheric Guardian","floor":18,"turns":3},{"damage":0,"enemies":"3 Byrds","floor":20,"turns":3},{"damage":17,"enemies":"Book of Stabbing","floor":23,"turns":6},{"damage":15,"enemies":"Snake Plant","floor":24,"turns":4},{"damage":0,"enemies":"3 Cultists","floor":27,"turns":3},{"damage":27,"enemies":"Slavers","floor":28,"turns":4},{"damage":34,"enemies":"Gremlin Leader","floor":30,"turns":4}],"seed_played":"-1107832456473508779","potions_obtained":[{"floor":1,"key":"Fruit Juice"},{"floor":6,"key":"Fire Potion"},{"floor":10,"key":"Regen Potion"},{"floor":20,"key":"PotionOfCapacity"},{"floor":24,"key":"Fire Potion"}],"is_trial":false,"path_per_floor":["M","?","?","?","M","E","M","E","T","M","?","M","R","$","R","B",null,"M","$","M","?","?","E","M","$","T","M","E","R","E"],"character_chosen":"DEFECT","items_purchased":["Defragment","Blizzard","Coolheaded","Electrodynamics","Glacier","Capacitor","Chill"],"campfire_rested":2,"item_purchase_floors":[14,14,14,19,19,25,25],"current_hp_per_floor":[75,75,69,51,51,51,51,34,34,36,21,14,14,14,36,32,64,59,59,59,59,59,42,27,27,27,27,12,34,0,0],"gold":181,"neow_bonus":"THREE_ENEMY_KILL","is_daily":false,"chose_seed":false,"campfire_upgraded":1,"win_rate":0.0,"timestamp":1610572206,"path_taken":["M","?","?","?","M","E","M","E","T","?","?","M","R","$","R","BOSS","M","$","M","?","?","E","?","$","T","M","E","R","E"],"items_purchased_type":["Card","Card","Card","Card","Card","Card","Card"],"build_version":"2020-12-22","purchased_purges":2,"victory":false,"max_hp_per_floor":[75,75,69,69,69,69,69,69,69,74,74,74,74,74,74,74,74,74,74,74,74,74,74,74,74,74,74,74,74,74,74],"card_choices":[{"not_picked":["Cold Snap","Rebound"],"picked":"Chaos","floor":1},{"not_picked":["Sweeping Beam","Leap"],"picked":"Streamline","floor":5},{"not_picked":["Barrage","Loop"],"picked":"Lockon","floor":6},{"not_picked":["Compile Driver","Leap"],"picked":"Coolheaded","floor":7},{"not_picked":["Cold Snap","Coolheaded"],"picked":"Steam","floor":8},{"not_picked":["Reinforced Body","Cold Snap"],"picked":"Ball Lightning","floor":10},{"not_picked":["White Noise","BootSequence"],"picked":"Fission","floor":12},{"not_picked":["Machine Learning","Buffer"],"picked":"Creative AI","floor":16},{"not_picked":["Sweeping Beam","Reprogram+1","Turbo"],"picked":"SKIP","floor":18},{"not_picked":["Stack","Rebound+1","Compile Driver"],"picked":"SKIP","floor":20},{"not_picked":["Aggregate","Steam"],"picked":"Sunder","floor":23},{"not_picked":["Go for the Eyes","Compile Driver"],"picked":"White Noise","floor":24},{"not_picked":["Stack","Beam Cell+1"],"picked":"Static Discharge","floor":27},{"not_picked":["Cold Snap","Barrage","Ball Lightning"],"picked":"SKIP","floor":28}],"player_experience":8022171,"relics_obtained":[{"floor":6,"key":"Bronze Scales"},{"floor":8,"key":"Oddly Smooth Stone"},{"floor":9,"key":"Bag of Marbles"},{"floor":23,"key":"Bottled Flame"},{"floor":26,"key":"Sundial"},{"floor":28,"key":"FossilizedHelix"}],"event_choices":[{"damage_healed":0,"gold_gain":0,"cards_transformed":["Strike_B"],"player_choice":"Change","damage_taken":0,"max_hp_gain":0,"max_hp_loss":0,"event_name":"Living Wall","floor":2,"gold_loss":0,"cards_obtained":["Loop"]},{"damage_healed":0,"gold_gain":0,"player_choice":"Lose Max HP","damage_taken":0,"relics_obtained":["Golden Idol"],"max_hp_gain":0,"max_hp_loss":6,"event_name":"Golden Idol","floor":3,"gold_loss":0},{"damage_healed":0,"gold_gain":0,"player_choice":"Success","damage_taken":18,"relics_obtained":["War Paint"],"max_hp_gain":0,"max_hp_loss":0,"event_name":"Scrap Ooze","floor":4,"gold_loss":0},{"damage_healed":0,"gold_gain":0,"player_choice":"Entered Light","damage_taken":15,"max_hp_gain":0,"max_hp_loss":0,"event_name":"Shining Light","floor":11,"gold_loss":0,"cards_upgraded":["Ball Lightning","Defend_B"]},{"damage_healed":0,"gold_gain":0,"player_choice":"Opened","damage_taken":0,"relics_obtained":["Ginger"],"max_hp_gain":0,"max_hp_loss":0,"event_name":"The Mausoleum","floor":21,"gold_loss":0,"cards_obtained":["Writhe"]},{"damage_healed":0,"gold_gain":200,"player_choice":"Gold","damage_taken":0,"max_hp_gain":0,"max_hp_loss":0,"event_name":"Wheel of Change","floor":22,"gold_loss":0}],"is_beta":false,"boss_relics":[{"not_picked":["Astrolabe","Snecko Eye"],"picked":"Fusion Hammer"}],"items_purged_floors":[14,25],"is_endless":false,"potions_floor_spawned":[1,6,10,20,24,27],"killed_by":"Gremlin Leader","ascension_level":5}}