{"host":"xt797mi8yhee06c1","time":1610521202,"event":{"mods":["Arknights The Spire","BaseMod","Bestiary","Koishi","Marisa£¨Ùöéë¡¡Øª×âÞÞ£©","Minty Spire (QoL Compilation)","Poor People Problems","Prisma Mod","Relic Filter","Shop Mod","Spicy Shops","StSLib","The Marked","The Runesmith","The Servant 0.9.4","WarShipGirlsR/??á´Ò³R mod"],"gold_per_floor":[115,83,103,103,120,149,149,178,230,247,265,265,290,62,62,183,183,194,494,14,0,19,54,54,54,54,54,85,85,115,115,115,115,115],"floor_reached":33,"language":"KOR","playtime":2670,"items_purged":["Shame"],"score":344,"play_id":"f683e844-f7da-45f5-96c7-497af9f31a4f","local_time":"20210113160002","is_ascension_mode":false,"campfire_choices":[{"floor":12.0,"key":"REST"},{"data":"Apotheosis","floor":15.0,"key":"SMITH"},{"floor":25.0,"key":"REST"},{"floor":27.0,"key":"REST"},{"floor":29.0,"key":"REST"},{"data":"PrismaMod:ChloeAnyPowerTrace","floor":32.0,"key":"SMITH"}],"circlet_count":0,"master_deck":["PrismaMod:ChloeCheapAttack","PrismaMod:ChloeCheapDefend","PrismaMod:ChloeBetterTracePools","PrismaMod:ChloeCheapAttack","PrismaMod:ChloeCaladbolg","PrismaMod:ChloeCheapAttackTwo","PrismaMod:ChloeCheapDefendTwo","PrismaMod:ChloeAnyPowerTrace+1","PrismaMod:ChloeCheapAttackTwo","PrismaMod:ChloeCheapAttackTwo","PrismaMod:ChloeCommonAOEAttack","Apotheosis+1","Pride","PrismaMod:ChloeDevil","PrismaMod:ChloeBetterTracePools","PrismaMod:ChloeMaid","PrismaMod:ChloeGaeBolg","PrismaMod:ChloeCaladbolg","PrismaMod:ChloeGreatTracePools","PrismaMod:ChloeEyeOfTheEuryale","PrismaMod:ChloeDiscardRecovery","PrismaMod:ChloeAnyRareTrace","PrismaMod:ChloeExhaustOne","PrismaMod:ChloeExcalibur","PrismaMod:ChloeCheapAttackTwo","PrismaMod:ChloeExhaustOne","PrismaMod:ChloeMaid","PrismaMod:ChloeAnyAttackTrace","PrismaMod:ChloeUncommonDefend","PrismaMod:ChloeCheapAttackTwo","rmod:fletcherpendant","rmod:fletcherpendant","PrismaMod:ChloeRuleBreaker","PrismaMod:ChloeDiscardRecovery"],"relics":["PrismaMod:PrismaTraceOn","NeowsBlessing","Ornamental Fan","Bottled Tornado","Akabeko","Shuriken","Strange Spoon","Pandora\u0027s Box","Old Coin","Omamori","Runesmith:Nanobots","Runesmith:Locket","Gambling Chip","Lantern","Mummified Hand","Juzu Bracelet"],"acts_visited":["Exordium","TheCity"],"potions_floor_usage":[],"damage_taken":[{"damage":0.0,"enemies":"Cultist","floor":1.0,"turns":1.0},{"damage":0.0,"enemies":"2 Louse","floor":3.0,"turns":2.0},{"damage":0.0,"enemies":"Small Slimes","floor":5.0,"turns":1.0},{"damage":34.0,"enemies":"Lagavulin","floor":6.0,"turns":6.0},{"damage":32.0,"enemies":"Gremlin Nob","floor":8.0,"turns":6.0},{"damage":0.0,"enemies":"2 Fungi Beasts","floor":10.0,"turns":3.0},{"damage":0.0,"enemies":"Looter","floor":11.0,"turns":3.0},{"damage":6.0,"enemies":"3 Sentries","floor":13.0,"turns":6.0},{"damage":40.0,"enemies":"Hexaghost","floor":16.0,"turns":11.0},{"damage":30.0,"enemies":"Chosen","floor":18.0,"turns":6.0},{"damage":20.0,"enemies":"2 Thieves","floor":22.0,"turns":4.0},{"damage":19.0,"enemies":"Gremlin Leader","floor":23.0,"turns":4.0},{"damage":194.0,"enemies":"Slavers","floor":28.0,"turns":22.0},{"damage":14.0,"enemies":"Gremlin Leader","floor":30.0,"turns":5.0},{"damage":0,"enemies":"Collector","floor":33,"turns":1}],"seed_played":"6271602268341491575","potions_obtained":[{"floor":1.0,"key":"DuplicationPotion"},{"floor":8.0,"key":"Energy Potion"},{"floor":11.0,"key":"GamblersBrew"},{"floor":13.0,"key":"Energy Potion"},{"floor":18.0,"key":"EssenceOfSteel"}],"is_trial":false,"path_per_floor":["M","$","M","?","M","E","?","E","T","M","M","R","E","$","R","B",null,"M","?","$","?","M","E","T","R","T","R","E","R","E","?","R","B"],"character_chosen":"CHLOE","items_purchased":["PrismaMod:ChloeCheapAttack","Apotheosis","Strange Spoon","Omamori","Runesmith:Nanobots"],"campfire_rested":4,"item_purchase_floors":[2,14,14,20,20],"current_hp_per_floor":[75,75,75,75,75,41,34,2,2,2,2,24,25,25,25,12,75,47,47,47,47,29,14,14,36,36,58,3,25,15,40,40,40,40],"gold":115,"neow_bonus":"THREE_ENEMY_KILL","is_daily":false,"chose_seed":false,"campfire_upgraded":2,"win_rate":0.0,"timestamp":1610521202,"path_taken":["M","$","?","?","M","E","?","E","T","M","M","R","E","$","R","BOSS","M","?","$","?","M","E","?","R","T","R","E","R","E","?","R","BOSS"],"items_purchased_type":["Card","Card","Relic","Relic","Relic"],"build_version":"2020-12-22","purchased_purges":1,"victory":false,"max_hp_per_floor":[75,75,75,75,75,75,75,75,75,75,75,75,75,75,75,75,75,75,75,75,75,75,75,75,75,75,75,75,75,75,75,75,75,75],"card_choices":[{"not_picked":["PrismaMod:ChloeChristmas","PrismaMod:ChloeCheapDefendTwo"],"picked":"PrismaMod:ChloeBetterTracePools","floor":1.0},{"not_picked":["PrismaMod:ChloeCheapDefendTwo","PrismaMod:ChloeCommonAOEAttack"],"picked":"PrismaMod:ChloeCaladbolg","floor":3.0},{"not_picked":["PrismaMod:ChloeCheapDefend","PrismaMod:ChloeUncommonAttack"],"picked":"PrismaMod:ChloeCheapAttackTwo","floor":5.0},{"not_picked":["PrismaMod:ChloeExhaustOne","PrismaMod:ChloeBetterTracePools"],"picked":"PrismaMod:ChloeCheapDefendTwo","floor":6.0},{"not_picked":["PrismaMod:ChloeDemonicTutor","PrismaMod:ChloeExhaustOne"],"picked":"PrismaMod:ChloeAnyPowerTrace","floor":8.0},{"not_picked":["PrismaMod:ChloeCheapDefendTwo","PrismaMod:ChloeDiscardRecovery"],"picked":"PrismaMod:ChloeCheapAttackTwo","floor":10.0},{"not_picked":["PrismaMod:ChloeCheapDefend","PrismaMod:ChloeCheapDefendTwo"],"picked":"PrismaMod:ChloeCheapAttackTwo","floor":11.0},{"not_picked":["PrismaMod:ChloeCheapAttackTwo","PrismaMod:ChloeMordred"],"picked":"PrismaMod:ChloeCommonAOEAttack","floor":13.0},{"not_picked":["PrismaMod:ChloeAnyAttackTrace","PrismaMod:ChloeAnyUncommonTrace"],"picked":"PrismaMod:ChloeDevil","floor":16.0},{"not_picked":["PrismaMod:ChloeMaid","PrismaMod:ChloeCheapAttack+1"],"picked":"PrismaMod:ChloeExcalibur","floor":18.0},{"not_picked":[],"picked":"PrismaMod:ChloeCheapAttackTwo","floor":21.0},{"not_picked":[],"picked":"PrismaMod:ChloeExhaustOne","floor":21.0},{"not_picked":[],"picked":"PrismaMod:ChloeMaid","floor":21.0},{"not_picked":[],"picked":"PrismaMod:ChloeAnyAttackTrace","floor":21.0},{"not_picked":["PrismaMod:ChloeBetterTracePools","PrismaMod:ChloeCheapDefend"],"picked":"PrismaMod:ChloeUncommonDefend","floor":22.0},{"not_picked":["PrismaMod:ChloeBetterTracePools","PrismaMod:ChloeCheapDefend"],"picked":"PrismaMod:ChloeCheapAttackTwo","floor":23.0},{"not_picked":["PrismaMod:ChloeCheapAttackTwo","PrismaMod:ChloeChristmas"],"picked":"PrismaMod:ChloeRuleBreaker","floor":28.0},{"not_picked":["PrismaMod:ChloeExhaustOne+1","PrismaMod:ChloeCheapAttack"],"picked":"PrismaMod:ChloeDiscardRecovery","floor":30.0}],"player_experience":328796,"relics_obtained":[{"floor":6.0,"key":"Ornamental Fan"},{"floor":8.0,"key":"Bottled Tornado"},{"floor":9.0,"key":"Akabeko"},{"floor":13.0,"key":"Shuriken"},{"floor":23.0,"key":"Runesmith:Locket"},{"floor":24.0,"key":"Gambling Chip"},{"floor":26.0,"key":"Lantern"},{"floor":28.0,"key":"Mummified Hand"},{"floor":30.0,"key":"Juzu Bracelet"}],"event_choices":[{"damage_healed":0.0,"max_hp_gain":0.0,"max_hp_loss":0.0,"gold_gain":0.0,"event_name":"Shining Light","player_choice":"Ignored","floor":4.0,"gold_loss":0.0,"damage_taken":0.0},{"cards_removed":["PrismaMod:ChloeCommonAttack"],"damage_healed":0.0,"max_hp_gain":0.0,"max_hp_loss":0.0,"gold_gain":0.0,"event_name":"Golden Wing","player_choice":"Card Removal","floor":7.0,"gold_loss":0.0,"damage_taken":7.0},{"damage_healed":0.0,"max_hp_gain":0.0,"max_hp_loss":0.0,"gold_gain":0.0,"event_name":"Addict","player_choice":"Stole Relic","floor":19.0,"gold_loss":0.0,"damage_taken":0.0,"relics_obtained":["Old Coin"],"cards_obtained":["Shame"]},{"damage_healed":25.0,"max_hp_gain":0.0,"max_hp_loss":0.0,"gold_gain":0.0,"event_name":"The Library","player_choice":"Heal","floor":31.0,"gold_loss":0.0,"damage_taken":0.0}],"is_beta":false,"boss_relics":[{"not_picked":["Tiny House","Velvet Choker"],"picked":"Pandora\u0027s Box"}],"items_purged_floors":[20],"is_endless":false,"potions_floor_spawned":[1,8,11,13,18],"killed_by":"Collector","ascension_level":0}}