{"host":"pgqo2okrcsmr67kt","time":1610546776,"event":{"mods":["BaseMod","Colored Map","Colored Powertips","Downfall","Hermit","Marisa£®ÏF”Í°°ƒß¿Ì…≥£©","Minty Spire (QoL Compilation)","Reimu£®≤©¿ˆ¡È√Œ£©","Remilia£®¿Ÿ√◊¿Ú—«£©","Replay The Spire","Shop Mod","StSLib","SuperFastMode","The Bug Knight","The Cursed","The Poker Player","The Servant 0.9.4"],"gold_per_floor":[399,414,429,444,459,292,292,307,337,337,337,367,367,367,382,482,482,482,497,512,527,527,557,582,492,522,537,537,537,552,567,582,682,682,682,697,712,747,791,806,806,806,806,806],"floor_reached":43,"language":"ZHS","playtime":4186,"items_purged":["Defend_RM"],"score":509,"play_id":"c56aa700-ec36-4962-b4e3-8ce38e9607b0","local_time":"20210113220616","daily_mods":["Heirloom","Uncertain Future","Elite Swarm"],"is_ascension_mode":false,"campfire_choices":[{"data":"RedMoon","floor":1.0,"key":"SMITH"},{"data":"TransientEternity","floor":10.0,"key":"SMITH"},{"data":"QueenOfMidnight","floor":13.0,"key":"SMITH"},{"data":"ScarletMeister","floor":18.0,"key":"SMITH"},{"data":"Ultimatum","floor":28.0,"key":"SMITH"},{"floor":35.0,"key":"RECALL"},{"data":"TransientEternity","floor":42,"key":"SMITH"}],"circlet_count":0,"master_deck":["RedMoon+1","EternalNight+1","DiffusionOfMisfortune+1","Ultimatum+1","AfternoonTea+1","ScarletCoffin","ScarletMeister+1","TransientEternity+1","QueenOfMidnight+1","VampireSweep+1","ScarletSymphony","TransientEternity+1","UnderTheZenith","FitfulNightmare+1","VampireFantasy","BatForm+1","BloodRain+1","ScarletDream+1","ChaoticDestiny+1","BlasphemousPunishment","ScarletImprint","HunterOfTheNight","FavorOfDestiny","RedRainbow","NightDance","FitfulNightmare+1","Ultimatum+1","TwelveNightmare+1"],"relics":["ScarletHat","Old Coin","Iron Hammer","Replay:Towering Pillar of Hats","Incense Burner","Bronze Scales","Coffee Dripper","Golden Egg","Frozen Egg 2","ScarletDevilRocket","Vajra","Mastiff:ReiMu","Pandora\u0027s Box","Du-Vu Doll","HollowMod:PaleOreRelic"],"acts_visited":["Exordium","TheCity","TheBeyond"],"potions_floor_usage":[38],"damage_taken":[{"damage":0.0,"enemies":"Cultist","floor":2.0,"turns":3.0},{"damage":1.0,"enemies":"2 Louse","floor":3.0,"turns":4.0},{"damage":0.0,"enemies":"Jaw Worm","floor":4.0,"turns":5.0},{"damage":0.0,"enemies":"Looter","floor":5.0,"turns":4.0},{"damage":0.0,"enemies":"downfall:FleeingMerchant","floor":6.0,"turns":4.0},{"damage":0.0,"enemies":"Large Slime","floor":8.0,"turns":9.0},{"damage":2.0,"enemies":"Replay:BlueRogue","floor":9.0,"turns":5.0},{"damage":3.0,"enemies":"Lagavulin","floor":12.0,"turns":4.0},{"damage":0.0,"enemies":"Red Slaver","floor":15.0,"turns":2.0},{"damage":22.0,"enemies":"Hexaghost","floor":16.0,"turns":9.0},{"damage":0.0,"enemies":"Spheric Guardian","floor":19.0,"turns":3.0},{"damage":10.0,"enemies":"Snake Plant","floor":20.0,"turns":3.0},{"damage":3.0,"enemies":"Centurion and Healer","floor":21.0,"turns":6.0},{"damage":1.0,"enemies":"Gremlin Leader","floor":23.0,"turns":5.0},{"damage":0.0,"enemies":"downfall:FleeingMerchant","floor":25.0,"turns":4.0},{"damage":0.0,"enemies":"HollowMod:Nosk","floor":26.0,"turns":4.0},{"damage":6.0,"enemies":"Cultist and Chosen","floor":27.0,"turns":7.0},{"damage":0.0,"enemies":"3 Cultists","floor":30.0,"turns":3.0},{"damage":0.0,"enemies":"Sentry and Sphere","floor":31.0,"turns":3.0},{"damage":5.0,"enemies":"Chosen and Byrds","floor":32.0,"turns":3.0},{"damage":15.0,"enemies":"downfall:Silent","floor":33.0,"turns":4.0},{"damage":10.0,"enemies":"Orb Walker","floor":36.0,"turns":2.0},{"damage":22.0,"enemies":"3 Darklings","floor":37.0,"turns":4.0},{"damage":18,"enemies":"Transient","floor":38,"turns":5},{"damage":28,"enemies":"2 Orb Walkers","floor":39,"turns":4},{"damage":10,"enemies":"Jaw Worm Horde","floor":40,"turns":3},{"damage":75,"enemies":"4 Shapes","floor":43,"turns":3}],"seed_played":"-5514344210177769252","potions_obtained":[{"floor":2.0,"key":"DuplicationPotion"},{"floor":5.0,"key":"Adrenaline Potion"},{"floor":8.0,"key":"AttackPotion"},{"floor":12.0,"key":"ColorlessPotion"},{"floor":16.0,"key":"Block Potion"},{"floor":19.0,"key":"PowerPotion"},{"floor":20.0,"key":"SkillPotion"},{"floor":37,"key":"PowerPotion"},{"floor":38,"key":"champ:CounterPotion"},{"floor":39,"key":"Strength Potion"}],"is_trial":false,"path_per_floor":["R","M","M","M","M","$","T","M","E","R","?","E","R","?","M","B",null,"R","M","M","M","?","E","T","$","E","M","R","?","M","M","M","B",null,"R","M","M","M","?","M","T","R","M"],"character_chosen":"REMILIA","items_purchased":["ScarletCoffin"],"campfire_rested":0,"item_purchase_floors":[6],"current_hp_per_floor":[75,75,74,75,75,75,75,75,73,73,73,74,74,74,74,58,75,75,75,65,75,75,75,75,75,75,75,75,75,75,75,75,74,75,75,75,57,75,62,65,65,65,0,0],"gold":806,"neow_bonus":"","is_daily":true,"chose_seed":false,"campfire_upgraded":6,"win_rate":0.0,"timestamp":1610546776,"path_taken":["R","M","M","M","?","$","T","M","E","R","?","E","R","?","M","BOSS","R","M","M","M","?","E","T","$","E","?","R","?","M","M","M","BOSS","R","M","M","M","?","M","T","R","M"],"items_purchased_type":["Card"],"build_version":"2020-12-22","purchased_purges":1,"victory":false,"max_hp_per_floor":[75,75,75,75,75,75,75,75,75,75,75,75,75,75,75,75,75,75,75,75,75,75,75,75,75,75,75,75,75,75,75,75,75,75,75,75,75,75,75,75,75,75,75,75],"card_choices":[{"not_picked":["MastersStateliness","RedMagic"],"picked":"EternalNight","floor":2.0},{"not_picked":["ReincarnationDial","BloodyTrap"],"picked":"DiffusionOfMisfortune","floor":3.0},{"not_picked":["VampireKiss","NightLord","UnderTheZenith"],"picked":"SKIP","floor":4.0},{"not_picked":["EndlessAdversity","Stigmanizer"],"picked":"Ultimatum","floor":5.0},{"not_picked":["FavorOfDestiny","VampireSweep"],"picked":"AfternoonTea","floor":6.0},{"not_picked":["BloodHunter","ScarletImprint","EmergencyRegeneration"],"picked":"SKIP","floor":8.0},{"not_picked":["CurseOfVladTepes","EquivalentExchange"],"picked":"ScarletMeister","floor":9.0},{"not_picked":["BloodyCatastrophe","BatForm"],"picked":"TransientEternity","floor":9.0},{"not_picked":["ScarletMeister","KillingBlow"],"picked":"QueenOfMidnight","floor":12.0},{"not_picked":["UnderTheZenith","DevilSight"],"picked":"ScarletSymphony","floor":15.0},{"not_picked":["HeartBreak","ScarletMeister"],"picked":"TransientEternity","floor":16.0},{"not_picked":["VampireKiss+1","NightDance"],"picked":"UnderTheZenith","floor":19.0},{"not_picked":["TwelveNightmare","BlasphemousPunishment"],"picked":"FitfulNightmare","floor":20.0},{"not_picked":["ScarletSymphony","LeisurelyOfLord"],"picked":"VampireFantasy","floor":21.0},{"not_picked":["TransientEternity+1","BloodyHallows"],"picked":"BatForm+1","floor":23.0},{"not_picked":["DiffusionOfMisfortune","NightDance","VampireKiss"],"picked":"SKIP","floor":25.0},{"not_picked":["ScarletCoffin","QueenOfMidnight+1"],"picked":"BloodRain","floor":26.0},{"not_picked":["ForecastOfChange","BloodySeventeenLaser","HeartBreak"],"picked":"SKIP","floor":26.0},{"not_picked":["ForecastOfChange","BloodySeventeenLaser","HeartBreak"],"picked":"SKIP","floor":26.0},{"not_picked":["CharismaGuard+1","HunterOfTheNight","VampireKiss"],"picked":"SKIP","floor":27.0},{"not_picked":["FavorOfDestiny+1","UnderTheZenith"],"picked":"ScarletDream+1","floor":30.0},{"not_picked":["FavorOfDestiny+1","ForbiddenFruit","CharismaGuard+1"],"picked":"SKIP","floor":31.0},{"not_picked":["VampireSweep","CeilingFear","DevilSight"],"picked":"SKIP","floor":31.0},{"not_picked":["UnstableMagic","NightDance","ScarletDevil"],"picked":"SKIP","floor":32.0},{"not_picked":["DiffusionOfMisfortune+1","HunterOfTheNight","UltimateOffering"],"picked":"SKIP","floor":32.0},{"not_picked":["TricksterDevil+1","HeartBreak"],"picked":"ChaoticDestiny","floor":33.0},{"not_picked":["BloodHunter+1","BlasphemousPunishment+1","MiserableFate+1"],"picked":"SKIP","floor":36.0},{"not_picked":["UnstableMagic","MiserableFate+1"],"picked":"Ultimatum+1","floor":37},{"not_picked":["EndlessAdversity+1","BombardNight","MastersStateliness+1"],"picked":"SKIP","floor":38},{"not_picked":["BloodAndWine","CharismaGuard+1"],"picked":"TwelveNightmare+1","floor":39},{"not_picked":["NightDance+1","MastersStateliness+1","MiserableFate+1"],"picked":"SKIP","floor":40}],"player_experience":11360,"relics_obtained":[{"floor":8.0,"key":"Iron Hammer"},{"floor":9.0,"key":"Replay:Towering Pillar of Hats"},{"floor":12.0,"key":"Incense Burner"},{"floor":16.0,"key":"Bronze Scales"},{"floor":21.0,"key":"Golden Egg"},{"floor":23.0,"key":"Frozen Egg 2"},{"floor":24.0,"key":"ScarletDevilRocket"},{"floor":26.0,"key":"Vajra"},{"floor":31.0,"key":"Mastiff:ReiMu"},{"floor":39,"key":"Du-Vu Doll"},{"floor":41,"key":"HollowMod:PaleOreRelic"}],"event_choices":[{"damage_healed":0.0,"max_hp_gain":0.0,"max_hp_loss":0.0,"gold_gain":0.0,"event_name":"FaceTrader","player_choice":"Leave","floor":22.0,"gold_loss":0.0,"damage_taken":0.0},{"damage_healed":0.0,"max_hp_gain":0.0,"max_hp_loss":0.0,"gold_gain":0.0,"event_name":"Wheel of Change","player_choice":"Full Heal","floor":29.0,"gold_loss":0.0,"damage_taken":0.0},{"damage_healed":0,"gold_gain":0,"player_choice":"Fight","damage_taken":0,"max_hp_gain":0,"max_hp_loss":0,"event_name":"Mysterious Sphere","floor":39,"gold_loss":0}],"is_beta":false,"boss_relics":[{"not_picked":["Busted Crown","ReplayTheSpireMod:DimensionalGlitch"],"picked":"Coffee Dripper"},{"not_picked":["Velvet Choker","Ring of Chaos"],"picked":"Pandora\u0027s Box"}],"items_purged_floors":[25],"is_endless":false,"potions_floor_spawned":[2,5,8,12,19,20,23,27,30,32,37,39,40],"killed_by":"4 Shapes","ascension_level":0}}