{"host":"91blwi3hgehj6ch9","time":1610559185,"event":{"mods":["2.2 Compatiblity","AchievementEnabler","BaseMod","Colored Map","DeckTracker","Keyboard Shortcuts","Minty Spire (QoL Compilation)","Permanent Neow","Quick Restart","StSLib","SuperFastMode"],"gold_per_floor":[117,23,34,34,54,54,85,85,85,99,99,115,141,158,158,230,230,241,166,183,71,71,103,120,145,145,180,207,207,33,33,33,105,105,118,167,167,389,72,102,102,102],"floor_reached":43,"language":"KOR","playtime":1397,"items_purged":["LikeWater+1","Sanctity"],"score":1403,"play_id":"bf4cbfb0-6ceb-48bf-9eb7-648bbbba9281","local_time":"20210114023305","is_ascension_mode":true,"campfire_choices":[{"data":"Fasting2","floor":6.0,"key":"SMITH"},{"data":"SandsOfTime","floor":8,"key":"SMITH"},{"data":"Vigilance","floor":15,"key":"SMITH"},{"data":"WheelKick","floor":32,"key":"SMITH"}],"circlet_count":0,"master_deck":["AscendersBane","Eruption","Vigilance+1","Vault","SandsOfTime+1","Vault","WheelKick+1","CrushJoints+1","Vengeance","ClearTheMind","Adaptation+1","Worship+1","WheelKick+1","FollowUp","Worship+1","Ragnarok","Wish"],"relics":["Snecko Eye","Turnip","Ornamental Fan","Frozen Egg 2","CloakClasp","Pandora\u0027s Box","Regal Pillow","Whetstone","Eternal Feather","Red Mask","Juzu Bracelet","Lizard Tail","Fusion Hammer","Bird Faced Urn","Medical Kit","Omamori"],"acts_visited":["Exordium","TheCity","TheBeyond"],"potions_floor_usage":[7,16,42],"damage_taken":[{"damage":6.0,"enemies":"2 Louse","floor":1.0,"turns":4.0},{"damage":0.0,"enemies":"Cultist","floor":3.0,"turns":2.0},{"damage":2.0,"enemies":"Small Slimes","floor":5.0,"turns":3.0},{"damage":24,"enemies":"Gremlin Nob","floor":7,"turns":5},{"damage":0,"enemies":"Exordium Thugs","floor":10,"turns":3},{"damage":0,"enemies":"2 Fungi Beasts","floor":12,"turns":2},{"damage":0,"enemies":"Lagavulin","floor":13,"turns":3},{"damage":3,"enemies":"Looter","floor":14,"turns":2},{"damage":23,"enemies":"Hexaghost","floor":16,"turns":5},{"damage":0,"enemies":"Spheric Guardian","floor":18,"turns":3},{"damage":0,"enemies":"Shell Parasite","floor":20,"turns":2},{"damage":0,"enemies":"Book of Stabbing","floor":23,"turns":5},{"damage":0,"enemies":"Snake Plant","floor":24,"turns":2},{"damage":1,"enemies":"Gremlin Leader","floor":25,"turns":4},{"damage":0,"enemies":"Masked Bandits","floor":27,"turns":3},{"damage":0,"enemies":"Book of Stabbing","floor":28,"turns":2},{"damage":0,"enemies":"Automaton","floor":33,"turns":4},{"damage":0,"enemies":"Orb Walker","floor":35,"turns":3},{"damage":0,"enemies":"2 Orb Walkers","floor":36,"turns":3},{"damage":0,"enemies":"Nemesis","floor":40,"turns":2},{"damage":34,"enemies":"Time Eater","floor":42,"turns":5}],"seed_played":"3302602771382885594","potions_obtained":[{"floor":3.0,"key":"Explosive Potion"},{"floor":5.0,"key":"DuplicationPotion"},{"floor":12,"key":"SneckoOil"},{"floor":16,"key":"SpeedPotion"},{"floor":20,"key":"Weak Potion"}],"is_trial":false,"path_per_floor":["M","?","M","$","M","R","E","R","T","M","?","M","E","M","R","B",null,"M","?","M","$","?","E","M","E","T","?","E","T","$","?","R","B",null,"M","?","?","?","$","E","?","B",null],"character_chosen":"WATCHER","items_purchased":["WheelKick","Worship","Wish","Medical Kit"],"campfire_rested":0,"item_purchase_floors":[21,30,39,39],"current_hp_per_floor":[59,59,59,59,57,57,33,33,33,33,57,57,57,54,54,31,62,62,62,62,62,49,49,49,48,48,48,48,48,48,48,57,57,72,72,72,72,72,72,72,72,40],"gold":102,"neow_bonus":"BOSS_RELIC","is_daily":false,"chose_seed":false,"campfire_upgraded":4,"win_rate":0.0,"timestamp":1610559185,"path_taken":["M","?","M","?","M","R","E","R","T","M","?","M","E","M","R","BOSS","M","?","M","$","?","E","M","E","T","?","E","?","?","?","R","BOSS","M","?","?","?","?","E","?","BOSS"],"items_purchased_type":["Card","Card","Card","Relic"],"build_version":"2020-12-22","purchased_purges":2,"victory":true,"max_hp_per_floor":[72,72,72,72,72,72,72,72,72,72,72,72,72,72,72,72,72,72,72,72,72,77,77,77,77,77,77,77,77,77,77,77,77,77,77,77,77,77,77,77,77,77],"card_choices":[{"not_picked":["Prostrate","ThirdEye","FlyingSleeves"],"picked":"SKIP","floor":1.0},{"not_picked":["PathToVictory","Crescendo"],"picked":"Fasting2","floor":3.0},{"not_picked":["Prostrate","Halt"],"picked":"Vault","floor":5.0},{"not_picked":["FlyingSleeves","Fasting2"],"picked":"SandsOfTime","floor":7},{"not_picked":["FlurryOfBlows","ThirdEye","ClearTheMind"],"picked":"SKIP","floor":10},{"not_picked":["Consecrate","Fasting2+1","EmptyMind"],"picked":"SKIP","floor":12},{"not_picked":["Study+1","Evaluate","Prostrate"],"picked":"SKIP","floor":13},{"not_picked":["CutThroughFate","CrushJoints","Wireheading+1"],"picked":"SKIP","floor":14},{"not_picked":["ConjureBlade","Blasphemy"],"picked":"Vault","floor":16},{"not_picked":["Nirvana+1","Crescendo"],"picked":"Worship+1","floor":18},{"not_picked":["Conclude","SashWhip","PathToVictory"],"picked":"SKIP","floor":20},{"not_picked":["Prostrate","Wallop","Tantrum"],"picked":"SKIP","floor":23},{"not_picked":["WaveOfTheHand","CutThroughFate","JustLucky"],"picked":"SKIP","floor":24},{"not_picked":["Crescendo","Swivel"],"picked":"FollowUp","floor":25},{"not_picked":["PathToVictory","Pray","Collect"],"picked":"SKIP","floor":28},{"not_picked":["Brilliance","Devotion+1"],"picked":"Ragnarok","floor":33},{"not_picked":["WindmillStrike+1","Crescendo","InnerPeace+1"],"picked":"SKIP","floor":35},{"not_picked":["FollowUp","CarveReality+1","SignatureMove"],"picked":"SKIP","floor":40},{"not_picked":["FollowUp","CarveReality+1","SignatureMove"],"picked":"SKIP","floor":40}],"player_experience":176422,"relics_obtained":[{"floor":7,"key":"Ornamental Fan"},{"floor":9,"key":"Frozen Egg 2"},{"floor":13,"key":"CloakClasp"},{"floor":23,"key":"Regal Pillow"},{"floor":25,"key":"Whetstone"},{"floor":26,"key":"Eternal Feather"},{"floor":27,"key":"Red Mask"},{"floor":28,"key":"Juzu Bracelet"},{"floor":29,"key":"Lizard Tail"},{"floor":36,"key":"Bird Faced Urn"},{"floor":40,"key":"Omamori"}],"event_choices":[{"damage_healed":0.0,"max_hp_gain":0.0,"max_hp_loss":0.0,"gold_gain":0.0,"event_name":"WeMeetAgain","player_choice":"Paid Gold","floor":2.0,"gold_loss":94.0,"damage_taken":0.0,"relics_obtained":["Turnip"]},{"damage_healed":24,"gold_gain":0,"player_choice":"Banana","damage_taken":0,"max_hp_gain":0,"max_hp_loss":0,"event_name":"Big Fish","floor":11,"gold_loss":0},{"cards_removed":["Conclude"],"damage_healed":0,"gold_gain":0,"player_choice":"Gave Gold","damage_taken":0,"max_hp_gain":0,"max_hp_loss":0,"event_name":"Beggar","floor":19,"gold_loss":75},{"damage_healed":0,"gold_gain":0,"player_choice":"Shed Blood","damage_taken":18,"max_hp_gain":5,"max_hp_loss":0,"event_name":"Forgotten Altar","floor":22,"gold_loss":0},{"damage_healed":0,"gold_gain":0,"player_choice":"Fought Bandits","damage_taken":0,"max_hp_gain":0,"max_hp_loss":0,"event_name":"Masked Bandits","floor":27,"gold_loss":0},{"damage_healed":0,"gold_gain":0,"player_choice":"Upgraded","damage_taken":0,"max_hp_gain":0,"max_hp_loss":0,"event_name":"Upgrade Shrine","floor":31,"gold_loss":0,"cards_upgraded":["Worship"]},{"damage_healed":0,"gold_gain":0,"player_choice":"Fight","damage_taken":0,"max_hp_gain":0,"max_hp_loss":0,"event_name":"Mysterious Sphere","floor":36,"gold_loss":0},{"cards_removed":["Fasting2"],"damage_healed":0,"gold_gain":0,"player_choice":"Removed Power","damage_taken":0,"max_hp_gain":0,"max_hp_loss":0,"event_name":"Falling","floor":37,"gold_loss":0},{"damage_healed":0,"gold_gain":222,"player_choice":"Wore Mask","damage_taken":0,"max_hp_gain":0,"max_hp_loss":0,"event_name":"Tomb of Lord Red Mask","floor":38,"gold_loss":0},{"damage_healed":0,"gold_gain":0,"player_choice":"Took Portal","damage_taken":0,"max_hp_gain":0,"max_hp_loss":0,"event_name":"SecretPortal","floor":41,"gold_loss":0}],"is_beta":false,"boss_relics":[{"not_picked":["Cursed Key","SlaversCollar"],"picked":"Pandora\u0027s Box"},{"not_picked":["Velvet Choker","Astrolabe"],"picked":"Fusion Hammer"}],"items_purged_floors":[21,30],"is_endless":false,"potions_floor_spawned":[3,5,12,14,16,20,25,27,33,35,36],"ascension_level":13}}