{"host":"91ruqvp7hiryodqd","time":1610564362,"event":{"mods":["AchievementEnabler","BaseMod","Colored Map","Colored Powertips","Filter the Spire","Minty Spire (QoL Compilation)","Relic Stats","StSLib"],"gold_per_floor":[111,121,196,121,121,152,164,176,176,156,156,187,187,220,220,320,320,334,349,349,349],"floor_reached":20,"language":"ENG","playtime":1071,"items_purged":["Defend_R"],"score":250,"play_id":"c036040d-509a-4f55-a12e-235c19d8000b","local_time":"20210114015922","is_ascension_mode":true,"campfire_choices":[{"floor":11,"key":"REST"},{"data":"Armaments","floor":13,"key":"SMITH"},{"data":"True Grit","floor":15,"key":"SMITH"}],"circlet_count":0,"master_deck":["Strike_R","Defend_R","Defend_R","Bash","Berserk+1","Sentinel+1","Seeing Red+1","Flex","Armaments+1","True Grit+1","Dropkick","Twin Strike","Immolate","Iron Wave","Flex"],"relics":["Astrolabe","HornCleat","Sundial","Kunai","Champion Belt","Empty Cage"],"acts_visited":["Exordium","TheCity"],"potions_floor_usage":[12,14,19,19],"damage_taken":[{"damage":0,"enemies":"Jaw Worm","floor":1,"turns":4},{"damage":2,"enemies":"2 Louse","floor":2,"turns":2},{"damage":29,"enemies":"3 Sentries","floor":6,"turns":11},{"damage":1,"enemies":"Small Slimes","floor":7,"turns":4},{"damage":0,"enemies":"3 Louse","floor":8,"turns":8},{"damage":18,"enemies":"Lagavulin","floor":12,"turns":5},{"damage":0,"enemies":"3 Sentries","floor":14,"turns":9},{"damage":12,"enemies":"The Guardian","floor":16,"turns":11},{"damage":1,"enemies":"Shell Parasite","floor":18,"turns":4},{"damage":19,"enemies":"Spheric Guardian","floor":19,"turns":4},{"damage":68,"enemies":"Centurion and Healer","floor":20,"turns":7}],"seed_played":"4077397644934900744","potions_obtained":[{"floor":2,"key":"HeartOfIron"},{"floor":10,"key":"SteroidPotion"},{"floor":16,"key":"Weak Potion"},{"floor":18,"key":"SteroidPotion"}],"is_trial":false,"path_per_floor":["M","M","?","$","?","E","M","M","T","?","R","E","R","E","R","B",null,"M","M","M"],"character_chosen":"IRONCLAD","items_purchased":[],"campfire_rested":1,"item_purchase_floors":[],"current_hp_per_floor":[80,78,67,67,67,38,37,37,37,37,61,43,43,43,43,31,80,79,60,0,0],"gold":349,"neow_bonus":"BOSS_RELIC","is_daily":false,"chose_seed":false,"campfire_upgraded":2,"win_rate":0.0,"timestamp":1610564362,"path_taken":["M","M","?","$","?","E","M","M","T","?","R","E","R","E","R","BOSS","M","?","M"],"items_purchased_type":[],"build_version":"2020-12-22","purchased_purges":1,"victory":false,"max_hp_per_floor":[80,80,80,80,80,80,80,80,80,80,80,80,80,80,80,80,80,80,80,80,80],"relic_stats":{"counters":[11,69],"Sundial":[8],"Astrolabe":["Berserk","Sentinel","Seeing Red"],"Kunai":[7],"Champion Belt":[6],"obtain_stats":[{"HornCleat":6,"Sundial":9,"Astrolabe":0,"Kunai":12,"Champion Belt":14,"Empty Cage":17,"Burning Blood":0},{"HornCleat":3,"Sundial":5,"Astrolabe":0,"Kunai":6,"Champion Belt":7,"Empty Cage":8,"Burning Blood":0},{"HornCleat":17,"Sundial":29,"Astrolabe":0,"Kunai":34,"Champion Belt":43,"Empty Cage":54,"Burning Blood":0}]},"card_choices":[{"not_picked":["Wild Strike","Clothesline"],"picked":"Flex","floor":1},{"not_picked":["Pummel","Bloodletting"],"picked":"Armaments","floor":2},{"not_picked":["Sentinel","Perfected Strike"],"picked":"True Grit","floor":6},{"not_picked":["Blood for Blood","Anger","Heavy Blade"],"picked":"SKIP","floor":7},{"not_picked":["Perfected Strike","Sever Soul"],"picked":"Dropkick","floor":8},{"not_picked":["Wild Strike","Berserk"],"picked":"Twin Strike","floor":12},{"not_picked":["Inflame","Sword Boomerang","Clash"],"picked":"SKIP","floor":14},{"not_picked":["Corruption","Limit Break"],"picked":"Immolate","floor":16},{"not_picked":["Headbutt","Heavy Blade"],"picked":"Iron Wave","floor":18},{"not_picked":["Clothesline","Cleave"],"picked":"Flex","floor":19}],"player_experience":43480,"relics_obtained":[{"floor":6,"key":"HornCleat"},{"floor":9,"key":"Sundial"},{"floor":12,"key":"Kunai"},{"floor":14,"key":"Champion Belt"}],"event_choices":[{"damage_healed":0,"gold_gain":75,"player_choice":"Gather Gold","damage_taken":11,"max_hp_gain":0,"max_hp_loss":0,"event_name":"World of Goop","floor":3,"gold_loss":0},{"damage_healed":0,"gold_gain":0,"player_choice":"Ignored","damage_taken":0,"max_hp_gain":0,"max_hp_loss":0,"event_name":"Liars Game","floor":5,"gold_loss":0},{"damage_healed":0,"gold_gain":0,"player_choice":"Bought 1 Potion","damage_taken":0,"max_hp_gain":0,"max_hp_loss":0,"event_name":"The Woman in Blue","floor":10,"gold_loss":0}],"is_beta":false,"boss_relics":[{"not_picked":["Philosopher\u0027s Stone","Pandora\u0027s Box"],"picked":"Empty Cage"}],"items_purged_floors":[4],"is_endless":false,"potions_floor_spawned":[2,16,18],"killed_by":"Centurion and Healer","ascension_level":3}}