{"host":"t9zjxed0utvsfjwc","time":1610528279,"event":{"mods":["2.2 Compatiblity","Aspiration","BaseMod","Block Reminder","Colored Map","Colored Powertips","Highlight Path","Hubris","Infinite Spire","Minty Spire (QoL Compilation)","Quick Restart","Replay The Spire","StSLib","The Marked","Unceasing Turn Reminder","everything is the same but u backflip on backflip"],"gold_per_floor":[120,295,295,76,97,97,141,141,141,175,237,137,213,278,278,278,278],"floor_reached":16,"language":"ENG","playtime":1121,"items_purged":["Looming Evil","Doubt"],"score":299,"play_id":"ce8a4eeb-af41-4f2d-b9f8-79a24ba4c954","local_time":"20210113085759","is_ascension_mode":true,"campfire_choices":[{"data":"Anger","floor":6,"key":"SMITH"},{"data":"True Grit","floor":8,"key":"SMITH"},{"data":"Anger","floor":15,"key":"SMITH"}],"circlet_count":0,"master_deck":["Strike_R","Strike_R","Strike_R","Strike_R","Strike_R","Defend_R","Defend_R","Defend_R","Defend_R","Bash","hubris:Greed","Thunderclap","hubris:Greed","Anger+1","True Grit+1","hubris:Greed","hubris:Greed","Defy Death","hubris:Greed","hubris:Greed","hubris:Greed","Anger+1","hubris:Greed","hubris:Greed","Shrug It Off"],"relics":["Burning Blood","Ginger","Toy Ornithopter","Bronze Scales","Darkstone Periapt","Strawberry","hubris:IronBody"],"acts_visited":["Exordium"],"potions_floor_usage":[11,14,16],"damage_taken":[{"damage":20,"enemies":"Jaw Worm","floor":1,"turns":4},{"damage":3,"enemies":"2 Louse","floor":5,"turns":3},{"damage":45,"enemies":"Lagavulin","floor":7,"turns":6},{"damage":0,"enemies":"Small Slimes","floor":10,"turns":3},{"damage":7,"enemies":"Gremlin Nob","floor":11,"turns":4},{"damage":34,"enemies":"3 Sentries","floor":13,"turns":9},{"damage":16,"enemies":"Exordium Thugs","floor":14,"turns":4},{"damage":70,"enemies":"Slime Boss","floor":16,"turns":9}],"seed_played":"-2424862327951733186","potions_obtained":[{"floor":10,"key":"Fire Potion"},{"floor":13,"key":"Swift Potion"},{"floor":14,"key":"LiquidMemories"}],"is_trial":false,"path_per_floor":["M","?","?","$","M","R","E","R","T","M","E","$","E","M","R","B"],"character_chosen":"IRONCLAD","items_purchased":["Bronze Scales"],"campfire_rested":0,"item_purchase_floors":[4],"current_hp_per_floor":[66,66,66,66,69,69,30,30,30,48,77,77,61,56,56,0,0],"gold":278,"neow_bonus":"ONE_RARE_RELIC","is_daily":false,"chose_seed":false,"campfire_upgraded":3,"win_rate":0.0,"timestamp":1610528279,"path_taken":["M","?","?","$","M","R","E","R","T","M","E","$","E","M","R","BOSS"],"items_purchased_type":["Relic"],"build_version":"2020-12-22","purchased_purges":2,"victory":false,"max_hp_per_floor":[80,80,80,80,80,80,80,80,80,92,117,117,129,129,129,129,129],"card_choices":[{"not_picked":["Wild Strike","Battle Trance"],"picked":"Thunderclap","floor":1},{"not_picked":["Feel No Pain","Heavy Blade"],"picked":"Anger","floor":5},{"not_picked":["Headbutt","Clash"],"picked":"True Grit","floor":7},{"not_picked":["Rupture","Sword Boomerang"],"picked":"Defy Death","floor":10},{"not_picked":["Dual Wield","Fire Breathing"],"picked":"Anger","floor":11},{"not_picked":["Run Through","Exhume","Blood for Blood"],"picked":"SKIP","floor":13},{"not_picked":["Fire Breathing","Headbutt"],"picked":"Shrug It Off","floor":14}],"player_experience":282567,"relics_obtained":[{"floor":3,"key":"Toy Ornithopter"},{"floor":7,"key":"Darkstone Periapt"},{"floor":11,"key":"Strawberry"},{"floor":13,"key":"hubris:IronBody"}],"event_choices":[{"damage_healed":0,"gold_gain":175,"player_choice":"AGREE","damage_taken":0,"max_hp_gain":0,"max_hp_loss":0,"event_name":"Liars Game","floor":2,"gold_loss":0,"cards_obtained":["Doubt"]}],"is_beta":false,"boss_relics":[],"items_purged_floors":[4,12],"is_endless":false,"potions_floor_spawned":[10,13,14],"killed_by":"Slime Boss","ascension_level":1}}