{"host":"fre309isb0zq7f4i","time":1610513416,"event":{"mods":["BaseMod","Beaked The Cultist","Downfall","Mad Scientist","Minty Spire (QoL Compilation)","Quick Restart","StSLib","The Bug Knight","The Construct","The Mystic","The Senshi","The Servant 0.9.4","The Witch"],"gold_per_floor":[113,113,124,134,100,100,111,76,76,109,109,119,119,135,135,239,239,239,239,239,239,239,239,239],"floor_reached":23,"language":"ENG","playtime":2061,"items_purged":[],"score":195,"play_id":"0affde52-d57e-4dac-8ae3-6e49eaf2cbfb","local_time":"20210112215016","is_ascension_mode":false,"campfire_choices":[{"data":"HollowMod:LifebloodCocoon","floor":6,"key":"SMITH"},{"floor":13,"key":"REST"},{"data":"HollowMod:BaldurShell","floor":15,"key":"SMITH"}],"circlet_count":0,"master_deck":["HollowMod:NailStrikeStart","HollowMod:NailStrikeStart","HollowMod:NailStrikeStart","HollowMod:NailStrikeStart","HollowMod:QuickDashStart","HollowMod:QuickDashStart","HollowMod:QuickDashStart","HollowMod:QuickDashStart","HollowMod:FocusHealStart","HollowMod:PogoStrike","HollowMod:LifebloodCocoon+1","HollowMod:SoulShaman","HollowMod:SoulVessel","HollowMod:BaldurShell+1","HollowMod:HeavyBlow","HollowMod:ChannelNail","HollowMod:NewJinnsSoul+1","HollowMod:SiblingsSouls+1","HollowMod:HowlingWraiths"],"relics":["HollowMod:VesselMask","Bag of Marbles","Ectoplasm","Nloth\u0027s Gift"],"acts_visited":["Exordium","TheCity"],"potions_floor_usage":[12,16,16,16,16,16,21,22,23],"damage_taken":[{"damage":0,"enemies":"Small Slimes","floor":1,"turns":3},{"damage":8,"enemies":"2 Louse","floor":3,"turns":3},{"damage":12,"enemies":"Jaw Worm","floor":4,"turns":6},{"damage":24,"enemies":"Exordium Thugs","floor":7,"turns":6},{"damage":50,"enemies":"3 Sentries","floor":10,"turns":14},{"damage":4,"enemies":"Red Slaver","floor":12,"turns":3},{"damage":0,"enemies":"3 Louse","floor":14,"turns":2},{"damage":51,"enemies":"HollowMod:FalseKnight","floor":16,"turns":14},{"damage":2,"enemies":"Chosen","floor":18,"turns":6},{"damage":4,"enemies":"Spheric Guardian","floor":19,"turns":6},{"damage":27,"enemies":"Snake Plant","floor":21,"turns":5},{"damage":25,"enemies":"Centurion and Healer","floor":22,"turns":14},{"damage":55,"enemies":"Book of Stabbing","floor":23,"turns":6}],"seed_played":"899578191808922265","potions_obtained":[{"floor":11,"key":"GamblersBrew"},{"floor":11,"key":"DistilledChaos"},{"floor":11,"key":"EntropicBrew"},{"floor":12,"key":"Dexterity Potion"},{"floor":16,"key":"Fire Potion"},{"floor":19,"key":"SteroidPotion"}],"is_trial":false,"path_per_floor":["M","?","M","M","$","R","M","?","T","E","?","M","R","M","R","B",null,"M","M","?","M","M","E"],"character_chosen":"THE_BUGKNIGHT","items_purchased":["HollowMod:BaldurShell"],"campfire_rested":1,"item_purchase_floors":[5],"current_hp_per_floor":[82,87,85,73,73,73,55,76,76,38,38,40,66,66,66,27,87,85,81,81,64,45,0,0],"gold":239,"neow_bonus":"TEN_PERCENT_HP_BONUS","is_daily":false,"chose_seed":false,"campfire_upgraded":2,"win_rate":0.0,"timestamp":1610513416,"path_taken":["M","?","M","M","$","R","M","?","T","E","?","M","R","M","R","BOSS","M","M","?","M","?","E"],"items_purchased_type":["Card"],"build_version":"2020-12-22","purchased_purges":0,"victory":false,"max_hp_per_floor":[82,87,87,87,87,87,87,87,87,87,87,87,87,87,87,87,87,87,87,87,87,87,87,87],"card_choices":[{"not_picked":["HollowMod:InfectedCysts","HollowMod:HuntersJournal"],"picked":"HollowMod:LifebloodCocoon","floor":1},{"not_picked":["HollowMod:DashSlash","HollowMod:TaintedHusks"],"picked":"HollowMod:SoulShaman","floor":3},{"not_picked":["HollowMod:DoubleDash","HollowMod:GoodIntentions"],"picked":"HollowMod:SoulVessel","floor":4},{"not_picked":["HollowMod:DashSlash","HollowMod:NewLittleFool","HollowMod:WraithStrike"],"picked":"SKIP","floor":7},{"not_picked":["HollowMod:NewLittleFool","HollowMod:InfectedAttack","HollowMod:SiblingsSouls"],"picked":"SKIP","floor":10},{"not_picked":["HollowMod:SoulVessel+1","HollowMod:QuirrelsAssistance"],"picked":"HollowMod:HeavyBlow","floor":12},{"not_picked":["HollowMod:GrimmsGift","HollowMod:Weaversong+1"],"picked":"HollowMod:ChannelNail","floor":14},{"not_picked":["HollowMod:InfectedAttack","HollowMod:AbyssShriek"],"picked":"HollowMod:NewJinnsSoul+1","floor":18},{"not_picked":["HollowMod:ShadowDash","HollowMod:InfectedCysts"],"picked":"HollowMod:SiblingsSouls+1","floor":19},{"not_picked":["HollowMod:VoidDash","HollowMod:SoulShaman"],"picked":"HollowMod:HowlingWraiths","floor":21},{"not_picked":["HollowMod:ShadowDash","HollowMod:ShapeofUnn+1","HollowMod:DescendingDark"],"picked":"SKIP","floor":22}],"player_experience":181055,"relics_obtained":[{"floor":9,"key":"Bag of Marbles"},{"floor":10,"key":"Frozen Egg 2"}],"event_choices":[{"damage_healed":0,"gold_gain":0,"player_choice":"Donut","damage_taken":0,"max_hp_gain":5,"max_hp_loss":0,"event_name":"Big Fish","floor":2,"gold_loss":0},{"damage_healed":21,"gold_gain":0,"player_choice":"Healed","damage_taken":0,"max_hp_gain":0,"max_hp_loss":0,"event_name":"The Cleric","floor":8,"gold_loss":35},{"damage_healed":0,"gold_gain":0,"player_choice":"Got Potions","damage_taken":0,"max_hp_gain":0,"max_hp_loss":0,"event_name":"Lab","floor":11,"gold_loss":0},{"damage_healed":0,"gold_gain":0,"player_choice":"Traded Relic","damage_taken":0,"relics_obtained":["Nloth\u0027s Gift"],"max_hp_gain":0,"max_hp_loss":0,"event_name":"N\u0027loth","floor":20,"relics_lost":["Frozen Egg 2"],"gold_loss":0}],"is_beta":false,"boss_relics":[{"not_picked":["beaked:SacredDeck","Sozu"],"picked":"Ectoplasm"}],"items_purged_floors":[],"is_endless":false,"potions_floor_spawned":[12,14,16,19],"killed_by":"Book of Stabbing","ascension_level":0}}