{"host":"63rwe7p34ct1i0qu","time":1610511792,"event":{"mods":["BaseMod","Colored Map","DeckTracker","Minty Spire (QoL Compilation)","Permanent Neow","Quick Restart","StSLib"],"gold_per_floor":[112,14,31,48,121,121,132,132,132,97,110,110,125,125,125,229,229,245,261,261,261,261,261,261,261],"floor_reached":24,"language":"KOR","playtime":695,"items_purged":["Normality"],"score":298,"play_id":"78c25d88-e3a5-4a0c-a0ed-43c9eb1d475a","local_time":"20210113132312","is_ascension_mode":true,"campfire_choices":[{"data":"Reprogram","floor":6,"key":"SMITH"},{"data":"Hologram","floor":8,"key":"SMITH"},{"data":"Hologram","floor":12,"key":"SMITH"},{"data":"White Noise","floor":15,"key":"SMITH"},{"floor":23,"key":"REST"}],"circlet_count":0,"master_deck":["AscendersBane","Zap","Dualcast","Streamline","Hologram+1","Reprogram+1","Sweeping Beam","Hologram+1","White Noise+1","Reboot","Lockon+1","Storm","Go for the Eyes+1","Tempest","Multi-Cast","Storm","Undo","Biased Cognition","Hologram","Glacier+1","Writhe"],"relics":["Cracked Core","Pocketwatch","Molten Egg 2","Bag of Preparation","Pandora\u0027s Box","MutagenicStrength","Kunai"],"acts_visited":["Exordium","TheCity"],"potions_floor_usage":[18,24],"damage_taken":[{"damage":0,"enemies":"Cultist","floor":1,"turns":3},{"damage":4,"enemies":"Small Slimes","floor":3,"turns":3},{"damage":6,"enemies":"Jaw Worm","floor":4,"turns":5},{"damage":15,"enemies":"Exordium Thugs","floor":7,"turns":5},{"damage":0,"enemies":"2 Fungi Beasts","floor":11,"turns":2},{"damage":1,"enemies":"Looter","floor":13,"turns":4},{"damage":30,"enemies":"Hexaghost","floor":16,"turns":10},{"damage":5,"enemies":"Chosen","floor":18,"turns":3},{"damage":18,"enemies":"Shell Parasite","floor":19,"turns":9},{"damage":34,"enemies":"Gremlin Leader","floor":24,"turns":3}],"seed_played":"-7847568803422040866","potions_obtained":[{"floor":3,"key":"Dexterity Potion"},{"floor":11,"key":"AttackPotion"},{"floor":18,"key":"ColorlessPotion"}],"is_trial":false,"path_per_floor":["M","$","M","M","?","R","M","R","T","?","M","R","M","T","R","B",null,"M","M","?","?","?","R","E"],"character_chosen":"DEFECT","items_purchased":["Hologram"],"campfire_rested":1,"item_purchase_floors":[2],"current_hp_per_floor":[68,68,64,58,58,58,43,43,43,61,61,61,60,60,60,30,64,59,41,41,41,41,63,29,29],"gold":261,"neow_bonus":"ONE_RARE_RELIC","is_daily":false,"chose_seed":false,"campfire_upgraded":4,"win_rate":0.0,"timestamp":1610511792,"path_taken":["M","$","M","M","?","R","M","R","T","?","M","R","M","?","R","BOSS","M","M","?","?","?","R","E"],"items_purchased_type":["Card"],"build_version":"2020-12-22","purchased_purges":1,"victory":false,"max_hp_per_floor":[75,75,75,75,75,75,75,75,75,75,75,75,75,75,75,75,75,75,75,75,75,75,75,75,75],"card_choices":[{"not_picked":["Conserve Battery","Leap"],"picked":"Streamline","floor":1},{"not_picked":["Recycle","Leap"],"picked":"Reprogram","floor":3},{"not_picked":["Redo","Scrape"],"picked":"Sweeping Beam","floor":4},{"not_picked":["Beam Cell","Loop","Rip and Tear"],"picked":"SKIP","floor":7},{"not_picked":["Heatsinks","Hello World"],"picked":"Hologram","floor":11},{"not_picked":["Gash+1","Blizzard+1"],"picked":"White Noise","floor":13},{"not_picked":["Thunder Strike+1","Machine Learning"],"picked":"Reboot","floor":16},{"not_picked":["Melter+1","Sweeping Beam+1"],"picked":"Hologram","floor":18},{"not_picked":["Chill","Compile Driver+1"],"picked":"Glacier+1","floor":19}],"player_experience":841480,"relics_obtained":[{"floor":9,"key":"Molten Egg 2"},{"floor":14,"key":"Bag of Preparation"}],"event_choices":[{"damage_healed":0,"gold_gain":73,"player_choice":"Gained Gold","damage_taken":0,"max_hp_gain":0,"max_hp_loss":0,"event_name":"Golden Wing","floor":5,"gold_loss":0},{"damage_healed":18,"gold_gain":0,"player_choice":"Healed","damage_taken":0,"max_hp_gain":0,"max_hp_loss":0,"event_name":"The Cleric","floor":10,"gold_loss":35},{"damage_healed":0,"gold_gain":0,"player_choice":"Ignored","damage_taken":0,"max_hp_gain":0,"max_hp_loss":0,"event_name":"Cursed Tome","floor":20,"gold_loss":0},{"damage_healed":0,"gold_gain":0,"player_choice":"Inject Mutagens","damage_taken":0,"relics_obtained":["MutagenicStrength"],"max_hp_gain":0,"max_hp_loss":0,"event_name":"Drug Dealer","floor":21,"gold_loss":0},{"damage_healed":0,"gold_gain":0,"player_choice":"Opened","damage_taken":0,"relics_obtained":["Kunai"],"max_hp_gain":0,"max_hp_loss":0,"event_name":"The Mausoleum","floor":22,"gold_loss":0,"cards_obtained":["Writhe"]}],"is_beta":false,"boss_relics":[{"not_picked":["Runic Dome","Philosopher\u0027s Stone"],"picked":"Pandora\u0027s Box"}],"items_purged_floors":[2],"is_endless":false,"potions_floor_spawned":[3,11,13,16,18],"killed_by":"Gremlin Leader","ascension_level":12}}