{"host":"f5gffvlv6a66yqkd","time":1610511796,"event":{"mods":["100% Spire Juice","2.2 Compatiblity","Alarm Clock","BaseMod","Colored Map","Custom Start","DeckTracker","Keyboard Shortcuts","Minty Spire (QoL Compilation)","Permanent Neow","Quick Restart","Relic Stats","StSLib","SuperFastMode"],"gold_per_floor":[111,124,136,150,17,17,43,43,96,96,111,111,128,160,160,234,234,252,302,39,58,58,58,58,58],"floor_reached":24,"language":"KOR","playtime":599,"items_purged":["Strike_R","Strike_R"],"score":412,"play_id":"bdc1d16f-dbf8-4515-841d-7899baf5cf7a","local_time":"20210113132316","is_ascension_mode":true,"campfire_choices":[{"data":"Hemokinesis","floor":6.0,"key":"SMITH"},{"data":"True Grit","floor":8,"key":"SMITH"},{"data":"Bash","floor":10,"key":"SMITH"},{"data":"Carnage","floor":15,"key":"SMITH"},{"data":"Limit Break","floor":23,"key":"SMITH"}],"circlet_count":0,"master_deck":["AscendersBane","Defend_R","Defend_R+1","Defend_R+1","Defend_R","Bash+1","Pommel Strike","Wild Strike","True Grit+1","Flame Barrier","Hemokinesis+1","Cleave","Impervious","Carnage+1","Limit Break+1","True Grit+1","Hemokinesis+1","Sentinel+1","Inflame"],"relics":["Burning Blood","Shuriken","War Paint","Bronze Scales","Astrolabe","Omamori"],"acts_visited":["Exordium","TheCity"],"potions_floor_usage":[7,16],"damage_taken":[{"damage":1.0,"enemies":"Cultist","floor":1.0,"turns":3.0},{"damage":0.0,"enemies":"Small Slimes","floor":2.0,"turns":2.0},{"damage":2.0,"enemies":"Jaw Worm","floor":3.0,"turns":4.0},{"damage":22.0,"enemies":"Large Slime","floor":4.0,"turns":9.0},{"damage":10,"enemies":"Gremlin Nob","floor":7,"turns":3},{"damage":0,"enemies":"2 Fungi Beasts","floor":11,"turns":3},{"damage":2,"enemies":"3 Louse","floor":13,"turns":2},{"damage":30,"enemies":"Lagavulin","floor":14,"turns":7},{"damage":22,"enemies":"Slime Boss","floor":16,"turns":7},{"damage":14,"enemies":"Shell Parasite","floor":18,"turns":9},{"damage":4,"enemies":"Chosen","floor":21,"turns":4},{"damage":56,"enemies":"Book of Stabbing","floor":24,"turns":6}],"seed_played":"-3384864450783045910","potions_obtained":[{"floor":3.0,"key":"BlessingOfTheForge"},{"floor":7,"key":"ColorlessPotion"},{"floor":13,"key":"BlessingOfTheForge"}],"is_trial":false,"path_per_floor":["M","M","M","M","$","R","E","R","T","R","M","?","M","E","R","B",null,"M","?","$","M","?","R","E"],"character_chosen":"IRONCLAD","items_purchased":["Cleave","Omamori"],"campfire_rested":0,"item_purchase_floors":[5,20],"current_hp_per_floor":[73,75,75,59,59,59,55,55,55,55,61,61,65,41,41,25,63,55,55,55,57,57,57,1,1],"gold":58,"neow_bonus":"THREE_CARDS","is_daily":false,"chose_seed":false,"campfire_upgraded":5,"win_rate":0.0,"timestamp":1610511796,"path_taken":["M","M","M","M","?","R","E","R","T","R","M","?","M","E","R","BOSS","M","?","$","?","?","R","E"],"items_purchased_type":["Card","Relic"],"build_version":"2020-12-22","purchased_purges":2,"victory":false,"max_hp_per_floor":[75,75,75,75,75,75,75,75,75,75,75,75,75,75,75,75,75,75,75,75,75,75,75,75,75],"relic_stats":{"counters":[12,59],"Shuriken":[2],"Bronze Scales":[99],"Astrolabe":["True Grit","Hemokinesis","Sentinel"],"War Paint":["Defend_R","Defend_R"],"obtain_stats":[{"Shuriken":7,"Bronze Scales":14,"Astrolabe":17,"Omamori":20,"War Paint":9,"Burning Blood":0},{"Shuriken":5,"Bronze Scales":8,"Astrolabe":9,"Omamori":10,"War Paint":5,"Burning Blood":0},{"Shuriken":21,"Bronze Scales":33,"Astrolabe":40,"Omamori":49,"War Paint":21,"Burning Blood":0}],"Burning Blood":58},"card_choices":[{"not_picked":["Perfected Strike","Body Slam"],"picked":"Pommel Strike","floor":0.0},{"not_picked":["Bloodletting","Thunderclap"],"picked":"Wild Strike","floor":1.0},{"not_picked":["Body Slam","Headbutt"],"picked":"True Grit","floor":2.0},{"not_picked":["Whirlwind","Havoc"],"picked":"Flame Barrier","floor":3.0},{"not_picked":["Thunderclap","Havoc"],"picked":"Hemokinesis","floor":4.0},{"not_picked":["Body Slam","Havoc","Clash"],"picked":"SKIP","floor":7},{"not_picked":["Clash","True Grit","Havoc"],"picked":"SKIP","floor":11},{"not_picked":["Corruption","Clash","Heavy Blade"],"picked":"SKIP","floor":13},{"not_picked":["Corruption","Clash","Heavy Blade"],"picked":"SKIP","floor":13},{"not_picked":["Shrug It Off","True Grit"],"picked":"Carnage","floor":14},{"not_picked":["Berserk","Reaper"],"picked":"Limit Break","floor":16},{"not_picked":["True Grit","Wild Strike","Cleave"],"picked":"SKIP","floor":18},{"not_picked":["Dropkick","Sever Soul"],"picked":"Inflame","floor":21}],"player_experience":1550104,"relics_obtained":[{"floor":7,"key":"Shuriken"},{"floor":9,"key":"War Paint"},{"floor":14,"key":"Bronze Scales"}],"event_choices":[{"damage_healed":0,"gold_gain":0,"player_choice":"1 cards matched","damage_taken":0,"max_hp_gain":0,"max_hp_loss":0,"event_name":"Match and Keep!","floor":12,"gold_loss":0,"cards_obtained":["Impervious"]},{"damage_healed":0,"gold_gain":0,"player_choice":"1 cards matched","damage_taken":0,"max_hp_gain":0,"max_hp_loss":0,"event_name":"Match and Keep!","floor":12,"gold_loss":0,"cards_obtained":["Impervious"]},{"damage_healed":0,"gold_gain":100,"player_choice":"Bet on Murderer","damage_taken":0,"max_hp_gain":0,"max_hp_loss":0,"event_name":"The Joust","floor":19,"gold_loss":50},{"damage_healed":0,"gold_gain":0,"player_choice":"Ignored","damage_taken":0,"max_hp_gain":0,"max_hp_loss":0,"event_name":"Ghosts","floor":22,"gold_loss":0}],"is_beta":false,"boss_relics":[{"not_picked":["Ectoplasm","Fusion Hammer"],"picked":"Astrolabe"}],"items_purged_floors":[5,20],"is_endless":false,"potions_floor_spawned":[3,7,13],"killed_by":"Book of Stabbing","ascension_level":20}}