{"host":"fdq5pmhluajjrf8d","time":1610573848,"event":{"mods":["BaseMod","Minty Spire (QoL Compilation)"],"gold_per_floor":[116,133,133,143,143,143,204,218,218,230,230,264,280,430,430,509,509,525,545,312,312,172,172,192,227,227,227,227,258,258,278,278,354,354,364,364,201,201,217,244,244,256,307,332,350,350,362,96,96,96],"floor_reached":51,"language":"ENG","playtime":13850,"items_purged":["Doubt"],"score":1223,"play_id":"4bc72cf2-583b-4d53-9f25-6ce858f73b16","local_time":"20210113163728","is_ascension_mode":true,"campfire_choices":[{"data":"Venomology","floor":6,"key":"SMITH"},{"floor":11,"key":"REST"},{"floor":15,"key":"REST"},{"floor":23,"key":"REST"},{"floor":28,"key":"REST"},{"data":"A Thousand Cuts","floor":30,"key":"SMITH"},{"floor":32,"key":"REST"},{"data":"Accuracy","floor":46,"key":"SMITH"},{"floor":49,"key":"REST"}],"circlet_count":0,"master_deck":["AscendersBane","Strike_G","Strike_G","Strike_G","Strike_G","Strike_G","Defend_G","Defend_G","Defend_G","Defend_G","Survivor","Neutralize","Acrobatics","Blade Dance+1","Neutralize","Dagger Spray","Venomology+1","Blade Dance","A Thousand Cuts+1","Terror","Accuracy+1","Cloak And Dagger","Backflip","Escape Plan","Madness","Madness","Blade Dance","Choke"],"relics":["Ring of the Snake","Kunai","Juzu Bracelet","Happy Flower","Philosopher\u0027s Stone","Pen Nib","Red Mask","Meat on the Bone","WristBlade","HandDrill","Potion Belt","Bag of Marbles","Tingsha","Paper Crane"],"acts_visited":["Exordium","TheCity","TheBeyond"],"potions_floor_usage":[7,7,10,10,12,13,16,16,18,19,24,25,25,29,29,29,33,35,39,40,40,42,45,47,50,50,50,50,50],"damage_taken":[{"damage":0,"enemies":"Cultist","floor":1,"turns":4},{"damage":13,"enemies":"Jaw Worm","floor":2,"turns":8},{"damage":3,"enemies":"2 Louse","floor":4,"turns":2},{"damage":11,"enemies":"Gremlin Nob","floor":7,"turns":3},{"damage":6,"enemies":"Looter","floor":8,"turns":3},{"damage":0,"enemies":"Blue Slaver","floor":10,"turns":3},{"damage":4,"enemies":"3 Sentries","floor":12,"turns":6},{"damage":14,"enemies":"3 Louse","floor":13,"turns":3},{"damage":29,"enemies":"The Guardian","floor":16,"turns":20},{"damage":26,"enemies":"Chosen","floor":18,"turns":7},{"damage":32,"enemies":"Spheric Guardian","floor":19,"turns":6},{"damage":16,"enemies":"Centurion and Healer","floor":24,"turns":5},{"damage":24,"enemies":"Masked Bandits","floor":25,"turns":3},{"damage":4,"enemies":"Cultist and Chosen","floor":29,"turns":4},{"damage":14,"enemies":"Snake Plant","floor":31,"turns":4},{"damage":6,"enemies":"Champ","floor":33,"turns":9},{"damage":0,"enemies":"3 Shapes","floor":35,"turns":4},{"damage":0,"enemies":"Orb Walker","floor":39,"turns":1},{"damage":63,"enemies":"Reptomancer","floor":40,"turns":4},{"damage":13,"enemies":"Spire Growth","floor":42,"turns":4},{"damage":0,"enemies":"Mind Bloom Boss Battle","floor":44,"turns":4},{"damage":0,"enemies":"4 Shapes","floor":45,"turns":6},{"damage":1,"enemies":"Transient","floor":47,"turns":6},{"damage":38,"enemies":"Awakened One","floor":50,"turns":8}],"seed_played":"-1967347610993128905","potions_obtained":[{"floor":2,"key":"ColorlessPotion"},{"floor":7,"key":"FairyPotion"},{"floor":16,"key":"Regen Potion"},{"floor":24,"key":"EntropicBrew"},{"floor":27,"key":"GamblersBrew"},{"floor":27,"key":"Strength Potion"},{"floor":31,"key":"Strength Potion"},{"floor":40,"key":"Regen Potion"},{"floor":44,"key":"Block Potion"},{"floor":45,"key":"PowerPotion"},{"floor":47,"key":"Block Potion"}],"is_trial":false,"path_per_floor":["M","M","?","M","?","R","?","M","T","M","R","E","M","?","R","B",null,"M","M","$","?","$","R","M","?","T","?","R","M","R","M","R","B",null,"M","?","$","?","M","E","?","M","T","?","M","R","M","$","R","B",null],"character_chosen":"THE_SILENT","items_purchased":["Pen Nib","Accuracy","Cloak And Dagger","HandDrill","Paper Crane"],"campfire_rested":6,"item_purchase_floors":[20,22,22,37,48],"current_hp_per_floor":[65,52,52,49,49,49,38,32,32,32,53,49,35,35,56,27,61,50,18,18,18,18,39,23,21,21,21,42,38,38,36,57,51,67,67,54,54,54,54,33,33,44,44,44,44,44,43,43,64,38],"gold":96,"neow_bonus":"TEN_PERCENT_HP_BONUS","is_daily":false,"chose_seed":false,"campfire_upgraded":3,"win_rate":0.0,"timestamp":1610573848,"path_taken":["M","M","?","?","?","R","?","M","T","M","R","E","M","?","R","BOSS","M","M","$","?","$","R","M","?","T","?","R","M","R","M","R","BOSS","M","?","$","?","M","E","?","M","T","?","M","R","M","$","R","BOSS"],"items_purchased_type":["Relic","Card","Card","Relic","Relic"],"build_version":"2020-12-22","purchased_purges":1,"victory":true,"max_hp_per_floor":[72,72,72,72,72,72,72,72,72,72,72,72,72,72,72,72,72,72,72,72,72,72,72,72,72,72,72,72,72,72,72,72,72,72,72,72,72,72,72,72,72,72,72,72,72,72,72,72,72,72],"card_choices":[{"not_picked":["Bane","Calculated Gamble"],"picked":"Acrobatics","floor":1},{"not_picked":["PiercingWail","Sucker Punch"],"picked":"Blade Dance","floor":2},{"not_picked":["Calculated Gamble","Poisoned Stab"],"picked":"Dagger Spray","floor":4},{"not_picked":["Cloak And Dagger","Adrenaline"],"picked":"Blade Dance","floor":7},{"not_picked":["Catalyst","Concentrate","Eviscerate"],"picked":"SKIP","floor":8},{"not_picked":["Expertise","Dagger Throw","Dagger Spray"],"picked":"SKIP","floor":10},{"not_picked":["Sucker Punch","Endless Agony","Tactician"],"picked":"SKIP","floor":12},{"not_picked":["Bane","Deadly Poison","Sucker Punch"],"picked":"SKIP","floor":13},{"not_picked":["Die Die Die","Unload"],"picked":"A Thousand Cuts","floor":16},{"not_picked":["Catalyst","PiercingWail"],"picked":"Terror","floor":18},{"not_picked":["Slice","Predator","Skewer"],"picked":"SKIP","floor":19},{"not_picked":["Deflect","Dash","Leg Sweep"],"picked":"SKIP","floor":24},{"not_picked":["Outmaneuver","Dagger Spray"],"picked":"Backflip","floor":29},{"not_picked":["Bane","Flying Knee"],"picked":"Escape Plan","floor":31},{"not_picked":["Deflect","Well Laid Plans","Distraction+1"],"picked":"SKIP","floor":35},{"not_picked":["Well Laid Plans","Cloak And Dagger","Dodge and Roll"],"picked":"SKIP","floor":39},{"not_picked":["Acrobatics","All Out Attack+1","Deadly Poison"],"picked":"SKIP","floor":40},{"not_picked":["Reflex","Distraction","Calculated Gamble"],"picked":"SKIP","floor":42},{"not_picked":["Dash","All Out Attack"],"picked":"Blade Dance","floor":45},{"not_picked":["Cloak And Dagger","Skewer"],"picked":"Choke","floor":47}],"player_experience":1904894,"relics_obtained":[{"floor":7,"key":"Kunai"},{"floor":9,"key":"Juzu Bracelet"},{"floor":12,"key":"Happy Flower"},{"floor":25,"key":"Red Mask"},{"floor":26,"key":"Meat on the Bone"},{"floor":40,"key":"Potion Belt"},{"floor":43,"key":"Bag of Marbles"},{"floor":44,"key":"Tingsha"}],"event_choices":[{"damage_healed":0,"gold_gain":0,"player_choice":"1 cards matched","damage_taken":0,"max_hp_gain":0,"max_hp_loss":0,"event_name":"Match and Keep!","floor":3,"gold_loss":0,"cards_obtained":["Neutralize"]},{"damage_healed":0,"gold_gain":0,"cards_transformed":["Defend_G"],"player_choice":"Change","damage_taken":0,"max_hp_gain":0,"max_hp_loss":0,"event_name":"Living Wall","floor":5,"gold_loss":0,"cards_obtained":["Venomology"]},{"damage_healed":0,"gold_gain":0,"player_choice":"Searched \u00271\u0027 times","damage_taken":0,"max_hp_gain":0,"max_hp_loss":0,"event_name":"Dead Adventurer","floor":7,"gold_loss":0},{"damage_healed":0,"gold_gain":150,"player_choice":"AGREE","damage_taken":0,"max_hp_gain":0,"max_hp_loss":0,"event_name":"Liars Game","floor":14,"gold_loss":0,"cards_obtained":["Doubt"]},{"damage_healed":0,"gold_gain":0,"player_choice":"Ignored","damage_taken":0,"max_hp_gain":0,"max_hp_loss":0,"event_name":"Ghosts","floor":21,"gold_loss":0},{"damage_healed":0,"gold_gain":0,"player_choice":"Fought Bandits","damage_taken":0,"max_hp_gain":0,"max_hp_loss":0,"event_name":"Masked Bandits","floor":25,"gold_loss":0},{"damage_healed":0,"gold_gain":0,"player_choice":"Got Potions","damage_taken":0,"max_hp_gain":0,"max_hp_loss":0,"event_name":"Lab","floor":27,"gold_loss":0},{"damage_healed":0,"gold_gain":0,"player_choice":"Embrace Madness","damage_taken":13,"max_hp_gain":0,"max_hp_loss":0,"event_name":"Winding Halls","floor":36,"gold_loss":0,"cards_obtained":["Madness","Madness"]},{"damage_healed":0,"gold_gain":0,"player_choice":"Memory 1","damage_taken":0,"max_hp_gain":0,"max_hp_loss":0,"event_name":"SensoryStone","floor":38,"gold_loss":0},{"damage_healed":0,"gold_gain":0,"player_choice":"Forge","damage_taken":0,"max_hp_gain":0,"max_hp_loss":0,"event_name":"Accursed Blacksmith","floor":41,"gold_loss":0,"cards_upgraded":["Blade Dance"]},{"damage_healed":0,"gold_gain":0,"player_choice":"Fight","damage_taken":0,"max_hp_gain":0,"max_hp_loss":0,"event_name":"MindBloom","floor":44,"gold_loss":0}],"is_beta":false,"boss_relics":[{"not_picked":["Coffee Dripper","Astrolabe"],"picked":"Philosopher\u0027s Stone"},{"not_picked":["SlaversCollar","Busted Crown"],"picked":"WristBlade"}],"items_purged_floors":[20],"is_endless":false,"potions_floor_spawned":[2,7,13,16,18,24,31,40,44,45,47],"ascension_level":19}}