{"host":"5x08nt64u3vxxcfi","time":1610533193,"event":{"mods":["BaseMod","Minty Spire (QoL Compilation)","StSLib","SuperFastMode"],"gold_per_floor":[109,129,129,142,69,95,95,128,128,155,155,186,198,208,208,284,284,298,298,308,318,55,55,86,86,86,111,111,140,140,150,150,222,222,232,232,23,75,100,100,100,100,100,200,128,128,128,147,147,147,147,147,19,44,44],"floor_reached":56,"language":"KOR","playtime":1567,"items_purged":["Writhe","Defend_G","Defend_G"],"score":1905,"play_id":"c6330e8a-930b-443d-a007-eb561126f067","local_time":"20210113191953","is_ascension_mode":true,"campfire_choices":[{"floor":7.0,"key":"REST"},{"floor":11.0,"key":"REST"},{"floor":15.0,"key":"REST"},{"floor":23.0,"key":"REST"},{"floor":25.0,"key":"REST"},{"floor":32.0,"key":"RECALL"},{"data":"Sucker Punch","floor":40,"key":"PURGE"},{"data":"Purity","floor":42,"key":"PURGE"},{"data":"Defend_G","floor":47,"key":"PURGE"},{"data":"Defend_G","floor":49,"key":"PURGE"},{"data":"Defend_G","floor":52,"key":"PURGE"}],"circlet_count":0,"master_deck":["AscendersBane","Survivor","Neutralize","Apotheosis+1","Distraction","Crippling Poison","Doppelganger","Prepared","Blur","Quick Slash","Leg Sweep","Tactician","Doppelganger","Deadly Poison","Deadly Poison","Outmaneuver","Catalyst","Poisoned Stab","Adrenaline","Footwork","Ghostly","Ghostly","Ghostly","Ghostly","Ghostly","Acrobatics","Bite","Bite","Bite","Bite","Bite","Wraith Form v2","Night Terror","Catalyst","Master of Strategy","Blur","Quick Slash","Dagger Throw","Deep Breath","Caltrops+1","Deadly Poison"],"relics":["Ring of the Snake","Bronze Scales","Mummified Hand","Smiling Mask","Regal Pillow","Pantograph","Philosopher\u0027s Stone","HornCleat","Sundial","Lizard Tail","Juzu Bracelet","CaptainsWheel","Coffee Dripper","Peace Pipe","Tingsha","Du-Vu Doll"],"acts_visited":["Exordium","TheCity","TheBeyond","TheEnding"],"potions_floor_usage":[55],"damage_taken":[{"damage":0.0,"enemies":"Small Slimes","floor":1.0,"turns":4.0},{"damage":0.0,"enemies":"Cultist","floor":2.0,"turns":4.0},{"damage":0.0,"enemies":"Jaw Worm","floor":4.0,"turns":3.0},{"damage":14.0,"enemies":"Lagavulin","floor":6.0,"turns":8.0},{"damage":16.0,"enemies":"Gremlin Nob","floor":8.0,"turns":4.0},{"damage":22.0,"enemies":"Lagavulin","floor":10.0,"turns":4.0},{"damage":11.0,"enemies":"3 Sentries","floor":12.0,"turns":6.0},{"damage":13.0,"enemies":"3 Louse","floor":13.0,"turns":2.0},{"damage":0.0,"enemies":"Exordium Thugs","floor":14.0,"turns":4.0},{"damage":31.0,"enemies":"Slime Boss","floor":16.0,"turns":12.0},{"damage":14.0,"enemies":"2 Thieves","floor":18.0,"turns":4.0},{"damage":0.0,"enemies":"Chosen","floor":20.0,"turns":4.0},{"damage":5.0,"enemies":"Centurion and Healer","floor":21.0,"turns":7.0},{"damage":25.0,"enemies":"Book of Stabbing","floor":24.0,"turns":4.0},{"damage":13.0,"enemies":"Gremlin Leader","floor":27.0,"turns":5.0},{"damage":27.0,"enemies":"Slavers","floor":29.0,"turns":6.0},{"damage":4.0,"enemies":"Shelled Parasite and Fungi","floor":31.0,"turns":8.0},{"damage":12.0,"enemies":"Champ","floor":33.0,"turns":13.0},{"damage":3.0,"enemies":"3 Darklings","floor":35.0,"turns":5.0},{"damage":8,"enemies":"2 Orb Walkers","floor":38,"turns":6},{"damage":1,"enemies":"Mind Bloom Boss Battle","floor":39,"turns":7},{"damage":1,"enemies":"Orb Walker","floor":48,"turns":4},{"damage":1,"enemies":"Time Eater","floor":50,"turns":7},{"damage":3,"enemies":"Shield and Spear","floor":54,"turns":8},{"damage":23,"enemies":"The Heart","floor":55,"turns":7}],"seed_played":"-7565925797858564606","potions_obtained":[{"floor":4.0,"key":"Fire Potion"},{"floor":12.0,"key":"GamblersBrew"},{"floor":14.0,"key":"ColorlessPotion"},{"floor":20.0,"key":"EntropicBrew"},{"floor":21.0,"key":"Explosive Potion"},{"floor":27.0,"key":"Strength Potion"},{"floor":31.0,"key":"Weak Potion"}],"is_trial":false,"path_per_floor":["M","M","?","M","$","E","R","E","T","E","R","E","M","M","R","B",null,"M","?","M","M","$","R","E","R","T","E","?","E","?","M","R","B",null,"M","?","$","?","?","R","?","R","T","?","$","?","R","M","R","B",null,"R","$","E","B",null],"character_chosen":"THE_SILENT","items_purchased":["Crippling Poison","Catalyst","Poisoned Stab","Purity","Catalyst","Master of Strategy","Dagger Throw","Deadly Poison","Block Potion"],"campfire_rested":5,"item_purchase_floors":[5,22,22,22,37,37,45,53,53],"current_hp_per_floor":[63,63,63,63,63,49,63,47,47,25,58,47,34,34,63,32,55,41,41,41,36,36,63,38,63,63,50,31,4,4,21,21,19,21,18,18,18,18,21,21,21,21,21,21,21,21,21,20,20,21,21,21,21,20,11],"gold":44,"neow_bonus":"RANDOM_COLORLESS_2","is_daily":false,"chose_seed":false,"campfire_upgraded":0,"win_rate":0.0,"timestamp":1610533193,"path_taken":["M","M","?","?","$","E","R","E","T","E","R","E","M","M","R","BOSS","M","?","M","M","$","R","E","R","T","E","?","E","?","M","R","BOSS","M","?","$","?","?","R","?","R","T","?","$","?","R","M","R","BOSS","R","$","E","BOSS"],"items_purchased_type":["Card","Card","Card","Card","Card","Card","Card","Card","Potion"],"build_version":"2020-12-22","purchased_purges":3,"victory":true,"max_hp_per_floor":[63,63,63,63,63,63,63,63,63,63,63,63,63,63,63,63,63,63,63,63,63,63,63,63,63,63,63,31,31,21,21,21,21,21,21,21,21,21,21,21,21,21,21,21,21,21,21,21,21,21,21,21,21,21,21],"card_choices":[{"not_picked":["Secret Weapon","Secret Technique"],"picked":"Apotheosis","floor":0.0},{"not_picked":["Blur","Slice"],"picked":"Dagger Spray","floor":1.0},{"not_picked":["Underhanded Strike","Expertise"],"picked":"Sucker Punch","floor":2.0},{"not_picked":["Flying Knee","All Out Attack"],"picked":"Distraction","floor":4.0},{"not_picked":["Calculated Gamble","Accuracy"],"picked":"Doppelganger","floor":6.0},{"not_picked":["PiercingWail","Slice"],"picked":"Prepared","floor":8.0},{"not_picked":["Cloak And Dagger","Concentrate"],"picked":"Blur","floor":10.0},{"not_picked":["Unload","Predator"],"picked":"Quick Slash","floor":12.0},{"not_picked":["Choke","Calculated Gamble"],"picked":"Leg Sweep","floor":13.0},{"not_picked":["Dodge and Roll","Riddle With Holes"],"picked":"Tactician","floor":14.0},{"not_picked":["Unload","Storm of Steel"],"picked":"Doppelganger","floor":16.0},{"not_picked":["Backflip","Acrobatics"],"picked":"Deadly Poison","floor":18.0},{"not_picked":["Dagger Spray","Deflect"],"picked":"Deadly Poison","floor":20.0},{"not_picked":["Escape Plan","Dash"],"picked":"Outmaneuver","floor":21.0},{"not_picked":["Sucker Punch","Infinite Blades"],"picked":"Adrenaline","floor":24.0},{"not_picked":["Reflex","Outmaneuver"],"picked":"Footwork","floor":27.0},{"not_picked":["Flying Knee","Flechettes"],"picked":"Acrobatics","floor":29.0},{"not_picked":["Deflect+1","Cloak And Dagger"],"picked":"Wraith Form v2","floor":31.0},{"not_picked":["Phantasmal Killer","After Image"],"picked":"Night Terror","floor":33.0},{"not_picked":["Poisoned Stab","Eviscerate+1","Dagger Throw"],"picked":"SKIP","floor":35.0},{"not_picked":["Dagger Throw","Backflip"],"picked":"Blur","floor":38},{"not_picked":["Slice","Grand Finale"],"picked":"Quick Slash","floor":39},{"not_picked":["PanicButton","Transmutation"],"picked":"Deep Breath","floor":46},{"not_picked":["Concentrate","Prepared"],"picked":"Caltrops+1","floor":48},{"not_picked":["Underhanded Strike","Riddle With Holes","Poisoned Stab"],"picked":"SKIP","floor":54}],"player_experience":98840,"relics_obtained":[{"floor":6.0,"key":"Bronze Scales"},{"floor":8.0,"key":"Mummified Hand"},{"floor":9.0,"key":"Smiling Mask"},{"floor":10.0,"key":"Regal Pillow"},{"floor":12.0,"key":"Pantograph"},{"floor":24.0,"key":"Sundial"},{"floor":26.0,"key":"Lizard Tail"},{"floor":27.0,"key":"Juzu Bracelet"},{"floor":29.0,"key":"CaptainsWheel"},{"floor":38,"key":"Peace Pipe"},{"floor":39,"key":"Tingsha"},{"floor":54,"key":"Du-Vu Doll"}],"event_choices":[{"damage_healed":0.0,"max_hp_gain":0.0,"max_hp_loss":0.0,"gold_gain":0.0,"event_name":"Upgrade Shrine","player_choice":"Upgraded","floor":3.0,"gold_loss":0.0,"damage_taken":0.0,"cards_upgraded":["Apotheosis"]},{"damage_healed":0.0,"max_hp_gain":0.0,"max_hp_loss":0.0,"gold_gain":0.0,"event_name":"The Mausoleum","player_choice":"Opened","floor":19.0,"gold_loss":0.0,"damage_taken":0.0,"relics_obtained":["HornCleat"],"cards_obtained":["Writhe"]},{"damage_healed":0.0,"max_hp_gain":0.0,"max_hp_loss":32.0,"gold_gain":0.0,"event_name":"Ghosts","player_choice":"Became a Ghost","floor":28.0,"gold_loss":0.0,"damage_taken":0.0,"cards_obtained":["Ghostly","Ghostly","Ghostly","Ghostly","Ghostly"]},{"damage_healed":0.0,"max_hp_gain":0.0,"max_hp_loss":10.0,"gold_gain":0.0,"event_name":"Vampires","player_choice":"Became a vampire","floor":30.0,"gold_loss":0.0,"damage_taken":0.0,"cards_obtained":["Bite","Bite","Bite","Bite","Bite"]},{"damage_healed":0.0,"max_hp_gain":0.0,"max_hp_loss":0.0,"gold_gain":0.0,"event_name":"Tomb of Lord Red Mask","player_choice":"Ignored","floor":36.0,"gold_loss":0.0,"damage_taken":0.0},{"damage_healed":0,"gold_gain":0,"player_choice":"Fight","damage_taken":0,"max_hp_gain":0,"max_hp_loss":0,"event_name":"Mysterious Sphere","floor":38,"gold_loss":0},{"damage_healed":0,"gold_gain":0,"player_choice":"Fight","damage_taken":0,"max_hp_gain":0,"max_hp_loss":0,"event_name":"MindBloom","floor":39,"gold_loss":0},{"cards_removed":["Dagger Spray"],"damage_healed":0,"gold_gain":0,"player_choice":"Removed Attack","damage_taken":0,"max_hp_gain":0,"max_hp_loss":0,"event_name":"Falling","floor":41,"gold_loss":0},{"damage_healed":0,"gold_gain":100,"player_choice":"Pray","damage_taken":0,"max_hp_gain":0,"max_hp_loss":0,"event_name":"Golden Shrine","floor":44,"gold_loss":0},{"damage_healed":0,"gold_gain":0,"player_choice":"Memory 1","damage_taken":0,"max_hp_gain":0,"max_hp_loss":0,"event_name":"SensoryStone","floor":46,"gold_loss":0}],"is_beta":false,"boss_relics":[{"not_picked":["SacredBark","Black Star"],"picked":"Philosopher\u0027s Stone"},{"not_picked":["WristBlade","Pandora\u0027s Box"],"picked":"Coffee Dripper"}],"items_purged_floors":[22,45,53],"is_endless":false,"potions_floor_spawned":[4,12,14,20,21,27,31],"ascension_level":13}}