{"host":"eb9nn5rza2ky49zy","time":1610546953,"event":{"mods":["Ascension Reborn","BaseMod","Colored Map","Colored Powertips","Conspire","Friendly Minions","Kiyohime£®«Âºß£©","Koishi","Marisa£®ÏF”Í°°ƒß¿Ì…≥£©","Minty Spire (QoL Compilation)","Railgun Mod","Reimu£®≤©¿ˆ¡È√Œ£©","Remilia£®¿Ÿ√◊¿Ú—«£©","Replay The Spire","Shop Mod","StSLib","Td1madao Mod","Youmu£®ªÍ∆«—˝√Œ£©","Yuyuko"],"gold_per_floor":[113,88,100,110,121,151,151,176,176,208,235,410,410,428,428,528,528,548,508,508,245,170,170,182,198,224,237,27,42,55,70,70,171,171,187,199,199,213,213,213,213,233,258,258,291,291,307,69,69,107,107],"floor_reached":50,"language":"ZHS","playtime":5179,"items_purged":[],"score":664,"play_id":"2c929bed-941a-4747-8767-a976daca02a3","local_time":"20210113220913","is_ascension_mode":true,"campfire_choices":[{"data":"Inflame","floor":7,"key":"SMITH"},{"floor":13,"key":"REST"},{"data":"Cleave","floor":15,"key":"SMITH"},{"data":"Limit Break","floor":23,"key":"SMITH"},{"floor":32,"key":"DIG"},{"floor":40,"key":"REST"},{"data":"1","floor":44,"key":"LIFT"},{"data":"2","floor":46,"key":"LIFT"},{"data":"3","floor":49,"key":"LIFT"}],"circlet_count":0,"master_deck":["Strike_R+2","Strike_R+2","Strike_R+1","Strike_R+2","Strike_R+1","Defend_R+1","Defend_R+1","Defend_R+1","Bash+1","Second Wind","Clothesline+1","Inflame+1","Cleave+1","Sword Boomerang","Intimidate","Replay:Many Hands","Ghostly Armor","Pummel","Sever Soul","Limit Break+1","Armaments+1","ZunPunch:ReiMu","Ghostly","Ghostly","Ghostly","Ghostly","Ghostly","Inflame","Massacre+1","Flash of Steel","conspire:ExplosiveBarrier","Thunderclap","True Grit","Limit Break","Whirlwind","ReplayTheSpireMod:Stacked","Cleave","Rampage","Eclipse","Decay","Heavy Blade","Rage+1","Metamorphosis","Seeing Red+1","Wraith","Languid","Perfected Strike+1","ReplayTheSpireMod:Stacked+1","Body Slam+1","Crow Ritual","Apotheosis","Panacea"],"relics":["Burning Blood","Red Skull","Simple Rune","Ginger","Replay:Ringing Soul","Mercury Hourglass","Odd Mushroom","conspire:RoyalGoblet","Membership Card","Paper Frog","Replay:Baseball","Replay:Wax Seal","Bag of Preparation","Darkstone Periapt","Replay:Ancient Bell","Omamori","Mirror","Unceasing Top","ReplayTheSpireMod:Ring of Challenge","Ring of Chaos","Girya","conspire:TopHat","Replay:Multitool","Whetstone","ReplayTheSpireMod:ShopPack","Replay:Bandana"],"acts_visited":["Exordium","TheCity","TheBeyond"],"potions_floor_usage":[8,16,16,33,33,36,38,50,50,50],"damage_taken":[{"damage":0,"enemies":"2 Louse","floor":1,"turns":2},{"damage":0,"enemies":"Jaw Worm","floor":3,"turns":3},{"damage":6,"enemies":"Small Slimes","floor":4,"turns":2},{"damage":0,"enemies":"3 Louse","floor":5,"turns":3},{"damage":9,"enemies":"Replay:BlueRogue","floor":6,"turns":3},{"damage":18,"enemies":"Gremlin Nob","floor":8,"turns":4},{"damage":7,"enemies":"Replay:BlueRogue","floor":10,"turns":6},{"damage":0,"enemies":"The Mushroom Lair","floor":11,"turns":3},{"damage":0,"enemies":"Large Slime","floor":14,"turns":2},{"damage":25,"enemies":"Fading Forest","floor":16,"turns":11},{"damage":5,"enemies":"3 Byrds","floor":18,"turns":4},{"damage":8,"enemies":"Chosen","floor":24,"turns":3},{"damage":31,"enemies":"Shelled Parasite and Fungi","floor":25,"turns":6},{"damage":3,"enemies":"Snake Plant","floor":27,"turns":3},{"damage":3,"enemies":"3 Cultists","floor":29,"turns":3},{"damage":11,"enemies":"Centurion and Healer","floor":30,"turns":3},{"damage":8,"enemies":"Cultist and Chosen","floor":31,"turns":3},{"damage":11,"enemies":"Automaton","floor":33,"turns":9},{"damage":24,"enemies":"3 Darklings","floor":35,"turns":6},{"damage":34,"enemies":"3 Shapes","floor":36,"turns":5},{"damage":40,"enemies":"Maw","floor":38,"turns":8},{"damage":15,"enemies":"4 Shapes","floor":42,"turns":5},{"damage":9,"enemies":"conspire:MimicChest","floor":45,"turns":5},{"damage":27,"enemies":"Spire Growth","floor":47,"turns":4},{"damage":68,"enemies":"Replay:Hell Engine","floor":50,"turns":12}],"seed_played":"-2063952200711825999","potions_obtained":[{"floor":1,"key":"Fire Potion"},{"floor":6,"key":"Explosive Potion"},{"floor":10,"key":"Adrenaline Potion"},{"floor":11,"key":"BlessingOfTheForge"},{"floor":18,"key":"Swift Potion"},{"floor":27,"key":"FearPotion"},{"floor":33,"key":"AttackPotion"},{"floor":35,"key":"GrandPatriotsElixir:ReiMu"},{"floor":36,"key":"Milkshake"},{"floor":45,"key":"Adrenaline Potion"}],"is_trial":false,"path_per_floor":["M","$","M","M","M","E","R","E","T","E","?","?","R","M","R","B",null,"M","?","?","$","?","R","M","M","T","M","$","M","M","M","R_BF","B",null,"M","M","?","M","?","R","?","M","T","R","?","R","M","$","R_BF","B"],"character_chosen":"IRONCLAD","items_purchased":["Clothesline","Membership Card","Inflame","Massacre+1","Flash of Steel","Replay:Wax Seal","Bag of Preparation","Limit Break","Whirlwind","Whetstone","BlessingOfTheForge","ReplayTheSpireMod:ShopPack","Replay:Bandana"],"campfire_rested":2,"item_purchase_floors":[2,21,21,21,21,28,28,28,28,48,48,48,48],"current_hp_per_floor":[80,80,80,80,80,77,77,65,65,67,76,79,89,92,92,76,95,98,101,53,56,56,56,57,35,35,41,44,50,48,49,49,47,89,74,51,54,23,32,65,74,68,68,68,68,68,50,53,53,0,0],"gold":107,"neow_bonus":"RANDOM_EVENT","is_daily":false,"chose_seed":false,"campfire_upgraded":3,"win_rate":0.0,"timestamp":1610546953,"path_taken":["M","$","M","M","M","E","R","E","T","E","?","?","R","M","R","BOSS","M","?","?","$","?","R","M","M","T","M","$","M","M","M","R_BF","BOSS","M","M","?","M","?","R","?","M","T","R","?","R","M","$","R_BF","BOSS"],"items_purchased_type":["Card","Relic","Card","Card","Card","Relic","Relic","Card","Card","Relic","Potion","Relic","Relic"],"build_version":"2020-12-22","purchased_purges":0,"victory":false,"max_hp_per_floor":[80,80,80,80,80,80,80,80,80,83,86,89,89,92,92,95,95,98,101,53,56,56,56,59,62,62,65,68,71,74,77,77,80,89,92,95,98,101,110,110,119,122,122,122,125,125,128,131,131,131,131],"card_choices":[{"not_picked":["Reckless Charge","Pommel Strike"],"picked":"Second Wind","floor":1},{"not_picked":["Thunderclap","Cleave"],"picked":"Inflame","floor":3},{"not_picked":["Run Through","Burning Pact"],"picked":"Cleave","floor":4},{"not_picked":["Feel No Pain","Defy Death"],"picked":"Sword Boomerang","floor":5},{"not_picked":["Brutality","Battle Trance"],"picked":"Intimidate","floor":6},{"not_picked":["Dark Embrace","Twin Strike"],"picked":"Replay:Many Hands","floor":8},{"not_picked":["conspire:Charge","Massacre"],"picked":"Ghostly Armor","floor":10},{"not_picked":["ReplayTheSpireMod:Stacked","Perfected Strike"],"picked":"Pummel","floor":11},{"not_picked":["Cleave","Dual Wield"],"picked":"Sever Soul","floor":14},{"not_picked":["conspire:HitWhereItHurts","Hemogenesis"],"picked":"Limit Break","floor":16},{"not_picked":["Thunderclap","Massacre"],"picked":"Armaments+1","floor":18},{"not_picked":["Shrug It Off","Flex"],"picked":"conspire:ExplosiveBarrier","floor":24},{"not_picked":["Rage","ReplayTheSpireMod:Strike From Hell+1"],"picked":"Thunderclap","floor":25},{"not_picked":["Rage","Replay:Undeath\u0027s Touch"],"picked":"True Grit","floor":27},{"not_picked":["True Grit+1","Clothesline+1"],"picked":"ReplayTheSpireMod:Stacked","floor":29},{"not_picked":["Carnage","Blood for Blood+1"],"picked":"Cleave","floor":30},{"not_picked":["ReplayTheSpireMod:Limb From Limb","Rage"],"picked":"Rampage","floor":31},{"not_picked":["Replay:Many Hands","conspire:Purge"],"picked":"Eclipse","floor":33},{"not_picked":["AscMod:ascendersbane","Pain"],"picked":"Poor:ReiMu","floor":34},{"not_picked":["Doubt","Poor:ReiMu"],"picked":"AbeCurse","floor":34},{"not_picked":["Parasite","conspire:NecroticWound"],"picked":"Decay","floor":34},{"not_picked":["Warcry+1","Dual Wield"],"picked":"Heavy Blade","floor":35},{"not_picked":["Warcry+1","Hemokinesis+1"],"picked":"Rage+1","floor":36},{"not_picked":["Forethought","Violence"],"picked":"Metamorphosis","floor":37},{"not_picked":["Feel No Pain","Twin Strike"],"picked":"Seeing Red+1","floor":38},{"not_picked":["Clothesline","Headbutt+1"],"picked":"Perfected Strike+1","floor":42},{"not_picked":["True Grit+1","Anger"],"picked":"ReplayTheSpireMod:Stacked+1","floor":45},{"not_picked":["Defy Death","Fire Breathing+1"],"picked":"Body Slam+1","floor":47},{"not_picked":["Sadistic Nature","Chrysalis"],"picked":"Crow Ritual","floor":48},{"not_picked":["Poisoned Strike","Replay:Parry"],"picked":"Apotheosis","floor":48},{"not_picked":["Replay:Bootleg Shield Generator","Survey Options"],"picked":"Panacea","floor":48}],"player_experience":91685,"relics_obtained":[{"floor":6,"key":"Red Skull"},{"floor":8,"key":"Simple Rune"},{"floor":9,"key":"Ginger"},{"floor":9,"key":"Replay:Ringing Soul"},{"floor":10,"key":"Mercury Hourglass"},{"floor":11,"key":"Odd Mushroom"},{"floor":26,"key":"Paper Frog"},{"floor":26,"key":"Replay:Baseball"},{"floor":32,"key":"Darkstone Periapt"},{"floor":41,"key":"ReplayTheSpireMod:Ring of Challenge"},{"floor":41,"key":"Ring of Chaos"},{"floor":43,"key":"Girya"},{"floor":43,"key":"conspire:TopHat"},{"floor":45,"key":"Replay:Multitool"}],"event_choices":[{"damage_healed":0,"gold_gain":0,"player_choice":"Fought Mushrooms","damage_taken":0,"max_hp_gain":0,"max_hp_loss":0,"event_name":"Mushrooms","floor":11,"gold_loss":0},{"damage_healed":0,"gold_gain":175,"player_choice":"AGREE","damage_taken":0,"max_hp_gain":0,"max_hp_loss":0,"event_name":"Liars Game","floor":12,"gold_loss":0,"cards_obtained":["Doubt"]},{"damage_healed":0,"gold_gain":0,"player_choice":"Ωª≥ˆ…Òæ∆","damage_taken":0,"max_hp_gain":0,"max_hp_loss":0,"event_name":"ZunEvent","floor":19,"relics_lost":["ZunR:ReiMu"],"gold_loss":0,"cards_obtained":["ZunPunch:ReiMu"]},{"damage_healed":0,"gold_gain":0,"player_choice":"Became a Ghost","damage_taken":0,"max_hp_gain":0,"max_hp_loss":51,"event_name":"Ghosts","floor":20,"gold_loss":0,"cards_obtained":["Ghostly","Ghostly","Ghostly","Ghostly","Ghostly"]},{"cards_removed":["Doubt"],"damage_healed":0,"gold_gain":0,"player_choice":"Gave Gold","damage_taken":0,"max_hp_gain":0,"max_hp_loss":0,"event_name":"Beggar","floor":22,"gold_loss":75},{"damage_healed":0,"gold_gain":0,"player_choice":"Memory 1","damage_taken":0,"max_hp_gain":0,"max_hp_loss":0,"event_name":"SensoryStone","floor":37,"gold_loss":0},{"damage_healed":0,"gold_gain":0,"player_choice":"Ignored","damage_taken":0,"max_hp_gain":0,"max_hp_loss":0,"event_name":"OrinTheCat","floor":39,"gold_loss":0}],"is_beta":false,"boss_relics":[{"not_picked":["conspire:SeveredTorchhead","Painkiller Herb"],"picked":"conspire:RoyalGoblet"},{"not_picked":["Philosopher\u0027s Stone","ChewingGum"],"picked":"Replay:Ancient Bell"},{"not_picked":["ScarletDevilRocket","Mastiff:ReiMu"],"picked":"Omamori"},{"not_picked":["conspire:DeflatedDodgeball","conspire:BottledYoYo"],"picked":"Mirror"},{"not_picked":["Magic Flower","CaptainsWheel"],"picked":"Unceasing Top"}],"items_purged_floors":[],"is_endless":false,"potions_floor_spawned":[1,6,10,11,18,27,31,33,35,36,45],"killed_by":"Replay:Hell Engine","ascension_level":0}}