{"host":"e8rlfedn69rz2s07","time":1610572657,"event":{"mods":["AchievementEnabler","BaseMod","Minty Spire (QoL Compilation)","Permanent Neow","Relic Stats"],"gold_per_floor":[113,127,127,147,147,147,180,180,232,250,264,294,306,318,318,395,395,414,434,434,35,47,47,47,47],"floor_reached":24,"language":"ENG","playtime":978,"items_purged":["Pain"],"score":420,"play_id":"51423d0c-41c7-4bac-957a-ac65eb858b55","local_time":"20210113231737","is_ascension_mode":true,"campfire_choices":[{"data":"All Out Attack","floor":6,"key":"SMITH"},{"data":"Quick Slash","floor":8,"key":"SMITH"},{"data":"Catalyst","floor":15,"key":"SMITH"},{"data":"Noxious Fumes","floor":23,"key":"SMITH"}],"circlet_count":0,"master_deck":["AscendersBane","Strike_G","Strike_G","Strike_G","Strike_G","Defend_G","Defend_G","Defend_G","Defend_G","Defend_G","Survivor","Neutralize+1","Dagger Spray","All Out Attack+1","Infinite Blades","Quick Slash+1","Deadly Poison","Catalyst+1","Catalyst","PiercingWail","Unload","CurseOfTheBell","Burst","Acrobatics","Noxious Fumes+1"],"relics":["Coffee Dripper","Oddly Smooth Stone","Nunchaku","Tiny Chest","Calling Bell","Bronze Scales","Molten Egg 2","The Specimen","WarpedTongs","Anchor"],"acts_visited":["Exordium","TheCity"],"potions_floor_usage":[7,12,14,18,18,22],"damage_taken":[{"damage":0,"enemies":"2 Louse","floor":1,"turns":3},{"damage":1,"enemies":"Small Slimes","floor":2,"turns":3},{"damage":0,"enemies":"Cultist","floor":4,"turns":3},{"damage":10,"enemies":"Lagavulin","floor":7,"turns":5},{"damage":0,"enemies":"Exordium Thugs","floor":10,"turns":3},{"damage":0,"enemies":"Lots of Slimes","floor":11,"turns":3},{"damage":4,"enemies":"3 Sentries","floor":12,"turns":6},{"damage":5,"enemies":"Looter","floor":13,"turns":3},{"damage":6,"enemies":"Large Slime","floor":14,"turns":7},{"damage":15,"enemies":"The Guardian","floor":16,"turns":7},{"damage":18,"enemies":"Spheric Guardian","floor":18,"turns":4},{"damage":30,"enemies":"Shell Parasite","floor":19,"turns":5},{"damage":14,"enemies":"Snake Plant","floor":22,"turns":5},{"damage":15,"enemies":"Book of Stabbing","floor":24,"turns":2}],"seed_played":"-1923483091253275898","potions_obtained":[{"floor":1,"key":"ColorlessPotion"},{"floor":7,"key":"SkillPotion"},{"floor":10,"key":"EntropicBrew"},{"floor":13,"key":"Regen Potion"},{"floor":19,"key":"Fire Potion"}],"is_trial":false,"path_per_floor":["M","M","?","M","?","R","E","R","T","M","M","E","M","M","R","B",null,"M","M","?","$","M","R","E"],"character_chosen":"THE_SILENT","items_purchased":["Regen Potion","Anchor","Noxious Fumes"],"campfire_rested":0,"item_purchase_floors":[21,21,21],"current_hp_per_floor":[59,58,58,58,58,58,48,48,48,48,48,44,39,48,48,33,58,40,10,10,10,11,11,0,0],"gold":47,"neow_bonus":"BOSS_RELIC","is_daily":false,"chose_seed":false,"campfire_upgraded":4,"win_rate":0.0,"timestamp":1610572657,"path_taken":["M","M","?","M","?","R","E","R","T","?","M","E","M","M","R","BOSS","M","M","?","$","M","R","E"],"items_purchased_type":["Potion","Relic","Card"],"build_version":"2020-12-22","purchased_purges":1,"victory":false,"max_hp_per_floor":[66,66,66,66,66,66,66,66,66,66,66,66,66,66,66,66,66,66,66,66,66,66,66,66,66],"relic_stats":{"Nunchaku":[8],"counters":[14,59],"Bronze Scales":[39],"Tiny Chest":0,"obtain_stats":[{"Calling Bell":17,"Nunchaku":9,"Anchor":21,"The Specimen":17,"Bronze Scales":17,"Oddly Smooth Stone":7,"Tiny Chest":12,"Molten Egg 2":17,"Coffee Dripper":0,"Ring of the Snake":0,"WarpedTongs":20},{"Calling Bell":10,"Nunchaku":4,"Anchor":12,"The Specimen":10,"Bronze Scales":10,"Oddly Smooth Stone":4,"Tiny Chest":7,"Molten Egg 2":10,"Coffee Dripper":0,"Ring of the Snake":0,"WarpedTongs":12},{"Calling Bell":43,"Nunchaku":14,"Anchor":52,"The Specimen":43,"Bronze Scales":43,"Oddly Smooth Stone":14,"Tiny Chest":26,"Molten Egg 2":43,"Coffee Dripper":0,"Ring of the Snake":0,"WarpedTongs":52}],"WarpedTongs":[7]},"card_choices":[{"not_picked":["Flechettes","Outmaneuver"],"picked":"Dagger Spray","floor":1},{"not_picked":["Escape Plan","Poisoned Stab"],"picked":"All Out Attack","floor":2},{"not_picked":["Dagger Spray","Flying Knee"],"picked":"Infinite Blades","floor":4},{"not_picked":["Dodge and Roll","Bane"],"picked":"Quick Slash","floor":7},{"not_picked":["Infinite Blades","Tactician"],"picked":"Deadly Poison","floor":10},{"not_picked":["Dagger Throw","Accuracy"],"picked":"Catalyst","floor":11},{"not_picked":["Blade Dance","Setup"],"picked":"Catalyst","floor":12},{"not_picked":["Heel Hook","Dagger Spray"],"picked":"PiercingWail","floor":13},{"not_picked":["Blade Dance","Terror","Outmaneuver"],"picked":"SKIP","floor":14},{"not_picked":["Grand Finale","Doppelganger"],"picked":"Unload","floor":16},{"not_picked":["Bouncing Flask","Outmaneuver"],"picked":"Burst","floor":18},{"not_picked":["Cloak And Dagger","PiercingWail"],"picked":"Acrobatics","floor":19},{"not_picked":["Dagger Throw+1","Cloak And Dagger","Choke+1"],"picked":"SKIP","floor":22}],"player_experience":959983,"relics_obtained":[{"floor":7,"key":"Oddly Smooth Stone"},{"floor":9,"key":"Nunchaku"},{"floor":12,"key":"Tiny Chest"},{"floor":17,"key":"Bronze Scales"},{"floor":17,"key":"Molten Egg 2"},{"floor":17,"key":"The Specimen"}],"event_choices":[{"damage_healed":0,"gold_gain":0,"player_choice":"Grow","damage_taken":0,"max_hp_gain":0,"max_hp_loss":0,"event_name":"Living Wall","floor":3,"gold_loss":0,"cards_upgraded":["Neutralize"]},{"cards_removed":["Strike_G"],"damage_healed":0,"gold_gain":0,"player_choice":"Offered Basic","damage_taken":0,"max_hp_gain":0,"max_hp_loss":0,"event_name":"Bonfire Elementals","floor":5,"gold_loss":0},{"damage_healed":0,"gold_gain":0,"player_choice":"Rummage","damage_taken":0,"relics_obtained":["WarpedTongs"],"max_hp_gain":0,"max_hp_loss":0,"event_name":"Accursed Blacksmith","floor":20,"gold_loss":0,"cards_obtained":["Pain"]}],"is_beta":false,"boss_relics":[{"not_picked":["Velvet Choker","WristBlade"],"picked":"Calling Bell"}],"items_purged_floors":[21],"is_endless":false,"potions_floor_spawned":[1,7,10,13,19],"killed_by":"Book of Stabbing","ascension_level":20}}