{"host":"52lujqhsyicpcskq","time":1610545672,"event":{"mods":["BaseMod","Colored Map","DeckTracker","Minty Spire (QoL Compilation)","Permanent Neow","StSLib","SuperFastMode","everything is the same but u backflip on backflip"],"gold_per_floor":[113,133,144,161,180,180,208,208,235,249,281,58,85,95,95,200,200,213,138,138,152,152,152,186,221,221,240,240,240],"floor_reached":28,"language":"KOR","playtime":1510,"items_purged":["Strike_B"],"score":403,"play_id":"3934c8cd-69b0-4255-976f-b336c8095181","local_time":"20210113224752","is_ascension_mode":true,"campfire_choices":[{"data":"Ball Lightning","floor":6,"key":"SMITH"},{"floor":8,"key":"REST"},{"floor":15,"key":"REST"},{"data":"Dualcast","floor":23,"key":"SMITH"}],"circlet_count":0,"master_deck":["AscendersBane","Strike_B","Strike_B","Defend_B","Zap+1","Dualcast+1","Undo","Doom and Gloom","Conserve Battery","Ball Lightning+1","Compile Driver","BootSequence","Cold Snap","Multi-Cast","Reinforced Body","Cold Snap","Electrodynamics","Rebound","Loop+1","Streamline","Core Surge","Conserve Battery","Redo+1","Heatsinks"],"relics":["Cracked Core","Bottled Flame","Happy Flower","Blood Vial","Bronze Scales","Inserter","Red Mask","Darkstone Periapt","Toxic Egg 2"],"acts_visited":["Exordium","TheCity"],"potions_floor_usage":[25],"damage_taken":[{"damage":0,"enemies":"2 Louse","floor":1,"turns":1},{"damage":0,"enemies":"Jaw Worm","floor":2,"turns":3},{"damage":0,"enemies":"Cultist","floor":3,"turns":4},{"damage":6,"enemies":"Blue Slaver","floor":4,"turns":4},{"damage":16,"enemies":"Large Slime","floor":5,"turns":7},{"damage":38,"enemies":"Lagavulin","floor":7,"turns":7},{"damage":1,"enemies":"Looter","floor":10,"turns":3},{"damage":2,"enemies":"3 Sentries","floor":11,"turns":5},{"damage":20,"enemies":"Gremlin Nob","floor":13,"turns":3},{"damage":0,"enemies":"2 Fungi Beasts","floor":14,"turns":2},{"damage":32,"enemies":"The Guardian","floor":16,"turns":12},{"damage":0,"enemies":"Chosen","floor":18,"turns":4},{"damage":11,"enemies":"Spheric Guardian","floor":21,"turns":3},{"damage":0,"enemies":"Masked Bandits","floor":24,"turns":2},{"damage":33,"enemies":"Slavers","floor":25,"turns":5},{"damage":14,"enemies":"Shelled Parasite and Fungi","floor":27,"turns":5},{"damage":14,"enemies":"Book of Stabbing","floor":28,"turns":2}],"seed_played":"2851278518428235700","potions_obtained":[{"floor":1,"key":"EssenceOfSteel"},{"floor":5,"key":"Dexterity Potion"},{"floor":21,"key":"Explosive Potion"},{"floor":27,"key":"FearPotion"}],"is_trial":false,"path_per_floor":["M","M","M","M","M","R","E","R","T","M","E","$","E","M","R","B",null,"M","?","?","M","?","R","?","E","T","M","E"],"character_chosen":"DEFECT","items_purchased":["Multi-Cast"],"campfire_rested":2,"item_purchase_floors":[12],"current_hp_per_floor":[68,68,68,62,46,46,8,30,30,29,27,27,9,11,33,3,57,59,59,59,50,50,50,52,21,21,9,0,0],"gold":240,"neow_bonus":"UPGRADE_CARD","is_daily":false,"chose_seed":false,"campfire_upgraded":2,"win_rate":0.0,"timestamp":1610545672,"path_taken":["M","M","M","M","M","R","E","R","T","M","E","$","E","M","R","BOSS","M","?","?","?","?","R","?","E","T","M","E"],"items_purchased_type":["Card"],"build_version":"2020-12-22","purchased_purges":1,"victory":false,"max_hp_per_floor":[75,75,75,75,75,75,75,75,75,75,75,75,75,75,75,75,75,75,75,75,75,75,75,75,75,75,75,75,75],"card_choices":[{"not_picked":["White Noise","Hologram"],"picked":"Undo","floor":1},{"not_picked":["Skim","Barrage"],"picked":"Doom and Gloom","floor":2},{"not_picked":["Blizzard","Recycle","Loop"],"picked":"SKIP","floor":3},{"not_picked":["Steam","Recycle"],"picked":"Conserve Battery","floor":4},{"not_picked":["White Noise","Compile Driver"],"picked":"Ball Lightning","floor":5},{"not_picked":["Meteor Strike","Conserve Battery"],"picked":"Compile Driver","floor":7},{"not_picked":["Heatsinks","Steam"],"picked":"BootSequence","floor":10},{"not_picked":["Gash","Redo"],"picked":"Cold Snap","floor":11},{"not_picked":["Undo","BootSequence"],"picked":"Reinforced Body","floor":13},{"not_picked":["Stack","Auto Shields"],"picked":"Cold Snap","floor":14},{"not_picked":["Amplify","Fission"],"picked":"Electrodynamics","floor":16},{"not_picked":["Aggregate","Leap+1"],"picked":"Rebound","floor":18},{"not_picked":["Cold Snap","Hello World"],"picked":"Loop+1","floor":21},{"not_picked":["Gash+1","Streamline"],"picked":"Conserve Battery","floor":24},{"not_picked":["Ball Lightning","Conserve Battery+1"],"picked":"Redo+1","floor":25},{"not_picked":["Streamline+1","Multi-Cast+1"],"picked":"Heatsinks","floor":27}],"player_experience":682906,"relics_obtained":[{"floor":7,"key":"Bottled Flame"},{"floor":9,"key":"Happy Flower"},{"floor":11,"key":"Blood Vial"},{"floor":13,"key":"Bronze Scales"},{"floor":24,"key":"Red Mask"},{"floor":25,"key":"Darkstone Periapt"},{"floor":26,"key":"Toxic Egg 2"}],"event_choices":[{"cards_removed":["Defend_B"],"damage_healed":0,"gold_gain":0,"player_choice":"Gave Gold","damage_taken":0,"max_hp_gain":0,"max_hp_loss":0,"event_name":"Beggar","floor":19,"gold_loss":75},{"cards_removed":["Strike_B"],"damage_healed":0,"gold_gain":0,"player_choice":"Purged","damage_taken":0,"max_hp_gain":0,"max_hp_loss":0,"event_name":"Purifier","floor":20,"gold_loss":0},{"damage_healed":0,"gold_gain":0,"cards_transformed":["Defend_B","Defend_B"],"player_choice":"Became Test Subject","damage_taken":0,"max_hp_gain":0,"max_hp_loss":0,"event_name":"Drug Dealer","floor":22,"gold_loss":0,"cards_obtained":["Streamline","Core Surge"]},{"damage_healed":0,"gold_gain":0,"player_choice":"Fought Bandits","damage_taken":0,"max_hp_gain":0,"max_hp_loss":0,"event_name":"Masked Bandits","floor":24,"gold_loss":0}],"is_beta":false,"boss_relics":[{"not_picked":["Sozu","Tiny House"],"picked":"Inserter"}],"items_purged_floors":[12],"is_endless":false,"potions_floor_spawned":[1,5,10,13,18,21,27],"killed_by":"Book of Stabbing","ascension_level":11}}