{"host":"amu9ywnm0ttsp1dk","time":1610539253,"event":{"mods":["Act Like it!","Arknights The Spire","BaseMod","ChefMod","Chen","Downfall","Gensokyo","Marisa£®ÏF”Í°°ƒß¿Ì…≥£©","Minty Spire (QoL Compilation)","Rare Cards Sparkle","Reimu£®≤©¿ˆ¡È√Œ£©","Robot Space Explorer","StSLib","The Edgeheg","The Marked","Yakumo Yukari mod","Youmu£®ªÍ∆«—˝√Œ£©"],"gold_per_floor":[112,112,127,127,127,162,162,162,188,188,201,201,213,243,243,243,243],"floor_reached":16,"language":"ZHS","playtime":1072,"items_purged":[],"score":133,"play_id":"09e093c7-645b-463e-b94e-480ba3ffc3dc","local_time":"20210113200053","is_ascension_mode":false,"campfire_choices":[{"data":"RobotSpaceExplorer:DroneSwarm","floor":8,"key":"SMITH"},{"floor":10,"key":"RECALL"},{"data":"RobotSpaceExplorer:Reload","floor":15,"key":"SMITH"}],"circlet_count":0,"master_deck":["RobotSpaceExplorer:Strike","RobotSpaceExplorer:Strike","RobotSpaceExplorer:Strike","RobotSpaceExplorer:Strike","RobotSpaceExplorer:Defend","RobotSpaceExplorer:Defend","RobotSpaceExplorer:Defend","RobotSpaceExplorer:Defend","RobotSpaceExplorer:Scan","RobotSpaceExplorer:MiniLasers","RobotSpaceExplorer:FrostMissile+1","RobotSpaceExplorer:Reload+1","RobotSpaceExplorer:ScrapShield","RobotSpaceExplorer:GlueShot","RobotSpaceExplorer:Fix"],"relics":["RobotSpaceExplorer:RoboCore","NeowsBlessing","Gensokyo:PortableGap","StrikeDummy","Tiny Chest","Lantern","Gensokyo:OccultBall","Bag of Preparation"],"acts_visited":["Exordium"],"potions_floor_usage":[13,14,14,16],"damage_taken":[{"damage":0,"enemies":"Gensokyo:2_Kodama","floor":1,"turns":1},{"damage":0,"enemies":"Gensokyo:3_Fairies","floor":3,"turns":1},{"damage":0,"enemies":"Gensokyo:Aya","floor":6,"turns":1},{"damage":0,"enemies":"Gensokyo:Python","floor":11,"turns":2},{"damage":0,"enemies":"Gensokyo:5_Fairies","floor":13,"turns":5},{"damage":10,"enemies":"Gensokyo:Cirno","floor":14,"turns":5},{"damage":64,"enemies":"Gensokyo:Reimu","floor":16,"turns":12}],"seed_played":"25324151605923155","potions_obtained":[{"floor":3,"key":"MagicPotion:ReiMu"},{"floor":6,"key":"DuplicationPotion"},{"floor":11,"key":"ColorlessPotion"},{"floor":13,"key":"Guardian:BlockOnCardUsePotion"}],"is_trial":false,"path_per_floor":["M","?","M","?","?","E","?","R","T","R","M","?","M","E","R","B"],"character_chosen":"RobotSpaceExplorer","items_purchased":[],"campfire_rested":0,"item_purchase_floors":[],"current_hp_per_floor":[75,68,68,68,68,68,55,55,55,55,55,55,55,45,45,0,0],"gold":243,"neow_bonus":"THREE_ENEMY_KILL","is_daily":false,"chose_seed":false,"campfire_upgraded":2,"win_rate":0.0,"timestamp":1610539253,"path_taken":["M","?","?","?","?","E","?","R","T","R","M","?","?","E","R","BOSS"],"items_purchased_type":[],"build_version":"2020-12-22","purchased_purges":0,"victory":false,"max_hp_per_floor":[75,68,68,68,68,68,68,68,68,68,68,68,68,68,68,68,68],"card_choices":[{"not_picked":["RobotSpaceExplorer:ImprovisedAttack","RobotSpaceExplorer:SwiftStep"],"picked":"RobotSpaceExplorer:FrostMissile","floor":1},{"not_picked":["RobotSpaceExplorer:FrostMissile","RobotSpaceExplorer:SwiftStep"],"picked":"RobotSpaceExplorer:Reload","floor":3},{"not_picked":["RobotSpaceExplorer:Probe","RobotSpaceExplorer:DoubleBlock"],"picked":"RobotSpaceExplorer:ScrapShield","floor":4},{"not_picked":["RobotSpaceExplorer:Electroshield","RobotSpaceExplorer:ImprovisedAttack"],"picked":"RobotSpaceExplorer:DroneSwarm","floor":6},{"not_picked":["RobotSpaceExplorer:FrostMissile","RobotSpaceExplorer:Probe"],"picked":"RobotSpaceExplorer:GlueShot","floor":11},{"not_picked":["RobotSpaceExplorer:Smokescreen","RobotSpaceExplorer:FrostMissile","RobotSpaceExplorer:SlimeMissile"],"picked":"SKIP","floor":13},{"not_picked":["RobotSpaceExplorer:Ammunition","RobotSpaceExplorer:Jetpack"],"picked":"RobotSpaceExplorer:Fix","floor":14}],"player_experience":1589447,"relics_obtained":[{"floor":6,"key":"StrikeDummy"},{"floor":9,"key":"Lantern"},{"floor":14,"key":"Gensokyo:OccultBall"},{"floor":14,"key":"Bag of Preparation"}],"event_choices":[],"is_beta":false,"boss_relics":[],"items_purged_floors":[],"is_endless":false,"potions_floor_spawned":[3,6,11,13],"killed_by":"Gensokyo:Reimu","ascension_level":0}}