{"host":"y89x8uui45kcjy42","time":1610522602,"event":{"mods":["2.2 Compatiblity","BaseMod","CapriCore","Colored Map","Colored Powertips","Custom Start","Friendly Minions","Keyboard Shortcuts","Minty Spire (QoL Compilation)","Relic Stats","Slay the Relics Exporter","StSLib","SuperFastMode","Uncapped"],"gold_per_floor":[115,190,190,190,103,103,103,103,128,128,152,166,125,125,125,200,200,213,213,213,128,138,138,171,171,171,203,229,229,58,78,78,157,157,169,78,96,46,66,66,101,101,175,203,203,203,234,128,128,128,128,128,128,18,145,145],"floor_reached":57,"language":"KOR","playtime":2093,"items_purged":[],"score":3302,"play_id":"443aabcc-a64d-40b7-998b-0422b812340f","local_time":"20210113162322","is_ascension_mode":true,"campfire_choices":[{"data":"Footwork","floor":6,"key":"SMITH"},{"data":"Neutralize","floor":7,"key":"SMITH"},{"data":"Backflip","floor":8,"key":"SMITH"},{"data":"Survivor","floor":10,"key":"SMITH"},{"data":"Heel Hook","floor":15,"key":"SMITH"},{"data":"Crippling Poison","floor":23,"key":"SMITH"},{"data":"Choke","floor":25,"key":"SMITH"},{"data":"Backflip","floor":32,"key":"SMITH"},{"floor":40,"key":"RECALL"},{"data":"A Thousand Cuts","floor":42,"key":"SMITH"},{"data":"Noxious Fumes","floor":45,"key":"SMITH"},{"data":"After Image","floor":46,"key":"SMITH"},{"data":"Bouncing Flask","floor":49,"key":"SMITH"},{"data":"After Image","floor":53,"key":"SMITH"}],"circlet_count":0,"master_deck":["Survivor+1","Neutralize+1","After Image+1","After Image+1","Backflip+1","Noxious Fumes+1","Footwork+1","Backflip+1","Heel Hook+1","After Image+1","Crippling Poison+1","Choke+1","After Image+1","A Thousand Cuts+1","Madness+1","Noxious Fumes+1","Bouncing Flask+1","Madness","Concentrate+1"],"relics":["Ring of the Snake","Odd Mushroom","Paper Crane","Snake Skull","Black Star","Ancient Tea Set","Mummified Hand","Calipers","Mercury Hourglass","TungstenRod","Ornamental Fan","HornCleat","TheAbacus","Coffee Dripper","Potion Belt","Smiling Mask","Anchor","Torii","WingedGreaves","Lizard Tail","Tough Bandages","Letter Opener","Incense Burner"],"acts_visited":["Exordium","TheCity","TheBeyond","TheEnding"],"potions_floor_usage":[39,51,51,51,56,56,56,56],"damage_taken":[{"damage":0,"enemies":"Jaw Worm","floor":1,"turns":7},{"damage":11,"enemies":"The Mushroom Lair","floor":11,"turns":5},{"damage":0,"enemies":"Small Slimes","floor":12,"turns":4},{"damage":26,"enemies":"Slime Boss","floor":16,"turns":14},{"damage":10,"enemies":"2 Thieves","floor":18,"turns":5},{"damage":0,"enemies":"Spheric Guardian","floor":22,"turns":3},{"damage":0,"enemies":"Gremlin Leader","floor":24,"turns":4},{"damage":0,"enemies":"Book of Stabbing","floor":27,"turns":5},{"damage":0,"enemies":"Gremlin Leader","floor":28,"turns":4},{"damage":0,"enemies":"Snake Plant","floor":31,"turns":4},{"damage":0,"enemies":"Automaton","floor":33,"turns":9},{"damage":0,"enemies":"Orb Walker","floor":35,"turns":3},{"damage":0,"enemies":"3 Darklings","floor":37,"turns":3},{"damage":7,"enemies":"Transient","floor":39,"turns":6},{"damage":27,"enemies":"Reptomancer","floor":41,"turns":6},{"damage":0,"enemies":"Giant Head","floor":44,"turns":4},{"damage":0,"enemies":"Nemesis","floor":47,"turns":3},{"damage":0,"enemies":"Time Eater","floor":50,"turns":9},{"damage":10,"enemies":"Awakened One","floor":51,"turns":14},{"damage":45,"enemies":"Shield and Spear","floor":55,"turns":7},{"damage":6,"enemies":"The Heart","floor":56,"turns":9}],"seed_played":"-6258844110567614127","potions_obtained":[{"floor":12,"key":"BlessingOfTheForge"},{"floor":16,"key":"DuplicationPotion"},{"floor":24,"key":"Weak Potion"},{"floor":41,"key":"Block Potion"},{"floor":47,"key":"DistilledChaos"}],"is_trial":false,"path_per_floor":["M","?","?","?","$","R","R","R","T","R","?","M","$","T","R","B",null,"M","$","?","?","M","R","E","R","T","E","E","T","$","M","R","B",null,"M","$","M","?","M","R","E","R","T","E","R","R","E","$","R","B","B",null,"R","$","E","B",null],"character_chosen":"THE_SILENT","items_purchased":["Footwork","Heel Hook","TheAbacus","Madness","CultistPotion","Tough Bandages","Strength Potion","Block Potion","Ancient Potion","Madness"],"campfire_rested":0,"item_purchase_floors":[5,13,30,36,48,54,54,54,54,54],"current_hp_per_floor":[59,48,48,48,48,48,48,48,48,48,37,37,37,37,37,11,52,42,42,42,42,42,42,42,42,42,42,42,42,42,42,42,42,60,60,60,60,60,53,53,26,26,26,26,26,26,26,26,26,26,56,64,64,64,57,51],"gold":145,"neow_bonus":"THREE_CARDS","is_daily":false,"chose_seed":false,"campfire_upgraded":13,"win_rate":0.0,"timestamp":1610522602,"path_taken":["M","?","?","?","?","R","R","R","T","R","?","?","$","?","R","BOSS","M","$","?","?","M","R","E","R","T","E","E","?","?","M","R","BOSS","M","$","M","?","?","R","E","R","T","E","R","R","E","?","R","BOSS","BOSS","R","$","E","BOSS"],"items_purchased_type":["Card","Card","Relic","Card","Potion","Relic","Potion","Potion","Potion","Card"],"build_version":"2020-12-22","purchased_purges":0,"victory":true,"max_hp_per_floor":[66,66,66,66,66,66,66,66,66,66,66,66,66,66,66,66,66,66,66,66,66,66,66,66,66,66,66,66,66,66,66,66,66,66,66,66,66,66,66,66,66,66,66,66,66,66,66,66,66,66,66,66,66,66,66,66],"relic_stats":{"Torii":9,"counters":[21,128],"Snake Skull":[228],"Letter Opener":[30],"Smiling Mask":0,"Mercury Hourglass":[345],"Lizard Tail":0,"Tough Bandages":[48],"TheAbacus":[582],"Mummified Hand":[124],"Ornamental Fan":[156],"Black Star":7,"obtain_stats":[{"Potion Belt":41,"Calipers":22,"Torii":44,"Snake Skull":12,"Incense Burner":55,"Letter Opener":55,"Odd Mushroom":11,"Paper Crane":12,"Ancient Tea Set":21,"Smiling Mask":41,"Mercury Hourglass":24,"Anchor":44,"Lizard Tail":47,"Tough Bandages":54,"HornCleat":28,"TheAbacus":30,"Mummified Hand":22,"Ornamental Fan":28,"WingedGreaves":3,"Black Star":17,"Coffee Dripper":34,"TungstenRod":24,"Ring of the Snake":0},{"Potion Belt":15,"Calipers":6,"Torii":16,"Snake Skull":3,"Incense Burner":20,"Letter Opener":20,"Odd Mushroom":2,"Paper Crane":3,"Ancient Tea Set":5,"Smiling Mask":15,"Mercury Hourglass":7,"Anchor":16,"Lizard Tail":17,"Tough Bandages":19,"HornCleat":9,"TheAbacus":9,"Mummified Hand":6,"Ornamental Fan":9,"WingedGreaves":1,"Black Star":4,"Coffee Dripper":11,"TungstenRod":7,"Ring of the Snake":0},{"Potion Belt":82,"Calipers":38,"Torii":86,"Snake Skull":16,"Incense Burner":119,"Letter Opener":119,"Odd Mushroom":12,"Paper Crane":15,"Ancient Tea Set":35,"Smiling Mask":82,"Mercury Hourglass":42,"Anchor":86,"Lizard Tail":89,"Tough Bandages":112,"HornCleat":51,"TheAbacus":51,"Mummified Hand":36,"Ornamental Fan":51,"WingedGreaves":7,"Black Star":30,"Coffee Dripper":64,"TungstenRod":42,"Ring of the Snake":0}],"TungstenRod":14,"Ring of the Snake":[42]},"card_choices":[{"not_picked":["Sucker Punch","Dodge and Roll"],"picked":"Backflip","floor":0},{"not_picked":["Dagger Throw","Quick Slash"],"picked":"Noxious Fumes","floor":1},{"not_picked":["Sucker Punch","Bane"],"picked":"Backflip","floor":12},{"not_picked":["Storm of Steel","Wraith Form v2"],"picked":"After Image","floor":16},{"not_picked":["Escape Plan","Flechettes"],"picked":"Crippling Poison","floor":18},{"not_picked":["Prepared","Riddle With Holes","Acrobatics"],"picked":"SKIP","floor":22},{"not_picked":["Sucker Punch","Backflip"],"picked":"Choke","floor":24},{"not_picked":["Choke","Terror","Cloak And Dagger"],"picked":"SKIP","floor":27},{"not_picked":["Reflex","Expertise"],"picked":"After Image","floor":28},{"not_picked":["Acrobatics+1","Backflip+1","Accuracy"],"picked":"SKIP","floor":31},{"not_picked":["After Image","Tools of the Trade"],"picked":"A Thousand Cuts","floor":33},{"not_picked":["Acrobatics","Setup","Endless Agony+1"],"picked":"SKIP","floor":35},{"not_picked":["Deadly Poison","Blur+1","Sucker Punch"],"picked":"SKIP","floor":37},{"not_picked":["Deflect","Flying Knee","Underhanded Strike"],"picked":"SKIP","floor":39},{"not_picked":["After Image","Expertise+1"],"picked":"Noxious Fumes","floor":41},{"not_picked":["Deflect","Sucker Punch","Venomology"],"picked":"SKIP","floor":44},{"not_picked":["Outmaneuver","Grand Finale"],"picked":"Bouncing Flask","floor":47},{"not_picked":["Flechettes+1","Die Die Die"],"picked":"Concentrate+1","floor":55}],"player_experience":601542,"relics_obtained":[{"floor":11,"key":"Odd Mushroom"},{"floor":24,"key":"Mercury Hourglass"},{"floor":24,"key":"TungstenRod"},{"floor":28,"key":"Ornamental Fan"},{"floor":28,"key":"HornCleat"},{"floor":41,"key":"Potion Belt"},{"floor":41,"key":"Smiling Mask"},{"floor":44,"key":"Anchor"},{"floor":44,"key":"Torii"},{"floor":47,"key":"Lizard Tail"},{"floor":55,"key":"Letter Opener"},{"floor":55,"key":"Incense Burner"}],"event_choices":[{"damage_healed":0,"gold_gain":75,"player_choice":"Gather Gold","damage_taken":11,"max_hp_gain":0,"max_hp_loss":0,"event_name":"World of Goop","floor":2,"gold_loss":0},{"damage_healed":0,"gold_gain":0,"player_choice":"Grow","damage_taken":0,"max_hp_gain":0,"max_hp_loss":0,"event_name":"Living Wall","floor":3,"gold_loss":0,"cards_upgraded":["Noxious Fumes"]},{"damage_healed":0,"gold_gain":0,"player_choice":"Ignored","damage_taken":0,"max_hp_gain":0,"max_hp_loss":0,"event_name":"Liars Game","floor":4,"gold_loss":0},{"damage_healed":0,"gold_gain":0,"player_choice":"Fought Mushrooms","damage_taken":0,"max_hp_gain":0,"max_hp_loss":0,"event_name":"Mushrooms","floor":11,"gold_loss":0},{"damage_healed":0,"gold_gain":0,"player_choice":"Ignored","damage_taken":0,"max_hp_gain":0,"max_hp_loss":0,"event_name":"Ghosts","floor":20,"gold_loss":0},{"damage_healed":0,"gold_gain":0,"player_choice":"Obtained Relic","damage_taken":0,"relics_obtained":["Ancient Tea Set"],"max_hp_gain":0,"max_hp_loss":0,"event_name":"Addict","floor":21,"gold_loss":85},{"damage_healed":0,"gold_gain":0,"player_choice":"Upgrade","damage_taken":0,"max_hp_gain":0,"max_hp_loss":0,"event_name":"Designer","floor":38,"gold_loss":50,"cards_upgraded":["Madness"]}],"is_beta":false,"boss_relics":[{"not_picked":["Astrolabe","Philosopher\u0027s Stone"],"picked":"Black Star"},{"not_picked":["Empty Cage","Fusion Hammer","SacredBark"]}],"items_purged_floors":[],"is_endless":false,"potions_floor_spawned":[12,16,22,24,27,33,37,41,47],"ascension_level":20}}