{"host":"se62q65hiqxz7cab","time":1610544864,"event":{"mods":["Act Like it!","BaseMod","Colored Map","KinomotoSakuraMod(Ä¾Ö®±¾Ó£)","Minty Spire (QoL Compilation)","Replay The Spire","Shop Mod","StSLib","The Bug Knight","The Cursed","The Servant 0.9.4"],"gold_per_floor":[116,35,210,160,180,180,213,213,239,239,250,269,298,373,373,471,471,482,184,109,233,336,369,369,392,392,430,448,448,448,461,461,581,581,600,119,138,138,471,471,521,521,521,521,521,521,241,252,252,267,267,267,267,267,156,182,182,182],"floor_reached":57,"language":"ZHS","playtime":2518,"items_purged":[],"score":744,"play_id":"19e73a91-de50-412f-ad6c-802518fb3eba","local_time":"20210113213424","is_ascension_mode":false,"campfire_choices":[{"data":"TheCursedMod:Hemoplague","floor":6,"key":"SMITH"},{"data":"TheCursedMod:VoidForm","floor":8,"key":"SMITH"},{"data":"TheCursedMod:HellfireBreathing","floor":15,"key":"SMITH"},{"floor":24,"key":"REST"},{"floor":30,"key":"REST"},{"floor":32,"key":"RECALL"},{"data":"TheCursedMod:ShockAndAwe","floor":40,"key":"SMITH"},{"data":"TheCursedMod:CleanUpWorkshop","floor":40,"key":"SMITH"},{"data":"TheCursedMod:LuckyCharm","floor":42,"key":"SMITH"},{"data":"TheCursedMod:CircleOfFlame","floor":42,"key":"SMITH"},{"data":"TheCursedMod:Wield","floor":46,"key":"SMITH"},{"data":"TheCursedMod:SpreadPlague","floor":46,"key":"SMITH"},{"data":"TheCursedMod:FleshFromBone","floor":49,"key":"SMITH"},{"data":"TheCursedMod:BlessingInDisguise","floor":49,"key":"SMITH"},{"data":"TheCursedMod:SpitefulStrike","floor":51,"key":"SMITH"},{"data":"TheCursedMod:RapidMovement","floor":51,"key":"SMITH"},{"data":"TheCursedMod:CursedShiv","floor":54,"key":"SMITH"},{"data":"TheCursedMod:Defend_TheCursed","floor":54,"key":"SMITH"}],"circlet_count":0,"master_deck":["TheCursedMod:Strike_TheCursed","TheCursedMod:Strike_TheCursed","TheCursedMod:Strike_TheCursed","TheCursedMod:Defend_TheCursed","TheCursedMod:Defend_TheCursed+2","TheCursedMod:Defend_TheCursed","TheCursedMod:CursedWand+1","TheCursedMod:CleanUpWorkshop+1","TheCursedMod:Dregs","TheCursedMod:SpreadPlague+1","TheCursedMod:Hemoplague+1","Doubt","TheCursedMod:CircleOfFlame+1","TheCursedMod:VoidForm+1","TheCursedMod:SurpriseAttack+1","TheCursedMod:SpitefulStrike+1","TheCursedMod:HellfireBreathing+1","TheCursedMod:ShockAndAwe+1","Writhe","TheCursedMod:CursedShiv+1","TheCursedMod:BlessingInDisguise+1","TheCursedMod:Dregs","TheCursedMod:RapidMovement+1","TheCursedMod:Wield+1","TheCursedMod:TroublousMinions","Spreading Infection","TheCursedMod:ForbiddenAlchemy","AbeCurse","TheCursedMod:Torture+1","TheCursedMod:LuckyCharm+1","TheCursedMod:RapidMovement+1","Parasite","Normality","Voices","TheCursedMod:HellfireBreathing+1","TheCursedMod:Mangle","TheCursedMod:FleshFromBone+1","TheCursedMod:Grudge+1","TheCursedMod:HellfireBreathing","TheCursedMod:SoulReap","TheCursedMod:Evocation+1"],"relics":["TheCursedMod:BlackMagic101","NeowsBlessing","Replay:Towering Pillar of Hats","Tiny Chest","Ring of Misfortune","ReplayTheSpireMod:Ring of Collecting","Vajra","TheCursedMod:FourLeafCloverCharm","TheCursedMod:CrystalBall","ReplayTheSpireMod:CursedCoin","Ring of Greed","PreservedInsect","Replay:Wax Seal","Replay:Arrowhead","ReplayTheSpireMod:Ring of Exchange","Whetstone","Abe\u0027s Treasure","Eternal Feather","Gremlin Food","Letter Opener","Ice Cream","Thread and Needle","Simple Rune","Bag of Marbles"],"acts_visited":["Exordium","TheCity","TheBeyond","TheEnding"],"potions_floor_usage":[23,25,33,35,41,41,41,52,56,56,56,56,57,57],"damage_taken":[{"damage":0,"enemies":"Small Slimes","floor":1,"turns":1},{"damage":0,"enemies":"2 Louse","floor":5,"turns":1},{"damage":0,"enemies":"3 Sentries","floor":7,"turns":1},{"damage":4,"enemies":"Jaw Worm","floor":11,"turns":3},{"damage":0,"enemies":"3 Louse","floor":12,"turns":3},{"damage":11,"enemies":"Gremlin Nob","floor":13,"turns":3},{"damage":22,"enemies":"Slime Boss","floor":16,"turns":6},{"damage":0,"enemies":"Spheric Guardian","floor":18,"turns":3},{"damage":26,"enemies":"Slavers","floor":23,"turns":4},{"damage":14,"enemies":"2 Thieves","floor":25,"turns":3},{"damage":4,"enemies":"Book of Stabbing","floor":27,"turns":3},{"damage":22,"enemies":"Centurion and Healer","floor":28,"turns":4},{"damage":1,"enemies":"Snecko","floor":31,"turns":5},{"damage":0,"enemies":"Automaton","floor":33,"turns":6},{"damage":32,"enemies":"3 Darklings","floor":35,"turns":3},{"damage":0,"enemies":"3 Shapes","floor":37,"turns":5},{"damage":0,"enemies":"Mind Bloom Boss Battle","floor":41,"turns":6},{"damage":0,"enemies":"Transient","floor":48,"turns":5},{"damage":12,"enemies":"4 Shapes","floor":50,"turns":4},{"damage":0,"enemies":"Replay:Hell Engine","floor":52,"turns":9},{"damage":67,"enemies":"Shield and Spear","floor":56,"turns":6},{"damage":40,"enemies":"The Heart","floor":57,"turns":3}],"seed_played":"5300696570657483039","potions_obtained":[{"floor":7,"key":"SteroidPotion"},{"floor":11,"key":"SkillPotion"},{"floor":13,"key":"Fire Potion"},{"floor":23,"key":"LifebloodPotion"},{"floor":25,"key":"Explosive Potion"},{"floor":29,"key":"Dexterity Potion"},{"floor":29,"key":"BlessingOfTheForge"},{"floor":33,"key":"DistilledChaos"},{"floor":41,"key":"Block Potion"}],"is_trial":false,"path_per_floor":["M","$","?","?","M","R","E","R","T","?","M","M","E","?","R","B",null,"M","$","?","$","T","E","R","M","T","E","M","?","R","M","R","B",null,"M","$","M","T","?","R","?","R","T","PTL","PTL","R","$","M","R","M","R","B",null,"R","$","E","B"],"character_chosen":"THE_CURSED","items_purchased":["TheCursedMod:Hemoplague","TheCursedMod:CrystalBall","ReplayTheSpireMod:CursedCoin","TheCursedMod:CursedShiv","Eternal Feather","TheCursedMod:LuckyCharm","Gremlin Food","TheCursedMod:Mangle","TheCursedMod:FleshFromBone","Simple Rune","TheCursedMod:HellfireBreathing","TheCursedMod:SoulReap"],"campfire_rested":2,"item_purchase_floors":[2,19,21,21,36,36,36,47,47,47,55,55],"current_hp_per_floor":[75,75,75,75,75,75,75,75,75,75,71,71,60,49,49,27,75,75,75,75,75,75,49,71,57,57,53,31,31,53,52,52,52,75,43,43,43,43,43,61,61,75,75,75,75,75,75,75,75,63,75,75,75,75,75,8,0,0],"gold":182,"neow_bonus":"THREE_ENEMY_KILL","is_daily":false,"chose_seed":false,"campfire_upgraded":15,"win_rate":0.0,"timestamp":1610544864,"path_taken":["M","$","?","?","M","R","E","R","T","?","M","M","E","?","R","BOSS","M","$","?","$","?","E","R","M","T","E","M","?","R","?","R","BOSS","M","$","?","?","?","R","?","R","T","PTL","PTL","R","$","M","R","M","R","BOSS","R","$","E","BOSS"],"items_purchased_type":["Card","Relic","Relic","Card","Relic","Card","Relic","Card","Card","Relic","Card","Card"],"build_version":"2020-12-22","purchased_purges":0,"victory":false,"max_hp_per_floor":[75,75,75,75,75,75,75,75,75,75,75,75,75,75,75,75,75,75,75,75,75,75,75,75,75,75,75,75,75,75,75,75,75,75,75,75,75,75,75,75,75,75,75,75,75,75,75,75,75,75,75,75,75,75,75,75,75,75],"card_choices":[{"not_picked":["TheCursedMod:SurpriseAttack","TheCursedMod:CursedMace"],"picked":"TheCursedMod:SpreadPlague","floor":1},{"not_picked":["TheCursedMod:SmokeScreen","TheCursedMod:FleshFromBone"],"picked":"TheCursedMod:CircleOfFlame","floor":5},{"not_picked":["TheCursedMod:Stretching","TheCursedMod:CursedMace"],"picked":"TheCursedMod:VoidForm","floor":7},{"not_picked":["TheCursedMod:CircleOfCorruption","TheCursedMod:FleshFromBone"],"picked":"TheCursedMod:SurpriseAttack","floor":11},{"not_picked":["TheCursedMod:Obscuration","TheCursedMod:CursedBlade"],"picked":"TheCursedMod:SpitefulStrike","floor":12},{"not_picked":["TheCursedMod:DoubleShield","TheCursedMod:RapidMovement"],"picked":"TheCursedMod:HellfireBreathing","floor":13},{"not_picked":["TheCursedMod:OutForBlood","TheCursedMod:VoidForm"],"picked":"TheCursedMod:ShockAndAwe","floor":16},{"not_picked":["TheCursedMod:SaltUponWound","TheCursedMod:TacticalStrike","TheCursedMod:SpitefulStrike"],"picked":"SKIP","floor":18},{"not_picked":["TheCursedMod:FuryStrike","TheCursedMod:SpitefulStrike+1"],"picked":"TheCursedMod:BlessingInDisguise","floor":23},{"not_picked":["TheCursedMod:AbyssShockwave+1","TheCursedMod:Stigma"],"picked":"TheCursedMod:RapidMovement","floor":25},{"not_picked":["TheCursedMod:CircleOfWindfury","TheCursedMod:CircleOfCorruption","TheCursedMod:Torture"],"picked":"SKIP","floor":27},{"not_picked":["TheCursedMod:CircleOfCorruption","TheCursedMod:SpitefulPlan"],"picked":"TheCursedMod:Wield","floor":28},{"not_picked":["TheCursedMod:CursedShiv","TheCursedMod:CursedMace"],"picked":"TheCursedMod:TroublousMinions","floor":31},{"not_picked":["TheCursedMod:DemonicPact","TheCursedMod:DarkBarrier"],"picked":"TheCursedMod:ForbiddenAlchemy","floor":33},{"not_picked":["TheCursedMod:Wield","TheCursedMod:SpitefulStrike"],"picked":"TheCursedMod:Torture+1","floor":35},{"not_picked":["TheCursedMod:CursedAmulet","TheCursedMod:CursedShiv+1"],"picked":"TheCursedMod:RapidMovement+1","floor":37},{"not_picked":["TheCursedMod:Stretching+1","TheCursedMod:SoulReap"],"picked":"TheCursedMod:HellfireBreathing+1","floor":41},{"not_picked":["TheCursedMod:CircleOfCorruption","TheCursedMod:CursedStaff+1","TheCursedMod:CircleOfAmplification"],"picked":"SKIP","floor":48},{"not_picked":["TheCursedMod:VitalStrike","TheCursedMod:RapidMovement+1"],"picked":"TheCursedMod:Grudge+1","floor":50},{"not_picked":["TheCursedMod:CursedAmulet+1","TheCursedMod:CursedMace"],"picked":"TheCursedMod:Evocation+1","floor":56}],"player_experience":189819,"relics_obtained":[{"floor":7,"key":"Replay:Towering Pillar of Hats"},{"floor":9,"key":"Tiny Chest"},{"floor":10,"key":"Ring of Misfortune"},{"floor":10,"key":"ReplayTheSpireMod:Ring of Collecting"},{"floor":13,"key":"Vajra"},{"floor":22,"key":"Ring of Greed"},{"floor":22,"key":"PreservedInsect"},{"floor":22,"key":"Golden Idol"},{"floor":22,"key":"Replay:Wax Seal"},{"floor":23,"key":"Replay:Arrowhead"},{"floor":26,"key":"ReplayTheSpireMod:Ring of Exchange"},{"floor":27,"key":"Whetstone"},{"floor":38,"key":"Letter Opener"},{"floor":41,"key":"Ice Cream"},{"floor":43,"key":"Thread and Needle"},{"floor":56,"key":"Bag of Marbles"}],"event_choices":[{"damage_healed":0,"gold_gain":175,"player_choice":"AGREE","damage_taken":0,"max_hp_gain":0,"max_hp_loss":0,"event_name":"Liars Game","floor":3,"gold_loss":0,"cards_obtained":["Doubt"]},{"cards_removed":["TheCursedMod:Defend_TheCursed"],"damage_healed":0,"gold_gain":0,"player_choice":"Card Removal","damage_taken":0,"max_hp_gain":0,"max_hp_loss":0,"event_name":"The Cleric","floor":4,"gold_loss":50},{"damage_healed":0,"gold_gain":75,"player_choice":"Gather Gold","damage_taken":11,"max_hp_gain":0,"max_hp_loss":0,"event_name":"World of Goop","floor":14,"gold_loss":0},{"cards_removed":["TheCursedMod:Strike_TheCursed"],"damage_healed":0,"gold_gain":0,"player_choice":"Gave Gold","damage_taken":0,"max_hp_gain":0,"max_hp_loss":0,"event_name":"Beggar","floor":20,"gold_loss":75},{"damage_healed":0,"gold_gain":0,"player_choice":"Got Potions","damage_taken":0,"max_hp_gain":0,"max_hp_loss":0,"event_name":"Lab","floor":29,"gold_loss":0},{"damage_healed":0,"gold_gain":333,"player_choice":"Gave Idol","damage_taken":0,"max_hp_gain":0,"max_hp_loss":0,"event_name":"The Moai Head","floor":39,"relics_lost":["Golden Idol"],"gold_loss":0},{"damage_healed":0,"gold_gain":0,"player_choice":"Fight","damage_taken":0,"max_hp_gain":0,"max_hp_loss":0,"event_name":"MindBloom","floor":41,"gold_loss":0}],"is_beta":false,"boss_relics":[{"not_picked":["Coffee Dripper","Sozu"],"picked":"TheCursedMod:FourLeafCloverCharm"},{"not_picked":["Replay:Wanted Poster","Empty Cage"],"picked":"Abe\u0027s Treasure"}],"items_purged_floors":[],"is_endless":false,"potions_floor_spawned":[7,11,13,23,25,27,33,41,50],"killed_by":"The Heart","ascension_level":0}}