{"host":"mmro3auxcbu5pwad","time":1610580071,"event":{"mods":["Aspiration","BaseMod","Conspire","Energized Spire","Halation","Hubris","Infinite Spire","Minty Spire (QoL Compilation)","Permanent Neow","Replay The Spire","StSLib","vexMod"],"gold_per_floor":[115,130,144,162,182,182,182,182,260,260,210,226,22,35,35,140,140,152,152,67,80,31,31,31,31,55,71,86,86,100,100,100,198,198,217,262,162,176,190,190,200,200,200,213,213,213],"floor_reached":45,"language":"ENG","playtime":2086,"items_purged":["Strike_B","FTL"],"score":434,"play_id":"954bc6b2-01d5-4527-8e14-d12680aa2619","local_time":"20210114002111","is_ascension_mode":false,"campfire_choices":[{"data":"Zap","floor":6,"key":"SMITH"},{"data":"Dualcast","floor":8,"key":"SMITH"},{"data":"Steam","floor":10,"key":"SMITH"},{"floor":15,"key":"REST"},{"data":"Discovery","floor":23,"key":"SMITH"},{"data":"Steam","floor":29,"key":"SMITH"},{"data":"Ghostly","floor":32,"key":"SMITH"},{"floor":40,"key":"REST"},{"floor":42,"key":"REST"}],"circlet_count":0,"master_deck":["Defend_B","Defend_B","Zap+1","Dualcast+1","Scrape","Beam Cell","Auto Shields","Steam+1","Regret","Leap","Violence","Discovery+1","Panacea","Gash","Zap+1","Scrape+1","Gash","Crystallizer","Beam Cell","ReplayTheSpireMod:The Works","Steam+1","Skim","Ghostly+1","Ghostly","Ghostly","Ghostly","Ghostly","Redo+1","Conserve Battery","Conserve Battery"],"relics":["energizedSpire:RedRose","infinitespire:ShieldingShard","halation:WeightlessCrab","ReplayTheSpireMod:ShopPack","hubris:Backtick","DollysMirror","Geode","Strawberry","Empty Cage","Bottled Tornado","Sundial"],"acts_visited":["Exordium","TheCity","TheBeyond"],"potions_floor_usage":[16,16,33,33,36,44],"damage_taken":[{"damage":0,"enemies":"conspire:RoseBush","floor":1,"turns":3},{"damage":3,"enemies":"Small Slimes","floor":2,"turns":3},{"damage":9,"enemies":"Jaw Worm","floor":3,"turns":3},{"damage":14,"enemies":"3 Louse","floor":4,"turns":3},{"damage":3,"enemies":"Exordium Wildlife","floor":5,"turns":4},{"damage":11,"enemies":"Large Slime","floor":12,"turns":7},{"damage":1,"enemies":"2 Fungi Beasts","floor":14,"turns":2},{"damage":8,"enemies":"Slime Boss","floor":16,"turns":15},{"damage":3,"enemies":"Shell Parasite","floor":18,"turns":7},{"damage":2,"enemies":"Chosen","floor":21,"turns":3},{"damage":20,"enemies":"3 Cultists","floor":27,"turns":6},{"damage":11,"enemies":"Centurion and Healer","floor":28,"turns":5},{"damage":12,"enemies":"conspire:HollyBat","floor":30,"turns":7},{"damage":13,"enemies":"Collector","floor":33,"turns":7},{"damage":9,"enemies":"3 Darklings","floor":35,"turns":6},{"damage":20,"enemies":"conspire:MimicChest","floor":36,"turns":10},{"damage":0,"enemies":"Orb Walker","floor":38,"turns":5},{"damage":2,"enemies":"Sphere and 2 Shapes","floor":39,"turns":6},{"damage":4,"enemies":"Jaw Worm Horde","floor":41,"turns":8},{"damage":21,"enemies":"Writhing Mass","floor":44,"turns":8},{"damage":0,"enemies":"Sphere and 2 Shapes","floor":45,"turns":1}],"seed_played":"2142749116758189298","potions_obtained":[{"floor":2,"key":"Elixir"},{"floor":5,"key":"Reflective Coating"},{"floor":12,"key":"Dexterity Potion"},{"floor":18,"key":"Toxic Potion"},{"floor":21,"key":"CultistPotion"},{"floor":35,"key":"GamblersBrew"},{"floor":36,"key":"Milkshake"},{"floor":41,"key":"BlessingOfTheForge"},{"floor":44,"key":"BlessingOfTheForge"}],"is_trial":false,"path_per_floor":["M","M","M","M","M","R","?","R","T","R","?","M","$","M","R","B",null,"M","?","?","M","$","R","?","?","T","M","M","R","M","?","R","B",null,"M","?","$","M","M","R","M","R","T","M","M"],"character_chosen":"DEFECT","items_purchased":["ReplayTheSpireMod:ShopPack","Beam Cell"],"campfire_rested":3,"item_purchase_floors":[13,22],"current_hp_per_floor":[75,72,63,49,46,46,46,46,46,46,46,35,35,34,56,48,75,72,72,72,70,70,70,70,62,69,49,38,38,26,26,26,13,41,32,12,12,12,10,22,18,30,30,9,9,9],"gold":213,"neow_bonus":"BOSS_RELIC","is_daily":false,"chose_seed":false,"campfire_upgraded":6,"win_rate":0.0,"timestamp":1610580071,"path_taken":["M","M","M","M","M","R","?","R","T","R","?","M","?","?","R","BOSS","M","?","?","M","$","R","?","?","T","M","?","R","M","?","R","BOSS","M","?","$","M","M","R","M","R","T","M","?"],"items_purchased_type":["Relic","Card"],"build_version":"2020-12-22","purchased_purges":2,"victory":false,"max_hp_per_floor":[75,75,75,75,75,75,75,75,75,75,75,75,75,75,75,75,75,75,75,75,75,75,75,75,75,82,82,82,82,82,41,41,41,41,41,41,41,41,41,41,41,41,41,41,41,41],"card_choices":[{"not_picked":["Rebound","Go for the Eyes"],"picked":"Scrape","floor":1},{"not_picked":["Steam","Streamline","Stack"],"picked":"SKIP","floor":2},{"not_picked":["Streamline","Steam"],"picked":"Beam Cell","floor":3},{"not_picked":["BasicCrystalCard","ReplayTheSpireMod:Dual Polarity"],"picked":"Auto Shields","floor":4},{"not_picked":["Stack","Heatsinks"],"picked":"Steam","floor":5},{"not_picked":["Panic Button","Cold Snap"],"picked":"Leap","floor":12},{"not_picked":["Replay:Dark Deal","Chrysalis"],"picked":"Violence","floor":13},{"not_picked":["Specialist","Metamorphosis"],"picked":"Discovery","floor":13},{"not_picked":["Specialist","Master of Strategy"],"picked":"Panacea","floor":13},{"not_picked":["ReplayTheSpireMod:GoodbyeWorld","Steam"],"picked":"Gash","floor":14},{"not_picked":["Coolheaded","Panic Button+1"],"picked":"Scrape+1","floor":18},{"not_picked":["Streamline","Glacier"],"picked":"Crystallizer","floor":21},{"not_picked":["Panic Button","Heatsinks"],"picked":"FTL","floor":25},{"not_picked":["Defragment","Streamline+1","Coolheaded"],"picked":"SKIP","floor":27},{"not_picked":["conspire:Rain","Coolheaded+1"],"picked":"Steam","floor":28},{"not_picked":["Panic Button","hubris:PowerSurge"],"picked":"Skim","floor":30},{"not_picked":["Consume","ReplayTheSpireMod:Reroute Power+1","Hologram"],"picked":"SKIP","floor":35},{"not_picked":["Fusion+1","Heatsinks+1"],"picked":"Redo+1","floor":36},{"not_picked":["Ball Lightning","Turbo+1","ReplaySolidLightProjector"],"picked":"SKIP","floor":38},{"not_picked":["ReplayTheSpireMod:Calculation Training+1","Compile Driver+1"],"picked":"Conserve Battery","floor":39},{"not_picked":["Streamline+1","Tempest+1","Multi-Cast"],"picked":"SKIP","floor":41},{"not_picked":["Coolheaded","Leap"],"picked":"Conserve Battery","floor":44}],"player_experience":30420,"relics_obtained":[{"floor":9,"key":"halation:WeightlessCrab"},{"floor":26,"key":"Strawberry"},{"floor":36,"key":"Bottled Tornado"},{"floor":43,"key":"Sundial"}],"event_choices":[{"damage_healed":0,"gold_gain":0,"player_choice":"Box","damage_taken":0,"relics_obtained":["infinitespire:ShieldingShard"],"max_hp_gain":0,"max_hp_loss":0,"event_name":"Big Fish","floor":7,"gold_loss":0,"cards_obtained":["Regret"]},{"cards_removed":["Strike_B"],"damage_healed":0,"gold_gain":0,"player_choice":"Card Removal","damage_taken":0,"max_hp_gain":0,"max_hp_loss":0,"event_name":"The Cleric","floor":11,"gold_loss":50},{"damage_healed":0,"gold_gain":0,"cards_transformed":["Strike_B","Strike_B"],"player_choice":"Became Test Subject","damage_taken":0,"max_hp_gain":0,"max_hp_loss":0,"event_name":"Drug Dealer","floor":19,"gold_loss":0,"cards_obtained":["Gash","Sunder"]},{"damage_healed":0,"gold_gain":0,"player_choice":"Obtained Relic","damage_taken":0,"relics_obtained":["Geode"],"max_hp_gain":0,"max_hp_loss":0,"event_name":"Addict","floor":20,"gold_loss":85},{"damage_healed":0,"gold_gain":0,"player_choice":"Became a Ghost","damage_taken":0,"max_hp_gain":0,"max_hp_loss":41,"event_name":"Ghosts","floor":31,"gold_loss":0,"cards_obtained":["Ghostly","Ghostly","Ghostly","Ghostly","Ghostly"]}],"is_beta":false,"boss_relics":[{"not_picked":["ChewingGum","hubris:TerracottaHorce"],"picked":"hubris:Backtick"},{"not_picked":["halation:CatFaceCupcake","hubris:Stopwatch"],"picked":"Empty Cage"}],"items_purged_floors":[13,37],"is_endless":false,"potions_floor_spawned":[2,5,12,14,18,21,27,30,35,36,41,44],"killed_by":"Sphere and 2 Shapes","ascension_level":0}}