{"host":"Angela","time":1610539421,"event":{"mods":["2.2 Compatiblity","Act Like it!","Aspiration","BaseMod","Better Third Choice","Colored Map","Conspire","DeckTracker","Friendly Minions","Halation","Hallownest","Hubris","Infinite Spire","Mimic Mod","Minty Spire (QoL Compilation)","Relic Stats","Replay The Spire","Shop Mod","Spikes Relics","StSLib","The Bug Knight","vexMod"],"gold_per_floor":[119,44,56,56,76,106,116,116,142,154,154,0,31,49,49,49,49],"floor_reached":16,"language":"ENG","playtime":1338,"items_purged":[],"score":112,"play_id":"9c6db6e1-dcfa-492b-8110-0d4c50f98ff2","local_time":"20210113090341","is_ascension_mode":false,"campfire_choices":[{"data":"HollowMod:RecoilStrike","floor":8,"key":"SMITH"},{"data":"HollowMod:CycloneSlash","floor":11,"key":"SMITH"},{"floor":15,"key":"REST"}],"circlet_count":0,"master_deck":["HollowMod:NailStrikeStart","HollowMod:NailStrikeStart","HollowMod:NailStrikeStart","HollowMod:NailStrikeStart","HollowMod:QuickDashStart","HollowMod:QuickDashStart","HollowMod:QuickDashStart","HollowMod:QuickDashStart","HollowMod:FocusHealStart","HollowMod:PogoStrike","Specialist","HollowMod:InfectedAttack","HollowMod:CycloneSlash","HollowMod:RecoilStrike+1","HollowMod:CycloneSlash+1","HollowMod:ChannelNail"],"relics":["HollowMod:VesselMask","CrustySpines","Bag of Preparation","Hallownest:BankAccountRelic","Pet Ghost"],"acts_visited":["Hallownest:Greenpath"],"potions_floor_usage":[6,16,16],"damage_taken":[{"damage":0,"enemies":"Hallownest:monsterHuskWarrior","floor":1,"turns":4},{"damage":0,"enemies":"Hallownest:2_MossCreeps","floor":3,"turns":5},{"damage":4,"enemies":"Hallownest:monsterHuskGuard","floor":5,"turns":3},{"damage":46,"enemies":"Hallownest:eliteCrystalGuardian","floor":6,"turns":6},{"damage":6,"enemies":"Hallownest:1_Baldur_1_Crawlid_1_Warrior","floor":7,"turns":3},{"damage":3,"enemies":"Hallownest:Wandering_and_Horned","floor":10,"turns":3},{"damage":7,"enemies":"Hallownest:eliteVengeflyKing","floor":13,"turns":5},{"damage":10,"enemies":"Hallownest:monsterFoolEater","floor":14,"turns":3},{"damage":50,"enemies":"Hallownest:BossHornet","floor":16,"turns":16}],"seed_played":"3118527496701314696","potions_obtained":[{"floor":3,"key":"SteroidPotion"},{"floor":6,"key":"SteroidPotion"},{"floor":14,"key":"BlessingOfTheForge"}],"is_trial":false,"path_per_floor":["M","?","M","?","M","E","M","R","T","M","R","?","E","M","R","B"],"character_chosen":"THE_BUGKNIGHT","items_purchased":[],"campfire_rested":1,"item_purchase_floors":[],"current_hp_per_floor":[75,80,80,70,66,30,24,24,24,21,21,21,20,10,34,0,0],"gold":49,"neow_bonus":"RANDOM_COLORLESS","is_daily":false,"chose_seed":false,"campfire_upgraded":2,"win_rate":0.0,"timestamp":1610539421,"path_taken":["M","?","M","?","M","E","M","R","T","?","R","?","E","M","R","BOSS"],"items_purchased_type":[],"build_version":"2020-12-18","purchased_purges":0,"victory":false,"max_hp_per_floor":[75,80,80,80,80,80,80,80,80,80,80,80,80,80,80,80,80],"relic_stats":{"counters":[9,48],"Bag of Preparation":[8],"obtain_stats":[{"Hallownest:BankAccountRelic":12,"HollowMod:VesselMask":0,"Bag of Preparation":9,"CrustySpines":6,"Pet Ghost":13},{"Hallownest:BankAccountRelic":6,"HollowMod:VesselMask":0,"Bag of Preparation":5,"CrustySpines":4,"Pet Ghost":7},{"Hallownest:BankAccountRelic":24,"HollowMod:VesselMask":0,"Bag of Preparation":21,"CrustySpines":18,"Pet Ghost":29}]},"card_choices":[{"not_picked":["Enlightenment","hubris:Ssssneak"],"picked":"Specialist","floor":0},{"not_picked":["HollowMod:MawleksShell","HollowMod:DashSlash"],"picked":"HollowMod:InfectedAttack","floor":1},{"not_picked":["HollowMod:ChannelNail","HollowMod:NewJinnsSoul"],"picked":"HollowMod:CycloneSlash","floor":3},{"not_picked":["HollowMod:VengefulVoid","HollowMod:Grubsong"],"picked":"HollowMod:RecoilStrike","floor":5},{"not_picked":["HollowMod:MawleksShell","HollowMod:DescendingDark"],"picked":"HollowMod:CycloneSlash","floor":6},{"not_picked":["HollowMod:SoulSplash","HollowMod:SharpenedShadows","HollowMod:GoodIntentions"],"picked":"SKIP","floor":7},{"not_picked":["HollowMod:LifebloodCore","HollowMod:BlackTendrils","HollowMod:GoodIntentions"],"picked":"SKIP","floor":10},{"not_picked":["HollowMod:MawleksShell","HollowMod:PerfectDash"],"picked":"HollowMod:ChannelNail","floor":13},{"not_picked":["HollowMod:InfectedAttack","HollowMod:SoulVessel","HollowMod:DesolateDive"],"picked":"SKIP","floor":14}],"player_experience":65080,"relics_obtained":[{"floor":6,"key":"CrustySpines"},{"floor":9,"key":"Bag of Preparation"},{"floor":13,"key":"Pet Ghost"}],"event_choices":[],"is_beta":true,"boss_relics":[],"items_purged_floors":[],"is_endless":false,"potions_floor_spawned":[3,6,14],"killed_by":"Hallownest:BossHornet","ascension_level":0}}