{"host":"qyj10gxn865bn2jn","time":1610520363,"event":{"mods":["Act Like it!","BaseMod","Better-Laid Plans","Hallownest","Minty Spire (QoL Compilation)","Quick Restart","Relic Stats","Shop Mod","Spicy Shops","StSLib","The Bug Knight"],"gold_per_floor":[112,112,112,112,131,159,84,84,132,152,37,60,86,11,11,108,108,118,42,42,57,31,49,59,59,128,128,142,201,221,34,34,139,139,154,168,179,179,192,192,192,192,192,210,210,235,2,15,15,15,15,15,15,47,47,47],"floor_reached":55,"language":"ZHS","playtime":8810,"items_purged":["HollowMod:NailStrikeStart"],"score":782,"play_id":"347d5a3b-1619-43ba-b9bd-f4b717c7fdd6","local_time":"20210113144603","is_ascension_mode":false,"campfire_choices":[{"data":"Apotheosis","floor":8.0,"key":"SMITH"},{"data":"HollowMod:MantisMark","floor":15,"key":"SMITH"},{"floor":25,"key":"RECALL"},{"data":"HollowMod:BaldurShell","floor":27,"key":"SMITH"},{"floor":32,"key":"REST"},{"data":"HollowMod:LifebloodCore","floor":40,"key":"SMITH"},{"data":"HollowMod:SlysStrikes","floor":42,"key":"SMITH"},{"floor":45,"key":"REST"},{"data":"HollowMod:Weaversong","floor":49,"key":"SMITH"},{"data":"HollowMod:CycloneSlash","floor":52,"key":"SMITH"}],"circlet_count":0,"master_deck":["HollowMod:NailStrikeStart","HollowMod:NailStrikeStart","HollowMod:FocusHealStart","HollowMod:PogoStrike","Hallownest:skillLeafShield","Hallownest:skillLeafShield","Hallownest:skillLeafShield","Hallownest:skillLeafShield","Hallownest:skillLeafShield","Apotheosis+1","HollowMod:DungDefenderAura","HollowMod:CloakDash","Hallownest:skillGreenpathMap","HollowMod:ChannelNail","HollowMod:MantisMark+1","HollowMod:Weaversong+1","HollowMod:BaldurShell+1","HollowMod:CornifersMapStart","HollowMod:DoubleDash+1","HollowMod:DoubleDash+1","HollowMod:SoulShaman","HollowMod:LifebloodCore+1","HollowMod:MonarchWings+1","HollowMod:SlysStrikes+1","HollowMod:CycloneSlash+1","HollowMod:CycloneSlash+1","HollowMod:HuntersJournal+1"],"relics":["HollowMod:VesselMask","NeowsBlessing","HollowMod:LifeEnderRelic","Boot","HollowMod:StagPassRelic","SlaversCollar","Toy Ornithopter","Darkstone Periapt","Lantern","Busted Crown","Hallownest:KingsIdolRelic","Meat on the Bone","Pen Nib","Membership Card","HandDrill","Centennial Puzzle"],"acts_visited":["Hallownest:Greenpath","Hallownest:CityofTears","Hallownest:KingdomsEdge","TheEnding"],"potions_floor_usage":[16,54,55,55],"damage_taken":[{"damage":0.0,"enemies":"Hallownest:2_MossCreeps","floor":1.0,"turns":1.0},{"damage":0.0,"enemies":"Hallownest:monsterHuskGuard","floor":5.0,"turns":1.0},{"damage":0.0,"enemies":"Hallownest:eliteVengeflyKing","floor":6.0,"turns":1.0},{"damage":0.0,"enemies":"Hallownest:2_Baldur","floor":10.0,"turns":4.0},{"damage":0,"enemies":"Hallownest:eliteCrystalGuardian","floor":13,"turns":7},{"damage":21,"enemies":"Hallownest:BossHornet","floor":16,"turns":9},{"damage":0,"enemies":"Hallownest:Guard_and_Sentry","floor":18,"turns":5},{"damage":10,"enemies":"Hallownest:2_Mistakes","floor":21,"turns":8},{"damage":1,"enemies":"Hallownest:monsterShrumalOgre","floor":23,"turns":5},{"damage":0,"enemies":"Hallownest:2_Flukemon","floor":24,"turns":8},{"damage":0,"enemies":"Hallownest:2_Husk_Sentries","floor":28,"turns":7},{"damage":21,"enemies":"Hallownest:Glutton_and_Coward","floor":29,"turns":6},{"damage":10,"enemies":"Hallownest:Master_and_Novice","floor":30,"turns":6},{"damage":23,"enemies":"Hallownest:BossSoulMaster","floor":33,"turns":15},{"damage":6,"enemies":"Hallownest:Shield_Heavy","floor":35,"turns":7},{"damage":26,"enemies":"Hallownest:2_Littles","floor":36,"turns":7},{"damage":9,"enemies":"Hallownest:2_Wandering_and_1_Horned","floor":37,"turns":8},{"damage":15,"enemies":"Hallownest:Slobbering_and_Violent","floor":39,"turns":7},{"damage":36,"enemies":"Hallownest:2_Soldiers_and_1_Guardian","floor":44,"turns":8},{"damage":0,"enemies":"Hallownest:eliteHiveKnight","floor":46,"turns":8},{"damage":11,"enemies":"Hallownest:2_Wing_and_1_Kings","floor":48,"turns":6},{"damage":16,"enemies":"Hallownest:BossGreyPrinceZote","floor":50,"turns":15},{"damage":35,"enemies":"Shield and Spear","floor":54,"turns":7},{"damage":56,"enemies":"The Heart","floor":55,"turns":9}],"seed_played":"1950444333441689283","potions_obtained":[{"floor":1.0,"key":"Fruit Juice"},{"floor":10.0,"key":"Fire Potion"},{"floor":16,"key":"Weak Potion"},{"floor":18,"key":"DistilledChaos"},{"floor":44,"key":"PowerPotion"}],"is_trial":false,"path_per_floor":["M","?","?","?","M","E","?","R","T","M","$","T","E","$","R","B",null,"M","$","?","M","$","M","M","R","T","R","M","M","M","$","R","B",null,"M","M","M","?","M","R","?","R","T","M","R","E","$","M","R","B",null,"R","$","E","B"],"character_chosen":"THE_BUGKNIGHT","items_purchased":["HollowMod:MantisMark","Toy Ornithopter","HollowMod:CornifersMapStart","Lantern","HollowMod:MonarchWings","Membership Card","HollowMod:HuntersJournal","HandDrill"],"campfire_rested":2,"item_purchase_floors":[11,19,22,31,31,47,47,47],"current_hp_per_floor":[75,68,68,68,68,68,68,68,68,68,68,68,68,68,68,58,73,73,73,73,63,63,72,72,72,72,72,72,51,47,47,68,56,73,73,57,58,58,55,55,73,73,73,37,58,68,68,63,63,59,73,73,73,38,0,0],"gold":47,"neow_bonus":"THREE_ENEMY_KILL","is_daily":false,"chose_seed":false,"campfire_upgraded":7,"win_rate":0.0,"timestamp":1610520363,"path_taken":["M","?","?","?","M","E","?","R","T","?","?","?","E","?","R","BOSS","M","$","?","?","?","?","M","R","T","R","M","M","?","$","R","BOSS","M","M","?","?","M","R","?","R","T","M","R","E","$","?","R","BOSS","R","$","E","BOSS"],"items_purchased_type":["Card","Relic","Card","Relic","Card","Relic","Card","Relic"],"build_version":"2020-12-22","purchased_purges":1,"victory":false,"max_hp_per_floor":[75,68,68,68,68,68,68,68,68,68,68,68,68,68,68,73,73,73,73,73,73,73,73,73,73,73,73,73,73,73,73,73,73,73,73,73,73,73,73,73,73,73,73,73,73,73,73,73,73,73,73,73,73,73,73,73],"relic_stats":{"Darkstone Periapt":0,"Centennial Puzzle":[3],"Busted Crown":16,"counters":[24,165],"Pen Nib":[7],"HandDrill":[20],"Boot":[85],"obtain_stats":[{"Darkstone Periapt":26,"Lantern":31,"HollowMod:LifeEnderRelic":6,"NeowsBlessing":0,"HollowMod:VesselMask":0,"Pen Nib":46,"Hallownest:KingsIdolRelic":38,"Boot":9,"HollowMod:StagPassRelic":13,"SlaversCollar":17,"Centennial Puzzle":54,"Busted Crown":34,"HandDrill":47,"Membership Card":47,"Toy Ornithopter":19,"Meat on the Bone":43},{"Darkstone Periapt":10,"Lantern":13,"HollowMod:LifeEnderRelic":3,"NeowsBlessing":0,"HollowMod:VesselMask":0,"Pen Nib":20,"Hallownest:KingsIdolRelic":17,"Boot":3,"HollowMod:StagPassRelic":5,"SlaversCollar":6,"Centennial Puzzle":23,"Busted Crown":14,"HandDrill":20,"Membership Card":20,"Toy Ornithopter":7,"Meat on the Bone":18},{"Darkstone Periapt":49,"Lantern":68,"HollowMod:LifeEnderRelic":3,"NeowsBlessing":0,"HollowMod:VesselMask":0,"Pen Nib":128,"Hallownest:KingsIdolRelic":105,"Boot":3,"HollowMod:StagPassRelic":14,"SlaversCollar":23,"Centennial Puzzle":156,"Busted Crown":83,"HandDrill":128,"Membership Card":128,"Toy Ornithopter":28,"Meat on the Bone":112}],"Toy Ornithopter":10,"Meat on the Bone":0},"card_choices":[{"not_picked":["HollowMod:VengefulSpirit","HollowMod:SoulEater","HollowMod:ShapeofUnn"],"picked":"SKIP","floor":1.0},{"not_picked":["Violence","Deep Breath"],"picked":"Apotheosis","floor":4.0},{"not_picked":["HollowMod:HowlingWraiths","HollowMod:SoulVessel"],"picked":"HollowMod:DungDefenderAura","floor":4.0},{"not_picked":["HollowMod:SoulStrike","HollowMod:LifebloodCocoon"],"picked":"HollowMod:CloakDash","floor":5.0},{"not_picked":["HollowMod:SharpenedShadows","HollowMod:ShapeofUnn","HollowMod:DashSlash"],"picked":"SKIP","floor":6.0},{"not_picked":["HollowMod:VengefulVoid","HollowMod:CornifersMapStart"],"picked":"HollowMod:ChannelNail","floor":10.0},{"not_picked":["HollowMod:NewLittleFool","HollowMod:DreamGate","HollowMod:PureNailStrike"],"picked":"SKIP","floor":13},{"not_picked":["HollowMod:VoidDash","HollowMod:HornetsHelp"],"picked":"HollowMod:Weaversong","floor":16},{"not_picked":["HollowMod:HeavyBlow","HollowMod:InfectedAttack+1","HollowMod:HowlingWraiths+1"],"picked":"SKIP","floor":18},{"not_picked":["HollowMod:InfectionAssault+1","HollowMod:NewJinnsSoul"],"picked":"HollowMod:BaldurShell","floor":21},{"not_picked":["HollowMod:CornifersMapStart+1","HollowMod:DescendingDark"],"picked":"HollowMod:DoubleDash+1","floor":23},{"not_picked":["HollowMod:FallenFury","HollowMod:HowlingWraiths"],"picked":"HollowMod:DoubleDash+1","floor":24},{"not_picked":["HollowMod:NewInfectedGuardian","HollowMod:CornifersMapStart"],"picked":"HollowMod:SoulShaman","floor":28},{"not_picked":["HollowMod:TaintedHusks+1","HollowMod:MawleksShell","HollowMod:WraithStrike"],"picked":"SKIP","floor":29},{"not_picked":["HollowMod:MawleksShell","HollowMod:CloakDash"],"picked":"HollowMod:LifebloodCore","floor":30},{"not_picked":["HollowMod:MidwifesHunger","HollowMod:VoidDash"],"picked":"HollowMod:SlysStrikes","floor":33},{"not_picked":[],"picked":"HollowMod:CycloneSlash+1","floor":35},{"not_picked":["HollowMod:VengefulVoid"],"picked":"SKIP","floor":36},{"not_picked":["HollowMod:WraithStrike"],"picked":"SKIP","floor":37},{"not_picked":["HollowMod:NewLittleFool+1"],"picked":"SKIP","floor":39},{"not_picked":["HollowMod:InfectionAssault"],"picked":"SKIP","floor":44},{"not_picked":[],"picked":"HollowMod:CycloneSlash","floor":46},{"not_picked":["HollowMod:SoulStrike+1"],"picked":"SKIP","floor":48},{"not_picked":["HollowMod:SoulShaman"],"picked":"SKIP","floor":54}],"player_experience":89474,"relics_obtained":[{"floor":6.0,"key":"HollowMod:LifeEnderRelic"},{"floor":9.0,"key":"Boot"},{"floor":13,"key":"HollowMod:StagPassRelic"},{"floor":26,"key":"Darkstone Periapt"},{"floor":43,"key":"Meat on the Bone"},{"floor":46,"key":"Pen Nib"},{"floor":54,"key":"Centennial Puzzle"}],"event_choices":[],"is_beta":false,"boss_relics":[{"not_picked":["Runic Dome","Philosopher\u0027s Stone"],"picked":"SlaversCollar"},{"not_picked":["Fusion Hammer","Snecko Eye"],"picked":"Busted Crown"}],"items_purged_floors":[14],"is_endless":false,"potions_floor_spawned":[1,10,16,18,28,29,44,46,48],"killed_by":"The Heart","ascension_level":0}}