{"host":"dtm4abeon6jfxj1d","time":1610503367,"event":{"mods":["BaseMod","Downfall","Minty Spire (QoL Compilation)","Rare Cards Sparkle","StSLib"],"gold_per_floor":[362,29,104,29,29,29,39,53,53,73,73,108,108,127,127,231,231,249,264,264,290,195,222,222,238,238,97,97,123,123,123,123],"floor_reached":31,"language":"ENG","playtime":1452,"items_purged":["Strike_R","Strike_R"],"score":379,"play_id":"a36350b0-dece-485c-a5f1-f235fdbc6f46","local_time":"20210112210247","is_ascension_mode":true,"campfire_choices":[{"data":"Heavy Blade","floor":6,"key":"SMITH"},{"data":"Rage","floor":11,"key":"SMITH"},{"data":"Flex","floor":13,"key":"SMITH"},{"data":"Bash","floor":15,"key":"SMITH"},{"floor":24,"key":"REST"},{"data":"Battle Trance","floor":28,"key":"SMITH"}],"circlet_count":0,"master_deck":["Strike_R","Strike_R","Strike_R","Defend_R","Defend_R","Defend_R","Defend_R","Bash+1","Heavy Blade+1","Heavy Blade+1","Flex+1","Rage+1","Flex+1","Shrug It Off","expansioncontent:DefensiveStance+1","Barricade+1","Battle Trance+1"],"relics":["Burning Blood","Molten Egg 2","Frozen Egg 2","Ancient Tea Set","Philosopher\u0027s Stone","Red Mask","Paper Frog","Bird Faced Urn","Dream Catcher"],"acts_visited":["Exordium","TheCity"],"potions_floor_usage":[16,16,19,21,23,23,23,23],"damage_taken":[{"damage":4,"enemies":"Cultist","floor":1,"turns":5},{"damage":3,"enemies":"Jaw Worm","floor":7,"turns":4},{"damage":3,"enemies":"Small Slimes","floor":8,"turns":3},{"damage":0,"enemies":"3 Louse","floor":10,"turns":4},{"damage":15,"enemies":"3 Sentries","floor":12,"turns":7},{"damage":4,"enemies":"Large Slime","floor":14,"turns":4},{"damage":9,"enemies":"Hexaghost","floor":16,"turns":3},{"damage":32,"enemies":"Shell Parasite","floor":18,"turns":4},{"damage":0,"enemies":"Spheric Guardian","floor":19,"turns":1},{"damage":40,"enemies":"Masked Bandits","floor":21,"turns":5},{"damage":14,"enemies":"Slavers","floor":23,"turns":8},{"damage":0,"enemies":"Snecko","floor":25,"turns":4},{"damage":10,"enemies":"Gremlin Leader","floor":29,"turns":6},{"damage":44,"enemies":"Slavers","floor":31,"turns":6}],"seed_played":"-2080728566751420442","potions_obtained":[{"floor":7,"key":"SkillPotion"},{"floor":8,"key":"Swift Potion"},{"floor":10,"key":"ElixirPotion"},{"floor":12,"key":"Fire Potion"},{"floor":14,"key":"DistilledChaos"},{"floor":18,"key":"LiquidMemories"},{"floor":21,"key":"EntropicBrew"},{"floor":25,"key":"BlessingOfTheForge"},{"floor":29,"key":"Weak Potion"}],"is_trial":false,"path_per_floor":["M","$","?","$","?","R","M","M","T","M","R","E","R","M","R","B",null,"M","M","?","?","$","E","R","M","T","$","R","E","$","E"],"character_chosen":"IRONCLAD","items_purchased":["Molten Egg 2","Heavy Blade+1","Flex","expansioncontent:DefensiveStance+1","Battle Trance"],"campfire_rested":1,"item_purchase_floors":[2,2,2,22,27],"current_hp_per_floor":[53,53,42,42,42,42,45,48,48,54,54,45,45,47,47,44,71,45,51,51,17,17,9,33,39,39,39,39,39,39,0,0],"gold":123,"neow_bonus":"TWO_FIFTY_GOLD","is_daily":false,"chose_seed":false,"campfire_upgraded":5,"win_rate":0.0,"timestamp":1610503367,"path_taken":["M","$","?","$","?","R","M","M","T","M","R","E","R","M","R","BOSS","M","M","?","?","$","E","R","M","T","$","R","E","$","E"],"items_purchased_type":["Relic","Card","Card","Card","Card"],"build_version":"2020-12-22","purchased_purges":2,"victory":false,"max_hp_per_floor":[80,80,80,80,80,80,80,80,80,80,80,80,80,80,80,80,80,80,80,80,80,80,80,80,80,80,80,80,80,80,80,80],"card_choices":[{"not_picked":["Body Slam","Burning Pact"],"picked":"Heavy Blade","floor":1},{"not_picked":["Thunderclap+1","Carnage+1"],"picked":"Rage","floor":7},{"not_picked":["Dark Embrace","Wild Strike+1","Twin Strike+1"],"picked":"SKIP","floor":8},{"not_picked":["Twin Strike+1","Intimidate","Heavy Blade+1"],"picked":"SKIP","floor":10},{"not_picked":["Carnage+1","Corruption+1"],"picked":"Flex","floor":12},{"not_picked":["Iron Wave+1","Burning Pact","Rage"],"picked":"SKIP","floor":14},{"not_picked":["Hemokinesis+1","Infernal Blade","Disarm+1"],"picked":"SKIP","floor":18},{"not_picked":["Clash+1","Thunderclap+1","Iron Wave+1"],"picked":"SKIP","floor":19},{"not_picked":["Armaments+1","Sword Boomerang+1"],"picked":"Barricade+1","floor":23},{"not_picked":["Headbutt+1","Searing Blow+1","Clothesline+1"],"picked":"SKIP","floor":25},{"not_picked":["Flex","Sever Soul+1","Evolve+1"],"picked":"SKIP","floor":29}],"player_experience":207542,"relics_obtained":[{"floor":9,"key":"Frozen Egg 2"},{"floor":12,"key":"Ancient Tea Set"},{"floor":21,"key":"Red Mask"},{"floor":23,"key":"Paper Frog"},{"floor":26,"key":"Bird Faced Urn"},{"floor":29,"key":"Dream Catcher"}],"event_choices":[{"damage_healed":0,"gold_gain":75,"player_choice":"Gather Gold","damage_taken":11,"max_hp_gain":0,"max_hp_loss":0,"event_name":"World of Goop","floor":3,"gold_loss":0},{"damage_healed":0,"gold_gain":0,"player_choice":"Grow","damage_taken":0,"max_hp_gain":0,"max_hp_loss":0,"event_name":"Living Wall","floor":5,"gold_loss":0,"cards_upgraded":["Flex"]},{"damage_healed":0,"gold_gain":0,"player_choice":"Read","damage_taken":0,"max_hp_gain":0,"max_hp_loss":0,"event_name":"The Library","floor":20,"gold_loss":0,"cards_obtained":["Shrug It Off"]},{"damage_healed":0,"gold_gain":0,"player_choice":"Fought Bandits","damage_taken":0,"max_hp_gain":0,"max_hp_loss":0,"event_name":"Masked Bandits","floor":21,"gold_loss":0}],"is_beta":false,"boss_relics":[{"not_picked":["Busted Crown","Ectoplasm"],"picked":"Philosopher\u0027s Stone"}],"items_purged_floors":[4,27],"is_endless":false,"potions_floor_spawned":[7,8,10,12,14,18,21,25,29],"killed_by":"Slavers","ascension_level":8}}