{"host":"jl3raagrljzztomj","time":1610546199,"event":{"mods":["Aspiration","BaseMod","BetterRewards","Colored Map","Colored Powertips","Custom Start","Hermit","Highlight Path","Minty Spire (QoL Compilation)","Permanent Neow","StSLib","The Runesmith"],"gold_per_floor":[112,112,112,78,78,78,95,130,153,166,166,56,82,12,12,12,12],"floor_reached":16,"language":"ENG","playtime":982,"items_purged":[],"score":106,"play_id":"84382c94-b350-42cd-bcac-877ffdb0b1ec","local_time":"20210113075639","is_ascension_mode":false,"campfire_choices":[{"data":"Runesmith:Firestorm","floor":6,"key":"SMITH"},{"floor":11,"key":"REST"},{"floor":15,"key":"REST"}],"circlet_count":0,"master_deck":["Runesmith:Strike_RS","Runesmith:Strike_RS","Runesmith:Strike_RS","Runesmith:Defend_RS","Runesmith:Defend_RS","Runesmith:Defend_RS","Runesmith:Defend_RS","Runesmith:CraftFirestone","Runesmith:Fortify","Runesmith:EnergizedChisel","Runesmith:Firestorm+1","Runesmith:CraftMagma","Runesmith:Permafrost","Runesmith:CraftVitae","Runesmith:CraftPrismatica"],"relics":["Runesmith:BrokenRuby","aspiration:Nostalgia","hermit:Momento","PreservedInsect","Bottled Lightning","Potion Belt","Omamori"],"acts_visited":["Exordium"],"potions_floor_usage":[8],"damage_taken":[{"damage":5,"enemies":"Small Slimes","floor":1,"turns":4},{"damage":5,"enemies":"2 Louse","floor":7,"turns":4},{"damage":25,"enemies":"Gremlin Nob","floor":8,"turns":5},{"damage":6,"enemies":"Jaw Worm","floor":10,"turns":5},{"damage":25,"enemies":"3 Sentries","floor":13,"turns":8},{"damage":10,"enemies":"The Guardian","floor":16,"turns":10}],"seed_played":"-6800683385231303692","potions_obtained":[{"floor":1,"key":"Weak Potion"}],"is_trial":false,"path_per_floor":["M","?","?","$","?","R","M","E","T","M","R","$","E","$","R","B"],"character_chosen":"RUNESMITH_CLASS","items_purchased":["Runesmith:Firestorm","Runesmith:Permafrost","Runesmith:CraftVitae","Runesmith:CraftPrismatica"],"campfire_rested":2,"item_purchase_floors":[4,12,12,14],"current_hp_per_floor":[65,70,58,58,51,51,46,21,21,15,36,36,11,11,32,22,22],"gold":12,"neow_bonus":"NOSTALGIA","is_daily":false,"chose_seed":false,"campfire_upgraded":1,"win_rate":0.0,"timestamp":1610546199,"path_taken":["M","?","?","$","?","R","M","E","T","M","R","$","E","?","R","BOSS"],"items_purchased_type":["Card","Card","Card","Card"],"build_version":"2020-12-22","purchased_purges":0,"victory":false,"max_hp_per_floor":[70,70,70,70,70,70,70,70,70,70,70,70,70,70,70,70,70],"card_choices":[{"not_picked":["Runesmith:DoubleUp","Runesmith:Repurpose"],"picked":"Runesmith:EnergizedChisel","floor":1},{"not_picked":["Runesmith:LithiumIon","Runesmith:StaticCage"],"picked":"Runesmith:CraftMagma","floor":7},{"not_picked":["Runesmith:EarthShield","Runesmith:HammerTime","Runesmith:RuneHurl"],"picked":"SKIP","floor":8},{"not_picked":["Runesmith:EarthShield","Runesmith:EnergizedChisel","Runesmith:Overpower"],"picked":"SKIP","floor":10},{"not_picked":["Runesmith:MakeshiftArmor","Runesmith:Discharge","Runesmith:Overpower"],"picked":"SKIP","floor":13}],"player_experience":937094,"relics_obtained":[{"floor":8,"key":"Bottled Lightning"},{"floor":9,"key":"Potion Belt"},{"floor":13,"key":"Omamori"}],"event_choices":[{"damage_healed":0,"gold_gain":0,"player_choice":"Success","damage_taken":12,"relics_obtained":["PreservedInsect"],"max_hp_gain":0,"max_hp_loss":0,"event_name":"Scrap Ooze","floor":3,"gold_loss":0},{"cards_removed":["Runesmith:Strike_RS"],"damage_healed":0,"gold_gain":0,"player_choice":"Card Removal","damage_taken":7,"max_hp_gain":0,"max_hp_loss":0,"event_name":"Golden Wing","floor":5,"gold_loss":0}],"is_beta":false,"boss_relics":[],"items_purged_floors":[],"is_endless":false,"potions_floor_spawned":[1],"killed_by":"The Guardian","ascension_level":0}}