{"host":"qdfumeom6htv8yxl","time":1610556528,"event":{"mods":["AchievementEnabler","BaseMod","Bestiary","Block Reminder","Minty Spire (QoL Compilation)","Quick Restart","Relic Stats"],"gold_per_floor":[111,5,5,25,45,45,45,45,45,80,94,369,389,422,422,496,496,506,522,522,536,551,551,577,263,263,263,263,263,263,5,5,83,83,95,114,114,139,139,139,172,172,198,233,0,12,12,12],"floor_reached":47,"language":"ENG","playtime":6642,"items_purged":["Regret","Shame"],"score":916,"play_id":"0d9978fe-db2e-4fe2-b03d-7dbbada47817","local_time":"20210113104848","is_ascension_mode":true,"campfire_choices":[{"data":"Genetic Algorithm","floor":6,"key":"SMITH"},{"data":"Zap","floor":8,"key":"SMITH"},{"floor":15,"key":"REST"},{"floor":23,"key":"REST"},{"floor":28,"key":"REST"},{"data":"Defragment","floor":30,"key":"SMITH"},{"data":"Creative AI","floor":32,"key":"SMITH"},{"data":"Strike_B","floor":40,"key":"PURGE"},{"floor":42,"key":"REST"}],"circlet_count":0,"master_deck":["AscendersBane","Strike_B","Strike_B","Strike_B","Defend_B","Defend_B","Defend_B+1","Defend_B","Zap+1","Dualcast","Ball Lightning","Genetic Algorithm+1","Cold Snap","Rebound","Genetic Algorithm","Sweeping Beam","Defragment+1","Creative AI+1","Echo Form+1","Fusion","Genetic Algorithm+1","Doom and Gloom","Glacier+1","Seek","Dark Shackles","Coolheaded","Heatsinks+1"],"relics":["Cracked Core","Pantograph","Bag of Marbles","Pen Nib","Nuclear Battery","Happy Flower","ClockworkSouvenir","Mummified Hand","MealTicket","Omamori","Black Star","Peace Pipe","Letter Opener","The Courier","Oddly Smooth Stone","War Paint","HornCleat","DataDisk","Red Mask"],"acts_visited":["Exordium","TheCity","TheBeyond"],"potions_floor_usage":[47],"damage_taken":[{"damage":5,"enemies":"Cultist","floor":1,"turns":4},{"damage":0,"enemies":"Small Slimes","floor":4,"turns":3},{"damage":4,"enemies":"2 Louse","floor":5,"turns":2},{"damage":23,"enemies":"Lagavulin","floor":10,"turns":5},{"damage":0,"enemies":"Blue Slaver","floor":11,"turns":2},{"damage":7,"enemies":"Red Slaver","floor":13,"turns":2},{"damage":17,"enemies":"Gremlin Nob","floor":14,"turns":4},{"damage":48,"enemies":"The Guardian","floor":16,"turns":14},{"damage":24,"enemies":"Chosen","floor":18,"turns":5},{"damage":16,"enemies":"Spheric Guardian","floor":19,"turns":4},{"damage":15,"enemies":"Centurion and Healer","floor":21,"turns":8},{"damage":2,"enemies":"Snake Plant","floor":22,"turns":4},{"damage":36,"enemies":"Slavers","floor":24,"turns":5},{"damage":27,"enemies":"Collector","floor":33,"turns":9},{"damage":10,"enemies":"3 Darklings","floor":35,"turns":6},{"damage":0,"enemies":"Orb Walker","floor":36,"turns":5},{"damage":13,"enemies":"Mind Bloom Boss Battle","floor":38,"turns":8},{"damage":42,"enemies":"Nemesis","floor":41,"turns":7},{"damage":21,"enemies":"Giant Head","floor":44,"turns":11},{"damage":10,"enemies":"Spire Growth","floor":46,"turns":4},{"damage":16,"enemies":"Reptomancer","floor":47,"turns":5}],"seed_played":"-6595243582309161527","potions_obtained":[{"floor":5,"key":"Dexterity Potion"},{"floor":10,"key":"SpeedPotion"},{"floor":16,"key":"Fire Potion"},{"floor":18,"key":"FairyPotion"},{"floor":36,"key":"PotionOfCapacity"},{"floor":46,"key":"PowerPotion"}],"is_trial":false,"path_per_floor":["M","$","$","M","M","R","$","R","T","E","M","?","M","E","R","B",null,"M","M","?","M","M","R","E","$","T","?","R","?","R","$","R","B",null,"M","M","?","?","T","R","E","R","T","E","?","M","E"],"character_chosen":"DEFECT","items_purchased":["Genetic Algorithm","Cold Snap","Glacier","ClockworkSouvenir","Omamori"],"campfire_rested":4,"item_purchase_floors":[2,2,25,25,31],"current_hp_per_floor":[66,66,66,66,62,62,62,62,62,39,39,39,32,15,38,15,62,38,22,22,7,5,28,21,21,21,21,44,44,44,59,59,51,71,61,61,56,65,65,65,23,46,46,25,25,15,0,0],"gold":12,"neow_bonus":"TEN_PERCENT_HP_BONUS","is_daily":false,"chose_seed":false,"campfire_upgraded":4,"win_rate":0.0,"timestamp":1610556528,"path_taken":["M","?","$","M","M","R","$","R","T","E","M","?","?","E","R","BOSS","M","M","?","?","M","R","E","$","T","?","R","?","R","$","R","BOSS","M","M","?","?","?","R","E","R","T","E","?","?","E"],"items_purchased_type":["Card","Card","Card","Relic","Relic"],"build_version":"2020-12-22","purchased_purges":2,"victory":false,"max_hp_per_floor":[78,78,78,78,78,78,78,78,78,78,78,78,78,78,78,78,78,78,78,78,78,78,78,78,78,78,78,78,78,78,78,78,78,78,78,78,78,78,78,78,78,78,78,78,78,78,78,78],"relic_stats":{"Peace Pipe":1,"Happy Flower":[18],"counters":[21,116],"Mummified Hand":[68],"Pantograph":66,"MealTicket":15,"Pen Nib":[15],"Black Star":2,"Letter Opener":[43],"War Paint":["Glacier","Defend_B"],"obtain_stats":[{"Happy Flower":24,"Oddly Smooth Stone":41,"Pen Nib":14,"The Courier":41,"Omamori":31,"Letter Opener":39,"War Paint":43,"Nuclear Battery":17,"ClockworkSouvenir":25,"Peace Pipe":38,"DataDisk":44,"HornCleat":44,"Mummified Hand":26,"Pantograph":9,"MealTicket":27,"Bag of Marbles":10,"Black Star":34,"Red Mask":45,"Cracked Core":0},{"Happy Flower":13,"Oddly Smooth Stone":18,"Pen Nib":7,"The Courier":18,"Omamori":13,"Letter Opener":17,"War Paint":18,"Nuclear Battery":8,"ClockworkSouvenir":13,"Peace Pipe":17,"DataDisk":19,"HornCleat":19,"Mummified Hand":13,"Pantograph":3,"MealTicket":13,"Bag of Marbles":4,"Black Star":14,"Red Mask":19,"Cracked Core":0},{"Happy Flower":61,"Oddly Smooth Stone":96,"Pen Nib":22,"The Courier":96,"Omamori":61,"Letter Opener":89,"War Paint":96,"Nuclear Battery":35,"ClockworkSouvenir":61,"Peace Pipe":89,"DataDisk":107,"HornCleat":107,"Mummified Hand":61,"Pantograph":9,"MealTicket":61,"Bag of Marbles":14,"Black Star":70,"Red Mask":107,"Cracked Core":0}]},"card_choices":[{"not_picked":["Streamline","Coolheaded"],"picked":"Ball Lightning","floor":1},{"not_picked":["Stack","Conserve Battery"],"picked":"Rebound","floor":4},{"not_picked":["Beam Cell","Compile Driver"],"picked":"Genetic Algorithm","floor":5},{"not_picked":["Turbo","Conserve Battery","Streamline"],"picked":"SKIP","floor":10},{"not_picked":["Steam Power","Conserve Battery"],"picked":"Sweeping Beam","floor":11},{"not_picked":["Ball Lightning","Turbo"],"picked":"Defragment","floor":13},{"not_picked":["Genetic Algorithm","Heatsinks"],"picked":"Creative AI","floor":14},{"not_picked":["Hyperbeam","Amplify"],"picked":"Echo Form","floor":16},{"not_picked":["Stack","Gash"],"picked":"Fusion","floor":18},{"not_picked":["Streamline","Steam","BootSequence"],"picked":"SKIP","floor":19},{"not_picked":["Hologram","Go for the Eyes"],"picked":"Doom and Gloom","floor":21},{"not_picked":["Ball Lightning","Sweeping Beam","Streamline"],"picked":"SKIP","floor":22},{"not_picked":["Turbo+1","Fusion","Streamline"],"picked":"SKIP","floor":24},{"not_picked":["All For One","Meteor Strike"],"picked":"Seek","floor":33},{"not_picked":["Lockon+1","Leap","FTL"],"picked":"SKIP","floor":35},{"not_picked":["Streamline","Ball Lightning","Rip and Tear"],"picked":"SKIP","floor":36},{"not_picked":["Secret Technique","Blind"],"picked":"Dark Shackles","floor":37},{"not_picked":["Skim+1","Double Energy","Stack"],"picked":"SKIP","floor":41},{"not_picked":["Seek","Go for the Eyes"],"picked":"Coolheaded","floor":44},{"not_picked":["Static Discharge+1","Aggregate"],"picked":"Heatsinks+1","floor":46}],"player_experience":1794299,"relics_obtained":[{"floor":9,"key":"Pantograph"},{"floor":10,"key":"Bag of Marbles"},{"floor":14,"key":"Pen Nib"},{"floor":24,"key":"Happy Flower"},{"floor":26,"key":"Mummified Hand"},{"floor":38,"key":"Peace Pipe"},{"floor":39,"key":"Letter Opener"},{"floor":41,"key":"The Courier"},{"floor":41,"key":"Oddly Smooth Stone"},{"floor":43,"key":"War Paint"},{"floor":44,"key":"HornCleat"},{"floor":44,"key":"DataDisk"}],"event_choices":[{"damage_healed":0,"gold_gain":275,"player_choice":"Desecrate","damage_taken":0,"max_hp_gain":0,"max_hp_loss":0,"event_name":"Golden Shrine","floor":12,"gold_loss":0,"cards_obtained":["Regret"]},{"damage_healed":0,"gold_gain":0,"player_choice":"Copied","damage_taken":0,"max_hp_gain":0,"max_hp_loss":0,"event_name":"Duplicator","floor":20,"gold_loss":0,"cards_obtained":["Genetic Algorithm"]},{"damage_healed":0,"gold_gain":0,"player_choice":"Stole Relic","damage_taken":0,"relics_obtained":["MealTicket"],"max_hp_gain":0,"max_hp_loss":0,"event_name":"Addict","floor":27,"gold_loss":0,"cards_obtained":["Shame"]},{"damage_healed":0,"gold_gain":0,"player_choice":"Upgraded","damage_taken":0,"max_hp_gain":0,"max_hp_loss":0,"event_name":"Upgrade Shrine","floor":29,"gold_loss":0,"cards_upgraded":["Echo Form"]},{"damage_healed":0,"gold_gain":0,"player_choice":"Memory 2","damage_taken":5,"max_hp_gain":0,"max_hp_loss":0,"event_name":"SensoryStone","floor":37,"gold_loss":0},{"damage_healed":0,"gold_gain":0,"player_choice":"Fight","damage_taken":0,"max_hp_gain":0,"max_hp_loss":0,"event_name":"MindBloom","floor":38,"gold_loss":0},{"damage_healed":0,"gold_gain":0,"player_choice":"Paid","damage_taken":0,"relics_obtained":["Red Mask"],"max_hp_gain":0,"max_hp_loss":0,"event_name":"Tomb of Lord Red Mask","floor":45,"gold_loss":233}],"is_beta":false,"boss_relics":[{"not_picked":["Coffee Dripper","Fusion Hammer"],"picked":"Nuclear Battery"},{"not_picked":["Runic Pyramid","Snecko Eye"],"picked":"Black Star"}],"items_purged_floors":[25,31],"is_endless":false,"potions_floor_spawned":[5,10,16,18,19,21,36,41,46],"killed_by":"Reptomancer","ascension_level":16}}