{"host":"mn5kbj4x7gv3jr0o","time":1610521437,"event":{"mods":["100% Spire Juice","2.2 Compatiblity","AchievementEnabler","Ascension Reborn","Ascension Unlocker","Aspiration","BaseMod","Better Note","CCEM","Conjunction","Conspire","Curses Come First","Downfall","HololiveMod","Hubris","Infinite Spire","Jess\u0027s Bottle","Minty Spire (QoL Compilation)","Quarter Circle Forward PUNCH!","Quick Restart","Relic Sorter","Relic Stats","Replay The Spire","Reworked Bosses","SCP261 Mod","SacredBarkPlus","Shedinja","Small Relic Pack","Spicy Shops","Spikes Relics","StSLib","Trackpad","Uncapped","Unceasing Turn Reminder","Virulent Crown","vexMod"],"gold_per_floor":[114,69,24,41,41,69,69,69,69,69,85,98,128,139,139,139,139],"floor_reached":16,"language":"ENG","playtime":769,"items_purged":[],"score":110,"play_id":"a37394d2-2142-445e-976f-9307b2fcac1c","local_time":"20210113020357","is_ascension_mode":true,"campfire_choices":[{"data":"Moonworks:CloudOfSeagulls","floor":8,"key":"SMITH"},{"data":"Moonworks:CloudOfSeagulls","floor":15,"key":"SMITH"}],"circlet_count":0,"master_deck":["Moonworks:Strike","Moonworks:Strike","Moonworks:Strike","Moonworks:Strike","Moonworks:Defend","Moonworks:Defend","Moonworks:Defend","Moonworks:Defend","Moonworks:Ambush","Moonworks:LongDistanceShot","Moonworks:EvilSpyWorkPreparation","Burn","Moonworks:CloudOfSeagulls+1","Moonworks:CloudOfSeagulls+1","Moonworks:JonathanRush","Moonworks:JonathanRush","Moonworks:LuckyCharm","Moonworks:MiracleWalker"],"relics":["Moonworks:BrokenBomb","Moonworks:Homemark","hubris:ToyBattleship","infinitespire:Lucky Rock","trackpad:Compendium"],"acts_visited":["Exordium"],"potions_floor_usage":[13,16],"damage_taken":[{"damage":0,"enemies":"Cultist","floor":1,"turns":3},{"damage":3,"enemies":"Small Slimes","floor":4,"turns":4},{"damage":10,"enemies":"3 Sentries","floor":6,"turns":8},{"damage":3,"enemies":"Jaw Worm","floor":11,"turns":3},{"damage":4,"enemies":"Large Slime","floor":12,"turns":5},{"damage":26,"enemies":"Lagavulin","floor":13,"turns":5},{"damage":2,"enemies":"3 Louse","floor":14,"turns":3},{"damage":0,"enemies":"Slime Boss","floor":16,"turns":3}],"seed_played":"-1074164595438199193","potions_obtained":[{"floor":4,"key":"Adrenaline Potion"},{"floor":11,"key":"LiquidBronze"}],"is_trial":false,"path_per_floor":["M","?","?","M","$","E","?","R","T","$","M","M","E","M","R","B"],"character_chosen":"THE_STARBREAKER","items_purchased":[],"campfire_rested":0,"item_purchase_floors":[],"current_hp_per_floor":[66,66,60,57,57,47,47,47,47,47,44,40,14,12,12,12,12],"gold":139,"neow_bonus":"TEN_PERCENT_HP_BONUS","is_daily":false,"chose_seed":false,"campfire_upgraded":2,"win_rate":0.0,"timestamp":1610521437,"path_taken":["M","?","?","?","$","E","?","R","T","$","M","M","E","M","R","BOSS"],"items_purchased_type":[],"build_version":"2020-12-22","purchased_purges":0,"victory":false,"max_hp_per_floor":[66,66,66,66,66,66,66,66,66,66,66,66,66,66,66,66,66],"relic_stats":{"counters":[8,34],"obtain_stats":[{"Moonworks:Homemark":0,"trackpad:Compendium":13,"hubris:ToyBattleship":6,"infinitespire:Lucky Rock":9,"Moonworks:BrokenBomb":0},{"Moonworks:Homemark":0,"trackpad:Compendium":6,"hubris:ToyBattleship":3,"infinitespire:Lucky Rock":3,"Moonworks:BrokenBomb":0},{"Moonworks:Homemark":0,"trackpad:Compendium":28,"hubris:ToyBattleship":15,"infinitespire:Lucky Rock":15,"Moonworks:BrokenBomb":0}]},"card_choices":[{"not_picked":["Moonworks:IndiscriminateFireSupport","Moonworks:SakisCookie"],"picked":"Moonworks:EvilSpyWorkPreparation","floor":1},{"not_picked":["Moonworks:ImOnFire","Moonworks:IndiscriminateFireSupport"],"picked":"Moonworks:CloudOfSeagulls","floor":4},{"not_picked":["Moonworks:BigMagnum","Moonworks:SweetBattle"],"picked":"Moonworks:CloudOfSeagulls","floor":6},{"not_picked":["Moonworks:NicePresent","Moonworks:LulusLuckyEgg"],"picked":"Moonworks:JonathanRush","floor":11},{"not_picked":["Moonworks:DeployBits","Moonworks:ImOnFire"],"picked":"Moonworks:JonathanRush","floor":12},{"not_picked":["Moonworks:IndiscriminateFireSupport","Moonworks:WeAreWaruda"],"picked":"Moonworks:LuckyCharm","floor":13},{"not_picked":["Moonworks:DeployBits","Moonworks:ImOnFire"],"picked":"Moonworks:MiracleWalker","floor":14}],"player_experience":151766,"relics_obtained":[{"floor":6,"key":"hubris:ToyBattleship"},{"floor":9,"key":"infinitespire:Lucky Rock"},{"floor":13,"key":"trackpad:Compendium"}],"event_choices":[{"damage_healed":0,"gold_gain":75,"player_choice":"Touch","damage_taken":6,"max_hp_gain":0,"max_hp_loss":0,"event_name":"FaceTrader","floor":3,"gold_loss":0}],"is_beta":false,"boss_relics":[],"items_purged_floors":[],"is_endless":false,"potions_floor_spawned":[4,11],"killed_by":"Slime Boss","ascension_level":0}}