{"host":"z6c1sol8rulx2ubz","time":1610575537,"event":{"mods":["AchievementEnabler","Act Like it!","BaseMod","Better Note","Better Third Choice","Gold Saver","Hallownest","Hubris","Infinite Spire","Minty Spire (QoL Compilation)","Quick Restart","Rare Cards Sparkle","StSLib","The Bug Knight","Wandering Minibosses"],"gold_per_floor":[190,190,210,59,59,59,84,9,9,22,22,34,46,60,60,60,60],"floor_reached":16,"language":"ENG","playtime":742,"items_purged":[],"score":102,"play_id":"3622ad16-7a00-4e1f-94e2-c42b874bb096","local_time":"20210113220537","is_ascension_mode":false,"campfire_choices":[{"data":"HollowMod:ShadowDash","floor":6,"key":"SMITH"},{"floor":11,"key":"REST"},{"data":"HollowMod:ShadowDash","floor":15,"key":"SMITH"}],"circlet_count":0,"master_deck":["HollowMod:NailStrikeStart","HollowMod:NailStrikeStart","HollowMod:NailStrikeStart","HollowMod:QuickDashStart","HollowMod:QuickDashStart","HollowMod:QuickDashStart","HollowMod:QuickDashStart","HollowMod:FocusHealStart","HollowMod:PogoStrike","HollowMod:ShadowDash+1","HollowMod:GrimmsGift","HollowMod:WraithStrike+1","Hallownest:skillGreenpathMap","HollowMod:HuntersJournal","HollowMod:MantisMark","HollowMod:ShadowDash+1"],"relics":["Frozen Eye","infinitespire:Chaos","Bronze Scales"],"acts_visited":["Hallownest:Greenpath"],"potions_floor_usage":[7,14],"damage_taken":[{"damage":0,"enemies":"Hallownest:2_Baldur","floor":1,"turns":4},{"damage":0,"enemies":"Hallownest:monsterHuskWarrior","floor":3,"turns":4},{"damage":67,"enemies":"Hallownest:eliteVengeflyKing","floor":7,"turns":12},{"damage":1,"enemies":"2_ Uuma","floor":10,"turns":4},{"damage":0,"enemies":"Hallownest:monsterMossCharger","floor":12,"turns":4},{"damage":7,"enemies":"Hallownest:monsterFoolEater","floor":13,"turns":3},{"damage":3,"enemies":"Hallownest:Guard_and_Warrior","floor":14,"turns":5},{"damage":30,"enemies":"Hallownest:BossBrokenVessel","floor":16,"turns":7}],"seed_played":"3164524693693292285","potions_obtained":[{"floor":3,"key":"Energy Potion"},{"floor":7,"key":"SteroidPotion"}],"is_trial":false,"path_per_floor":["M","?","M","$","?","R","E","?","T","M","R","M","M","M","R","B"],"character_chosen":"THE_BUGKNIGHT","items_purchased":["infinitespire:Chaos"],"campfire_rested":1,"item_purchase_floors":[4],"current_hp_per_floor":[82,82,82,82,82,82,15,15,15,14,38,38,31,28,28,0,0],"gold":60,"neow_bonus":"TEN_PERCENT_HP_BONUS","is_daily":false,"chose_seed":false,"campfire_upgraded":2,"win_rate":0.0,"timestamp":1610575537,"path_taken":["M","?","M","$","?","R","E","?","T","M","R","?","M","M","R","BOSS"],"items_purchased_type":["Relic"],"build_version":"2020-12-22","purchased_purges":0,"victory":false,"max_hp_per_floor":[82,82,82,82,82,82,82,82,82,82,82,82,82,82,82,82,82],"card_choices":[{"not_picked":["HollowMod:HowlingWraiths","HollowMod:DoubleDash"],"picked":"HollowMod:ShadowDash","floor":1},{"not_picked":["HollowMod:NewLittleFool","HollowMod:Grubsong"],"picked":"HollowMod:WraithStrike","floor":3},{"not_picked":["HollowMod:InfectionAssault","HollowMod:NewLittleFool","HollowMod:RecoilStrike"],"picked":"SKIP","floor":7},{"not_picked":["HollowMod:MothsMistake","HollowMod:InfectedAttack"],"picked":"HollowMod:HuntersJournal","floor":10},{"not_picked":["HollowMod:PureNailStrike","HollowMod:VengefulSpirit","HollowMod:CoiledNail"],"picked":"SKIP","floor":12},{"not_picked":["HollowMod:InfectedCysts","HollowMod:MonomonsArchive"],"picked":"HollowMod:MantisMark","floor":13},{"not_picked":["HollowMod:NewInfectedGuardian","HollowMod:HowlingWraiths"],"picked":"HollowMod:ShadowDash","floor":14}],"player_experience":155178,"relics_obtained":[{"floor":7,"key":"Bronze Scales"}],"event_choices":[],"is_beta":false,"boss_relics":[],"items_purged_floors":[],"is_endless":false,"potions_floor_spawned":[3,7],"killed_by":"Hallownest:BossBrokenVessel","ascension_level":0}}