{"host":"s794kqxf2n1qz2yr","time":1610560807,"event":{"mods":["100% Spire Juice","2.2 Compatiblity","AchievementEnabler","Aspiration","BaseMod","ChefMod","Downfall","Friendly Minions","Hermit","Marisa????????","Minty Spire (QoL Compilation)","Permanent Neow","StSLib","The Animator","The Cursed"],"gold_per_floor":[110,285,235,235,255,255,270,20,20,20,36,36,46,58,58,161,161,181,193,221,221,235,235,235,251,297,309,320,100,129,149,149,249,249,269,269,269,194,213,213,244,244,312,325,340,50,76,96,96,96],"floor_reached":51,"language":"ENG","playtime":2327,"items_purged":["Pain"],"score":971,"play_id":"de0b0070-d46b-421d-8546-ed8e6caa7d32","local_time":"20210113180007","daily_mods":["SealedDeck"],"is_ascension_mode":false,"campfire_choices":[{"data":"TheCursedMod:CircleOfCorruption","floor":6,"key":"SMITH"},{"data":"TheCursedMod:EmpowerCircles","floor":15,"key":"SMITH"},{"data":"TheCursedMod:CircleOfCorruption","floor":23,"key":"SMITH"},{"data":"Master of Strategy","floor":32,"key":"SMITH"},{"data":"TheCursedMod:CircleOfCorruption","floor":40,"key":"SMITH"},{"floor":42,"key":"REST"},{"floor":49,"key":"REST"}],"circlet_count":0,"master_deck":["TheCursedMod:CircleOfWindfury","TheCursedMod:CursedShiv","TheCursedMod:DoubleShield","TheCursedMod:WearCloak","TheCursedMod:SpitefulPray","TheCursedMod:SpitefulPray+1","TheCursedMod:CircleOfCorruption+1","TheCursedMod:CircleOfCorruption+1","TheCursedMod:CircleOfCorruption+1","TheCursedMod:CursedSpellbook","TheCursedMod:EmpowerCircles+1","Shame","Master of Strategy+1","TheCursedMod:SurpriseAttack","TheCursedMod:TroublousMinions","TheCursedMod:CircleOfAbyss+1","CurseOfTheBell","TheCursedMod:NeowsMight","TheCursedMod:CircleOfCorruption+1"],"relics":["TheCursedMod:BlackMagic101","Blue Candle","Mercury Hourglass","TheCursedMod:BloodyHarpoon","Darkstone Periapt","Sozu","Red Mask","Ancient Tea Set","Prayer Wheel","Calling Bell","PreservedInsect","aspiration:SeaSaltIceCream","War Paint","champ:DeflectingBracers","WarpedTongs","aspiration:FrozenJewel","TheCursedMod:DemonicMark","Lizard Tail","Question Card"],"acts_visited":["Exordium","TheCity","TheBeyond"],"potions_floor_usage":[4,4,13,31],"damage_taken":[{"damage":0,"enemies":"Jaw Worm","floor":1,"turns":2},{"damage":0,"enemies":"Small Slimes","floor":5,"turns":2},{"damage":0,"enemies":"Cultist","floor":7,"turns":1},{"damage":0,"enemies":"Lots of Slimes","floor":11,"turns":2},{"damage":1,"enemies":"Exordium Wildlife","floor":13,"turns":1},{"damage":0,"enemies":"Looter","floor":14,"turns":1},{"damage":0,"enemies":"Slime Boss","floor":16,"turns":1},{"damage":3,"enemies":"Spheric Guardian","floor":18,"turns":2},{"damage":1,"enemies":"3 Byrds","floor":19,"turns":2},{"damage":1,"enemies":"Masked Bandits","floor":20,"turns":2},{"damage":2,"enemies":"Snecko","floor":22,"turns":2},{"damage":0,"enemies":"Snake Plant","floor":25,"turns":1},{"damage":0,"enemies":"Chosen and Byrds","floor":27,"turns":1},{"damage":1,"enemies":"Cultist and Chosen","floor":28,"turns":2},{"damage":0,"enemies":"Slavers","floor":30,"turns":2},{"damage":0,"enemies":"Centurion and Healer","floor":31,"turns":1},{"damage":4,"enemies":"Collector","floor":33,"turns":4},{"damage":1,"enemies":"3 Darklings","floor":35,"turns":3},{"damage":0,"enemies":"Orb Walker","floor":39,"turns":1},{"damage":27,"enemies":"Nemesis","floor":41,"turns":3},{"damage":5,"enemies":"Transient","floor":44,"turns":5},{"damage":0,"enemies":"Writhing Mass","floor":45,"turns":1},{"damage":7,"enemies":"Giant Head","floor":47,"turns":2},{"damage":3,"enemies":"Spire Growth","floor":48,"turns":2},{"damage":12,"enemies":"Time Eater","floor":50,"turns":9}],"seed_played":"7923555511064670221","potions_obtained":[{"floor":4,"key":"Fruit Juice"},{"floor":4,"key":"Fruit Juice"},{"floor":4,"key":"Explosive Potion"},{"floor":7,"key":"DistilledChaos"},{"floor":11,"key":"BlessingOfTheForge"},{"floor":13,"key":"SneckoOil"}],"is_trial":true,"path_per_floor":["M","?","?","?","M","R","M","$","T","T","M","?","M","M","R","B",null,"M","M","?","?","M","R","?","M","T","M","M","$","E","M","R","B",null,"M","?","?","$","M","R","E","R","T","M","M","$","E","M","R","B",null],"character_chosen":"THE_CURSED","items_purchased":["Blue Candle","Master of Strategy","TheCursedMod:SurpriseAttack","Lizard Tail"],"campfire_rested":2,"item_purchase_floors":[8,29,29,46],"current_hp_per_floor":[75,75,75,85,85,85,85,85,85,85,85,91,90,90,90,90,91,88,87,86,92,90,90,90,90,90,90,89,89,89,89,89,85,103,102,102,108,108,108,108,81,109,109,104,104,104,97,94,109,97],"gold":96,"neow_bonus":"","is_daily":false,"chose_seed":false,"campfire_upgraded":5,"win_rate":0.0,"timestamp":1610560807,"path_taken":["M","?","?","?","?","R","M","?","T","?","M","?","M","M","R","BOSS","M","M","?","?","M","R","?","M","T","?","M","?","E","M","R","BOSS","M","?","?","$","?","R","E","R","T","M","M","$","E","M","R","BOSS"],"items_purchased_type":["Relic","Card","Card","Relic"],"build_version":"2020-12-22","purchased_purges":1,"victory":true,"max_hp_per_floor":[75,75,75,85,85,85,85,85,85,85,85,91,91,91,91,91,91,91,91,91,97,97,97,97,97,97,97,97,97,97,97,97,97,103,103,103,109,109,109,109,109,109,109,109,109,109,109,109,109,109],"card_choices":[{"not_picked":["TheCursedMod:WearCloak","TheCursedMod:TacticalStrike","TheCursedMod:CursedAmulet"],"picked":"SKIP","floor":1},{"not_picked":["TheCursedMod:SpitefulStrike","TheCursedMod:Hemoplague"],"picked":"TheCursedMod:CursedSpellbook","floor":5},{"not_picked":["TheCursedMod:CircleOfWindfury","TheCursedMod:CursedMace","TheCursedMod:CursedBlade"],"picked":"SKIP","floor":7},{"not_picked":["TheCursedMod:CursedSpellbook","TheCursedMod:CursedShiv"],"picked":"TheCursedMod:EmpowerCircles","floor":11},{"not_picked":["TheCursedMod:LuckyCharm","TheCursedMod:BlessingInDisguise","TheCursedMod:RapidMovement"],"picked":"SKIP","floor":13},{"not_picked":["TheCursedMod:DarkBarrier","TheCursedMod:RapidMovement","TheCursedMod:CursedStaff"],"picked":"SKIP","floor":14},{"not_picked":["TheCursedMod:WearCloak","TheCursedMod:SmokeScreen","TheCursedMod:LuckyCharm+1"],"picked":"SKIP","floor":18},{"not_picked":["TheCursedMod:RavingStaff","TheCursedMod:ReleasedKnowledge","TheCursedMod:CursedShiv"],"picked":"SKIP","floor":19},{"not_picked":["TheCursedMod:CursedShiv","TheCursedMod:FuryStrike+1","TheCursedMod:Evocation"],"picked":"SKIP","floor":22},{"not_picked":["TheCursedMod:CircleOfFocus","TheCursedMod:FleshFromBone","TheCursedMod:Obscuration"],"picked":"SKIP","floor":25},{"not_picked":["TheCursedMod:CircleOfFocus","TheCursedMod:CursedArmor","TheCursedMod:Torture"],"picked":"SKIP","floor":27},{"not_picked":["TheCursedMod:TacticalStrike","TheCursedMod:RapidMovement","TheCursedMod:WearCloak"],"picked":"SKIP","floor":28},{"not_picked":["TheCursedMod:ReleasedStrength","TheCursedMod:SpitefulPray"],"picked":"TheCursedMod:TroublousMinions","floor":30},{"not_picked":["TheCursedMod:CursedArmor","TheCursedMod:Neurasthenia","TheCursedMod:ManaBullet"],"picked":"SKIP","floor":31},{"not_picked":["TheCursedMod:Obscuration","TheCursedMod:Hemoplague+1","TheCursedMod:CursedBlade+1"],"picked":"SKIP","floor":31},{"not_picked":["TheCursedMod:DemonSword","TheCursedMod:CollectTribute"],"picked":"TheCursedMod:CircleOfAbyss","floor":33},{"not_picked":["TheCursedMod:FleshFromBone+1","TheCursedMod:SpitefulStrike+1","TheCursedMod:SmokeScreen"],"picked":"SKIP","floor":35},{"not_picked":["TheCursedMod:CircleOfFlame","TheCursedMod:SmokeScreen","TheCursedMod:Stretching+1"],"picked":"SKIP","floor":35},{"not_picked":["TheCursedMod:AntiAging","TheCursedMod:TacticalStrike+1","TheCursedMod:CursedArmor"],"picked":"SKIP","floor":39},{"not_picked":["TheCursedMod:Wield","TheCursedMod:CursedShiv","TheCursedMod:CircleOfFlame"],"picked":"SKIP","floor":39},{"not_picked":["TheCursedMod:Hemoplague+1","TheCursedMod:CursedBlade"],"picked":"TheCursedMod:NeowsMight","floor":41},{"not_picked":["TheCursedMod:CursedBlade+1","TheCursedMod:CursedAmulet+1","TheCursedMod:ManaBullet+1"],"picked":"SKIP","floor":44},{"not_picked":["TheCursedMod:TacticalStrike+1","TheCursedMod:CursedBlade","TheCursedMod:CircleOfFlame+1"],"picked":"SKIP","floor":44},{"not_picked":["TheCursedMod:AshesToAshes","TheCursedMod:CursedShiv"],"picked":"TheCursedMod:CircleOfCorruption+1","floor":45},{"not_picked":["TheCursedMod:HellsGateOpen","TheCursedMod:Wield+1","TheCursedMod:CursedBlade"],"picked":"SKIP","floor":45},{"not_picked":["TheCursedMod:ReleasedKnowledge","TheCursedMod:HellsGateOpen","TheCursedMod:Wield"],"picked":"SKIP","floor":47},{"not_picked":["TheCursedMod:VoidForm","TheCursedMod:CursedShiv+1","TheCursedMod:SpreadPlague","TheCursedMod:Evocation"],"picked":"SKIP","floor":48},{"not_picked":["TheCursedMod:RavingStaff+1","TheCursedMod:CircleOfAmplification+1","TheCursedMod:Torture+1","TheCursedMod:AshesToAshes+1"],"picked":"SKIP","floor":48}],"player_experience":370545,"relics_obtained":[{"floor":9,"key":"Mercury Hourglass"},{"floor":10,"key":"TheCursedMod:BloodyHarpoon"},{"floor":20,"key":"Red Mask"},{"floor":26,"key":"Ancient Tea Set"},{"floor":30,"key":"Prayer Wheel"},{"floor":34,"key":"PreservedInsect"},{"floor":34,"key":"aspiration:SeaSaltIceCream"},{"floor":34,"key":"champ:DeflectingBracers"},{"floor":41,"key":"aspiration:FrozenJewel"},{"floor":43,"key":"TheCursedMod:DemonicMark"},{"floor":47,"key":"Question Card"}],"event_choices":[{"damage_healed":0,"gold_gain":175,"player_choice":"AGREE","damage_taken":0,"max_hp_gain":0,"max_hp_loss":0,"event_name":"Liars Game","floor":2,"gold_loss":0,"cards_obtained":["Doubt"]},{"cards_removed":["Doubt"],"damage_healed":0,"gold_gain":0,"player_choice":"Card Removal","damage_taken":0,"max_hp_gain":0,"max_hp_loss":0,"event_name":"The Cleric","floor":3,"gold_loss":50},{"damage_healed":0,"gold_gain":0,"player_choice":"Got Potions","damage_taken":0,"max_hp_gain":0,"max_hp_loss":0,"event_name":"Lab","floor":4,"gold_loss":0},{"damage_healed":0,"gold_gain":0,"player_choice":"Box","damage_taken":0,"relics_obtained":["Darkstone Periapt"],"max_hp_gain":0,"max_hp_loss":0,"event_name":"Big Fish","floor":12,"gold_loss":0,"cards_obtained":["Regret"]},{"damage_healed":0,"gold_gain":0,"player_choice":"Fought Bandits","damage_taken":0,"max_hp_gain":0,"max_hp_loss":0,"event_name":"Masked Bandits","floor":20,"gold_loss":0},{"cards_removed":["Regret"],"damage_healed":0,"gold_gain":0,"player_choice":"Purged","damage_taken":0,"max_hp_gain":0,"max_hp_loss":0,"event_name":"Purifier","floor":24,"gold_loss":0},{"cards_removed":["TheCursedMod:SurpriseAttack"],"damage_healed":0,"gold_gain":0,"player_choice":"Removed Attack","damage_taken":0,"max_hp_gain":0,"max_hp_loss":0,"event_name":"Falling","floor":36,"gold_loss":0},{"damage_healed":0,"gold_gain":0,"player_choice":"Rummage","damage_taken":0,"relics_obtained":["WarpedTongs"],"max_hp_gain":0,"max_hp_loss":0,"event_name":"Accursed Blacksmith","floor":37,"gold_loss":0,"cards_obtained":["Pain"]}],"is_beta":false,"boss_relics":[{"not_picked":["Busted Crown","Ectoplasm"],"picked":"Sozu"},{"not_picked":["Black Star","Snecko Eye"],"picked":"Calling Bell"}],"items_purged_floors":[38],"is_endless":false,"potions_floor_spawned":[7,11,13,14,22,27,28,30,31,35,39,45,47,48],"ascension_level":0}}