{"host":"swphzoo6hmc78epl","time":1610511081,"event":{"mods":["BaseMod","Highlight Path","Minty Spire (QoL Compilation)","Quick Restart"],"gold_per_floor":[115,126,146,156,256,266,281,281,281,296,296,314,314,345,345,440,440,460,476,496,284,284,314,314,314,361,286,306,206,220,239,239,239,239],"floor_reached":33,"language":"ENG","playtime":2437,"items_purged":["Strike_B","Strike_B"],"score":287,"play_id":"cf5472f0-1043-419d-b727-82a1b7763613","local_time":"20210112231121","is_ascension_mode":true,"campfire_choices":[{"data":"Echo Form","floor":8,"key":"SMITH"},{"floor":11,"key":"DIG"},{"floor":13,"key":"DIG"},{"floor":15,"key":"DIG"},{"floor":24,"key":"REST"},{"floor":25,"key":"DIG"},{"data":"Meteor Strike","floor":32,"key":"SMITH"}],"circlet_count":0,"master_deck":["Defend_B","Defend_B","Defend_B","Defend_B","Zap","Dualcast","Echo Form+1","Ball Lightning","Cold Snap","Sweeping Beam","Compile Driver","Streamline","Doom and Gloom","Melter","Turbo","Creative AI","Conserve Battery","Fusion","Leap+1","Meteor Strike+1","Cold Snap","Streamline+1"],"relics":["Cracked Core","Shovel","Bottled Flame","Ice Cream","WingedGreaves","Regal Pillow","Snecko Eye","Dream Catcher","Pen Nib","CeramicFish"],"acts_visited":["Exordium","TheCity"],"potions_floor_usage":[4,10,18,20,20,23,31],"damage_taken":[{"damage":0,"enemies":"Small Slimes","floor":1,"turns":3},{"damage":0,"enemies":"Cultist","floor":2,"turns":2},{"damage":5,"enemies":"2 Louse","floor":3,"turns":3},{"damage":5,"enemies":"2 Fungi Beasts","floor":4,"turns":3},{"damage":11,"enemies":"Large Slime","floor":6,"turns":4},{"damage":16,"enemies":"Lots of Slimes","floor":7,"turns":4},{"damage":9,"enemies":"Blue Slaver","floor":10,"turns":5},{"damage":10,"enemies":"2 Fungi Beasts","floor":12,"turns":3},{"damage":8,"enemies":"Lagavulin","floor":14,"turns":5},{"damage":10,"enemies":"Hexaghost","floor":16,"turns":9},{"damage":13,"enemies":"3 Byrds","floor":18,"turns":3},{"damage":0,"enemies":"Spheric Guardian","floor":19,"turns":2},{"damage":24,"enemies":"Snake Plant","floor":20,"turns":6},{"damage":23,"enemies":"Gremlin Leader","floor":23,"turns":5},{"damage":5,"enemies":"Snecko","floor":28,"turns":4},{"damage":19,"enemies":"Centurion and Healer","floor":30,"turns":3},{"damage":16,"enemies":"Snake Plant","floor":31,"turns":4},{"damage":35,"enemies":"Automaton","floor":33,"turns":6}],"seed_played":"-4174600946961522362","potions_obtained":[{"floor":2,"key":"FocusPotion"},{"floor":3,"key":"Weak Potion"},{"floor":6,"key":"SpeedPotion"},{"floor":12,"key":"Explosive Potion"},{"floor":14,"key":"EssenceOfDarkness"},{"floor":16,"key":"Dexterity Potion"},{"floor":19,"key":"EssenceOfSteel"},{"floor":28,"key":"EssenceOfSteel"}],"is_trial":false,"path_per_floor":["M","M","M","M","?","M","M","R","T","M","R","M","R","E","R","B",null,"M","M","M","$","?","E","R","R","T","?","M","$","M","M","R","B"],"character_chosen":"DEFECT","items_purchased":["Meteor Strike"],"campfire_rested":1,"item_purchase_floors":[21],"current_hp_per_floor":[75,75,70,65,65,54,38,38,38,29,29,19,19,11,11,1,75,62,62,38,38,38,15,52,52,52,52,47,47,28,12,12,0,0],"gold":239,"neow_bonus":"ONE_RANDOM_RARE_CARD","is_daily":false,"chose_seed":false,"campfire_upgraded":2,"win_rate":0.0,"timestamp":1610511081,"path_taken":["M","M","M","M","?","?","M","R","T","M","R","M","R","E","R","BOSS","M","?","M","$","?","E","R","R","T","?","M","$","M","M","R","BOSS"],"items_purchased_type":["Card"],"build_version":"2020-12-22","purchased_purges":2,"victory":false,"max_hp_per_floor":[75,75,75,75,75,75,75,75,75,75,75,75,75,75,75,75,75,75,75,75,75,75,75,75,75,75,75,75,75,75,75,75,75,75],"card_choices":[{"not_picked":["BootSequence","Steam"],"picked":"Ball Lightning","floor":1},{"not_picked":["Redo","Go for the Eyes"],"picked":"Cold Snap","floor":2},{"not_picked":["Steam Power","BootSequence"],"picked":"Sweeping Beam","floor":3},{"not_picked":["White Noise","Turbo"],"picked":"Compile Driver","floor":4},{"not_picked":["Meteor Strike","Beam Cell"],"picked":"Streamline","floor":6},{"not_picked":["Reinforced Body","Redo"],"picked":"Doom and Gloom","floor":7},{"not_picked":["Turbo","Rebound"],"picked":"Melter","floor":10},{"not_picked":["BootSequence","Genetic Algorithm","Redo"],"picked":"SKIP","floor":12},{"not_picked":["Compile Driver","Stack"],"picked":"Turbo","floor":14},{"not_picked":["Echo Form","Reboot"],"picked":"Creative AI","floor":16},{"not_picked":["Beam Cell+1","Blizzard"],"picked":"Conserve Battery","floor":18},{"not_picked":["Redo","Reprogram+1"],"picked":"Fusion","floor":19},{"not_picked":["Turbo","Gash"],"picked":"Leap+1","floor":20},{"not_picked":["Heatsinks","Melter","FTL"],"picked":"SKIP","floor":23},{"not_picked":["Leap+1","Gash"],"picked":"Cold Snap","floor":28},{"not_picked":["Genetic Algorithm","Steam","Sweeping Beam+1"],"picked":"SKIP","floor":30},{"not_picked":["Ball Lightning","Go for the Eyes"],"picked":"Streamline+1","floor":31}],"player_experience":759650,"relics_obtained":[{"floor":9,"key":"Shovel"},{"floor":11,"key":"Bottled Flame"},{"floor":13,"key":"Ice Cream"},{"floor":14,"key":"WingedGreaves"},{"floor":15,"key":"Regal Pillow"},{"floor":23,"key":"Dream Catcher"},{"floor":25,"key":"Pen Nib"},{"floor":26,"key":"CeramicFish"}],"event_choices":[{"damage_healed":0,"gold_gain":100,"player_choice":"Pray","damage_taken":0,"max_hp_gain":0,"max_hp_loss":0,"event_name":"Golden Shrine","floor":5,"gold_loss":0},{"cards_removed":["Strike_B"],"damage_healed":0,"gold_gain":0,"player_choice":"Elegance","damage_taken":0,"max_hp_gain":0,"max_hp_loss":0,"event_name":"Back to Basics","floor":22,"gold_loss":0},{"cards_removed":["Strike_B"],"damage_healed":0,"gold_gain":0,"player_choice":"Gave Gold","damage_taken":0,"max_hp_gain":0,"max_hp_loss":0,"event_name":"Beggar","floor":27,"gold_loss":75}],"is_beta":false,"boss_relics":[{"not_picked":["Runic Dome","Pandora\u0027s Box"],"picked":"Snecko Eye"}],"items_purged_floors":[21,29],"is_endless":false,"potions_floor_spawned":[2,3,6,12,14,16,19,28],"killed_by":"Automaton","ascension_level":1}}