{"host":"7l2t4psy44vpcd9q","time":1610560100,"event":{"mods":["AchievementEnabler","BaseMod","DeckTracker","Minty Spire (QoL Compilation)","SuperFastMode"],"gold_per_floor":[109,109,125,66,84,84,97,128,128,146,146,171,171,187,187,187,187],"floor_reached":16,"language":"KOR","playtime":555,"items_purged":[],"score":224,"play_id":"127a35b0-50fe-4d78-9a21-0b2fd443a45c","local_time":"20210114024820","is_ascension_mode":true,"campfire_choices":[{"data":"All Out Attack","floor":6,"key":"SMITH"},{"floor":15,"key":"REST"}],"circlet_count":0,"master_deck":["AscendersBane","Strike_G","Strike_G","Strike_G","Strike_G","Strike_G","Defend_G","Defend_G","Defend_G","Defend_G","Survivor","Neutralize","Dodge and Roll","Dagger Throw","Slice","All Out Attack+1","Dagger Throw","Grand Finale","Decay","Endless Agony","Backflip","Backflip","Leg Sweep"],"relics":["Cursed Key","Matryoshka","White Beast Statue"],"acts_visited":["Exordium"],"potions_floor_usage":[7,8,12,14,16],"damage_taken":[{"damage":3,"enemies":"Jaw Worm","floor":1,"turns":5},{"damage":0,"enemies":"Small Slimes","floor":3,"turns":4},{"damage":0,"enemies":"Cultist","floor":5,"turns":4},{"damage":0,"enemies":"Gremlin Gang","floor":7,"turns":2},{"damage":21,"enemies":"3 Sentries","floor":8,"turns":7},{"damage":1,"enemies":"Blue Slaver","floor":10,"turns":4},{"damage":26,"enemies":"Lagavulin","floor":12,"turns":6},{"damage":0,"enemies":"Looter","floor":14,"turns":2},{"damage":25,"enemies":"Hexaghost","floor":16,"turns":11}],"seed_played":"-7280825711154605546","potions_obtained":[{"floor":1,"key":"DistilledChaos"},{"floor":7,"key":"Fire Potion"},{"floor":8,"key":"GamblersBrew"},{"floor":12,"key":"CunningPotion"},{"floor":14,"key":"BlessingOfTheForge"}],"is_trial":false,"path_per_floor":["M","?","M","$","M","R","M","E","T","M","?","E","?","M","R","B"],"character_chosen":"THE_SILENT","items_purchased":["Slice"],"campfire_rested":1,"item_purchase_floors":[4],"current_hp_per_floor":[56,49,49,49,49,49,49,28,28,27,27,1,1,1,20,0,0],"gold":187,"neow_bonus":"BOSS_RELIC","is_daily":false,"chose_seed":false,"campfire_upgraded":1,"win_rate":0.0,"timestamp":1610560100,"path_taken":["M","?","M","$","M","R","M","E","T","M","?","E","?","M","R","BOSS"],"items_purchased_type":["Card"],"build_version":"2020-12-22","purchased_purges":0,"victory":false,"max_hp_per_floor":[66,66,66,66,66,66,66,66,66,66,66,66,66,66,66,66,66],"card_choices":[{"not_picked":["Accuracy","Concentrate"],"picked":"Dodge and Roll","floor":1},{"not_picked":["Deadly Poison","Backflip"],"picked":"Dagger Throw","floor":3},{"not_picked":["Sucker Punch","Quick Slash"],"picked":"All Out Attack","floor":5},{"not_picked":["Blade Dance","Prepared"],"picked":"Dagger Throw","floor":7},{"not_picked":["Backstab","Sucker Punch"],"picked":"Grand Finale","floor":8},{"not_picked":["Masterful Stab","Setup"],"picked":"Endless Agony","floor":10},{"not_picked":["Flying Knee","Expertise"],"picked":"Backflip","floor":12},{"not_picked":["Underhanded Strike","Outmaneuver"],"picked":"Leg Sweep","floor":14}],"player_experience":1236701,"relics_obtained":[{"floor":9,"key":"Matryoshka"},{"floor":12,"key":"White Beast Statue"}],"event_choices":[{"cards_removed":["Defend_G"],"damage_healed":0,"gold_gain":0,"player_choice":"Card Removal","damage_taken":7,"max_hp_gain":0,"max_hp_loss":0,"event_name":"Golden Wing","floor":2,"gold_loss":0},{"damage_healed":0,"gold_gain":0,"player_choice":"Ignored","damage_taken":0,"max_hp_gain":0,"max_hp_loss":0,"event_name":"Liars Game","floor":11,"gold_loss":0},{"damage_healed":0,"gold_gain":0,"player_choice":"1 cards matched","damage_taken":0,"max_hp_gain":0,"max_hp_loss":0,"event_name":"Match and Keep!","floor":13,"gold_loss":0,"cards_obtained":["Backflip"]}],"is_beta":false,"boss_relics":[],"items_purged_floors":[],"is_endless":false,"potions_floor_spawned":[1,7,8,12,14],"killed_by":"Hexaghost","ascension_level":20}}