{"host":"l60rmjjsfi0fipmi","time":1610569422,"event":{"mods":["BaseMod","Colored Map","DeckTracker","Hermit","Highlight Path","Jorbs\u0027s Wanderer Trilogy","Minty Spire (QoL Compilation)","StSLib","The Cursed"],"gold_per_floor":[117,117,131,142,142,142,180,180,180,180,199,276,307,151,151,275,275,260,23,47,47,68,68,112,37,92,105,105,32,66,78,90,102,102],"floor_reached":33,"language":"ENG","playtime":1400,"items_purged":["Strike_R"],"score":335,"play_id":"ced7bd6f-d6a1-42d5-9f3d-2adcb234d8b8","local_time":"20210113152342","is_ascension_mode":true,"campfire_choices":[{"data":"Anger","floor":6,"key":"SMITH"},{"data":"Cleave","floor":8,"key":"SMITH"},{"floor":15,"key":"REST"},{"floor":23,"key":"REST"},{"floor":28,"key":"REST"},{"floor":32,"key":"REST"}],"circlet_count":0,"master_deck":["Strike_R+1","Strike_R","Defend_R","Defend_R","Defend_R","Defend_R","Bash+1","Pommel Strike+1","Anger+1","Iron Wave","Cleave+1","Clothesline","Impervious","Reaper","Fire Breathing","Flex","Reckless Charge","Flame Barrier","Metallicize","Dropkick+1"],"relics":["Burning Blood","Red Skull","Bloody Idol","Champion Belt","Kunai","Juzu Bracelet","Empty Cage","PreservedInsect","Bottled Lightning","Pen Nib","MawBank"],"acts_visited":["Exordium","TheCity"],"potions_floor_usage":[27,30,33,33],"damage_taken":[{"damage":10,"enemies":"Small Slimes","floor":1,"turns":4},{"damage":1,"enemies":"Cultist","floor":3,"turns":3},{"damage":0,"enemies":"2 Louse","floor":4,"turns":3},{"damage":25,"enemies":"Lagavulin","floor":7,"turns":5},{"damage":10,"enemies":"Large Slime","floor":11,"turns":6},{"damage":13,"enemies":"3 Sentries","floor":13,"turns":4},{"damage":16,"enemies":"Hexaghost","floor":16,"turns":9},{"damage":19,"enemies":"2 Thieves","floor":18,"turns":4},{"damage":42,"enemies":"Shell Parasite","floor":20,"turns":8},{"damage":19,"enemies":"Snecko","floor":22,"turns":5},{"damage":37,"enemies":"Gremlin Leader","floor":24,"turns":6},{"damage":19,"enemies":"Snake Plant","floor":27,"turns":5},{"damage":46,"enemies":"Slavers","floor":30,"turns":5},{"damage":88,"enemies":"Collector","floor":33,"turns":7}],"seed_played":"327622418887967562","potions_obtained":[{"floor":3,"key":"Energy Potion"},{"floor":4,"key":"ElixirPotion"},{"floor":7,"key":"FearPotion"},{"floor":22,"key":"EssenceOfSteel"},{"floor":27,"key":"ColorlessPotion"},{"floor":30,"key":"AttackPotion"}],"is_trial":false,"path_per_floor":["M","?","M","M","?","R","E","R","T","?","M","?","E","$","R","B",null,"M","$","M","?","M","R","E","$","T","M","R","$","E","?","R","B"],"character_chosen":"IRONCLAD","items_purchased":["Impervious","Fire Breathing","PreservedInsect","Metallicize"],"campfire_rested":4,"item_purchase_floors":[14,19,19,29],"current_hp_per_floor":[76,76,80,80,74,74,55,55,55,40,36,36,29,29,51,41,74,64,64,35,35,29,51,33,33,33,24,46,46,27,27,54,0,0],"gold":102,"neow_bonus":"RANDOM_COMMON_RELIC","is_daily":false,"chose_seed":false,"campfire_upgraded":2,"win_rate":0.0,"timestamp":1610569422,"path_taken":["M","?","M","?","?","R","E","R","T","?","M","?","E","$","R","BOSS","M","$","M","?","M","R","E","$","T","M","R","$","E","?","R","BOSS"],"items_purchased_type":["Card","Card","Relic","Card"],"build_version":"2020-12-22","purchased_purges":1,"victory":false,"max_hp_per_floor":[80,80,80,80,74,74,74,74,74,74,74,74,74,74,74,74,74,74,74,74,74,74,74,74,74,74,74,74,74,74,74,74,74,74],"card_choices":[{"not_picked":["Searing Blow","Bloodletting"],"picked":"Pommel Strike","floor":1},{"not_picked":["Seeing Red","Twin Strike"],"picked":"Anger","floor":3},{"not_picked":["Body Slam","Headbutt"],"picked":"Iron Wave","floor":4},{"not_picked":["Thunderclap","Shrug It Off"],"picked":"Cleave","floor":7},{"not_picked":["Sever Soul","Perfected Strike","Flex"],"picked":"SKIP","floor":11},{"not_picked":["Rupture","Flex"],"picked":"Clothesline","floor":13},{"not_picked":["Immolate","Double Tap"],"picked":"Reaper","floor":16},{"not_picked":["Carnage","Havoc","Perfected Strike"],"picked":"SKIP","floor":18},{"not_picked":["Entrench","Heavy Blade"],"picked":"Flex","floor":20},{"not_picked":["Pummel+1","Rupture","Cleave"],"picked":"SKIP","floor":22},{"not_picked":["Inflame","True Grit"],"picked":"Reckless Charge","floor":24},{"not_picked":["Shockwave","Berserk"],"picked":"Flame Barrier","floor":27},{"not_picked":["Havoc","Fire Breathing"],"picked":"Dropkick+1","floor":30}],"player_experience":378456,"relics_obtained":[{"floor":7,"key":"Champion Belt"},{"floor":9,"key":"Kunai"},{"floor":13,"key":"Juzu Bracelet"},{"floor":24,"key":"Bottled Lightning"},{"floor":26,"key":"Pen Nib"},{"floor":30,"key":"MawBank"}],"event_choices":[{"damage_healed":0,"gold_gain":0,"player_choice":"Forge","damage_taken":0,"max_hp_gain":0,"max_hp_loss":0,"event_name":"Accursed Blacksmith","floor":2,"gold_loss":0,"cards_upgraded":["Pommel Strike"]},{"damage_healed":0,"gold_gain":0,"player_choice":"Lose Max HP","damage_taken":0,"relics_obtained":["Golden Idol"],"max_hp_gain":0,"max_hp_loss":6,"event_name":"Golden Idol","floor":5,"gold_loss":0},{"damage_healed":0,"gold_gain":0,"player_choice":"Entered Light","damage_taken":15,"max_hp_gain":0,"max_hp_loss":0,"event_name":"Shining Light","floor":10,"gold_loss":0,"cards_upgraded":["Strike_R","Bash"]},{"damage_healed":0,"gold_gain":77,"player_choice":"Gained Gold","damage_taken":0,"max_hp_gain":0,"max_hp_loss":0,"event_name":"Golden Wing","floor":12,"gold_loss":0},{"damage_healed":0,"gold_gain":0,"player_choice":"Ignored","damage_taken":0,"max_hp_gain":0,"max_hp_loss":0,"event_name":"N\u0027loth","floor":21,"gold_loss":0},{"damage_healed":0,"gold_gain":0,"player_choice":"Gave Idol","damage_taken":0,"relics_obtained":["Bloody Idol"],"max_hp_gain":0,"max_hp_loss":0,"event_name":"Forgotten Altar","floor":31,"relics_lost":["Golden Idol"],"gold_loss":0}],"is_beta":false,"boss_relics":[{"not_picked":["Cursed Key","Velvet Choker"],"picked":"Empty Cage"}],"items_purged_floors":[25],"is_endless":false,"potions_floor_spawned":[3,4,7,22,24,27,30],"killed_by":"Collector","ascension_level":3}}