{"host":"neshiy0twyn5josp","time":1610544187,"event":{"mods":["AchievementEnabler","Act Like it!","AlwaysNeverKeys","Aspiration","BaseMod","Better Note","Better Silent Start","Better Third Choice","Challenge The Spire","Colored Powertips","Conspire","Emptier Cage","Energized Spire","GifTheSpireLib","Hubris","Minty Spire (QoL Compilation)","Pale of the Ancients","Permanent Neow","Quick Restart","Rare Cards Sparkle","Replay The Spire","Reworked Bosses","StSLib","Stuff the Spire"],"gold_per_floor":[116,143,154,154,167,167,194,194,194,206,206,220,255,255,255,357,357,376,376,387,141,155,184,184,184,184,184,184,202,234,249,249,349,399,409,492,345,355,91,105,105,105,105,105,118,128,3,19,19,19,37,37,72,98,98,98,98],"floor_reached":56,"language":"ENG","playtime":5349,"items_purged":["Defend_G","Defend_G","Parasite"],"score":754,"play_id":"6f411949-34e0-48f1-86a5-25d0b64685b2","local_time":"20210113052307","is_ascension_mode":false,"campfire_choices":[{"data":"StuffTheSpire:Incursion","floor":6.0,"key":"SMITH"},{"data":"Neutralize","floor":8.0,"key":"SMITH"},{"data":"Blade Dance","floor":15.0,"key":"SMITH"},{"data":"hubris:Sniper","floor":25.0,"key":"SMITH"},{"data":"Dagger Throw","floor":27.0,"key":"SMITH"},{"data":"StuffTheSpire:DoubleShiv","floor":32.0,"key":"SMITH"},{"data":"StuffTheSpire:Incursion","floor":44,"key":"SMITH"},{"floor":49,"key":"RECALL"},{"data":"Armaments","floor":55,"key":"SMITH"}],"circlet_count":0,"master_deck":["Strike_G","Strike_G","Strike_G","Defend_G","Survivor+1","Neutralize+1","StuffTheSpire:Incursion+1","Dagger Spray","Blade Dance+1","hubris:Sniper+1","PiercingWail","Slice","Night Terror+1","Expertise+1","Prepared+1","Dagger Throw+1","Thunderclap","StuffTheSpire:Incursion+1","StuffTheSpire:DoubleShiv+1","StuffTheSpire:MirrorStance","Blade Dance+1","Accuracy","ReplayTheSpireMod:Shiv Toss","Panache","Storm of Steel","Outmaneuver+1","StuffTheSpire:DoubleShiv","Parasite","StuffTheSpire:Shiver","Armaments+1"],"relics":["Orichalcum","ReplayFunnel","Nunchaku","hubris:Potato","hubris:Icosahedron","Oddly Smooth Stone","Sizzling Blood","SlaversCollar","aspiration:HummingbirdHeart","Gremlin Horn","hubris:DisguiseKit","conspire:DeflatedDodgeball","Garlic","Tiny House","hubris:AncientText","Lantern","paleoftheancients:Timepiece","paleoftheancients:KeyRelic","Meat on the Bone","Ice Cream","aspiration:HiddenCompartment","StuffTheSpire:Gunfinga"],"acts_visited":["Exordium","TheCity","TheBeyond","TheBeyond"],"potions_floor_usage":[35,48,52,56],"damage_taken":[{"damage":3.0,"enemies":"Cultist","floor":1.0,"turns":4.0},{"damage":0.0,"enemies":"Jaw Worm","floor":3.0,"turns":3.0},{"damage":0.0,"enemies":"Small Slimes","floor":5.0,"turns":2.0},{"damage":20.0,"enemies":"Lagavulin","floor":7.0,"turns":5.0},{"damage":0.0,"enemies":"Looter","floor":10.0,"turns":3.0},{"damage":0.0,"enemies":"Exordium Wildlife","floor":12.0,"turns":3.0},{"damage":4.0,"enemies":"3 Sentries","floor":13.0,"turns":7.0},{"damage":32.0,"enemies":"The Guardian","floor":16.0,"turns":15.0},{"damage":7.0,"enemies":"3 Byrds","floor":18.0,"turns":4.0},{"damage":2.0,"enemies":"Shell Parasite","floor":20.0,"turns":8.0},{"damage":0.0,"enemies":"Snecko","floor":22.0,"turns":10.0},{"damage":18.0,"enemies":"Book of Stabbing","floor":23.0,"turns":5.0},{"damage":0.0,"enemies":"3 Cultists","floor":29.0,"turns":4.0},{"damage":0.0,"enemies":"Slavers","floor":30.0,"turns":5.0},{"damage":13.0,"enemies":"Chosen and Byrds","floor":31.0,"turns":7.0},{"damage":5.0,"enemies":"hubris:MusketHawk","floor":33.0,"turns":4.0},{"damage":0,"enemies":"3 Darklings","floor":35,"turns":5},{"damage":0,"enemies":"Orb Walker","floor":38,"turns":4},{"damage":7,"enemies":"Writhing Mass","floor":40,"turns":7},{"damage":0,"enemies":"Maw","floor":45,"turns":6},{"damage":12,"enemies":"Jaw Worm Horde","floor":46,"turns":4},{"damage":0,"enemies":"Writhing Mass","floor":48,"turns":7},{"damage":1,"enemies":"Replay:Hell Engine","floor":50,"turns":11},{"damage":19,"enemies":"Replay:Hell Engine","floor":51,"turns":9},{"damage":75,"enemies":"Replay:Hell Engine","floor":52,"turns":6},{"damage":0,"enemies":"conspire:MimicChest","floor":53,"turns":4},{"damage":84,"enemies":"conspire:MimicChest","floor":56,"turns":16}],"seed_played":"-6853632664183424523","potions_obtained":[{"floor":3.0,"key":"AttackPotion"},{"floor":5.0,"key":"Energy Potion"},{"floor":10.0,"key":"LifebloodPotion"},{"floor":22.0,"key":"FearPotion"},{"floor":24.0,"key":"CunningPotion"},{"floor":24.0,"key":"LiquidMemories"},{"floor":24.0,"key":"EntropicBrew"},{"floor":29.0,"key":"Weak Potion"},{"floor":31.0,"key":"Strength Potion"},{"floor":34,"key":"Explosive Potion"},{"floor":46,"key":"Adrenaline Potion"},{"floor":51,"key":"BlessingOfTheForge"},{"floor":53,"key":"Swift Potion"}],"is_trial":false,"path_per_floor":["M","T","M","?","M","R","E","R","T","M","?","M","E","?","R","B",null,"M","?","M","$","M","E","?","R","T","R","T","M","E","M","R","B",null,"M","?","$","M","$","M","?","?","T","R","M","M","$","M","R","B","M","M","?","T","R","M"],"character_chosen":"THE_SILENT","items_purchased":["aspiration:HummingbirdHeart","Accuracy","Panache"],"campfire_rested":0,"item_purchase_floors":[21,37,39],"current_hp_per_floor":[67,67,67,67,67,67,47,47,47,47,47,47,43,47,47,19,74,71,71,73,73,74,60,60,60,60,60,60,64,68,59,59,58,79,79,79,79,79,79,76,75,75,75,75,75,67,67,71,71,72,65,72,72,72,72,0,0],"gold":98,"neow_bonus":"RANDOM_COMMON_RELIC","is_daily":false,"chose_seed":false,"campfire_upgraded":8,"win_rate":0.0,"timestamp":1610544187,"path_taken":["M","?","M","?","?","R","E","R","T","M","?","M","E","?","R","BOSS","M","?","?","$","M","E","?","R","T","R","?","M","E","?","R","BOSS","M","?","$","M","$","M","?","?","T","R","?","M","$","M","R","BOSS","M","M","?","T","R","M"],"items_purchased_type":["Relic","Card","Card"],"build_version":"2020-12-22","purchased_purges":3,"victory":false,"max_hp_per_floor":[70,70,70,70,70,70,70,70,70,70,70,70,70,74,74,74,74,74,74,74,74,74,74,74,74,74,74,74,74,74,74,74,74,79,79,79,79,79,79,79,75,75,75,75,75,75,72,72,72,72,72,72,72,72,72,72,72],"card_choices":[{"not_picked":["Dagger Spray","Deadly Poison"],"picked":"StuffTheSpire:Incursion","floor":1.0},{"not_picked":["Poisoned Stab","Heel Hook"],"picked":"Dagger Spray","floor":3.0},{"not_picked":["hubris:SlightOfHand","Deflect"],"picked":"Blade Dance","floor":5.0},{"not_picked":["Deadly Poison","Reflex","Blur"],"picked":"SKIP","floor":7.0},{"not_picked":["Acrobatics","Hidden Blade"],"picked":"hubris:Sniper","floor":10.0},{"not_picked":["Poisoned Stab","Bane"],"picked":"PiercingWail","floor":12.0},{"not_picked":["Acrobatics","Sucker Punch"],"picked":"Slice","floor":13.0},{"not_picked":["Atom Bomb","Malaise"],"picked":"Night Terror","floor":16.0},{"not_picked":["Bane","Dagger Spray","Deadly Poison"],"picked":"SKIP","floor":18.0},{"not_picked":["StuffTheSpire:BrimstoneBlast","Toxin Wave"],"picked":"Expertise+1","floor":20.0},{"not_picked":["Sucker Punch","Hidden Blade"],"picked":"Prepared+1","floor":22.0},{"not_picked":["Slice+1","Toxin Wave"],"picked":"Dagger Throw","floor":23.0},{"not_picked":["StuffTheSpire:ClusterCrunch","Toxin Wave","Footwork"],"picked":"Thunderclap","floor":29.0},{"not_picked":["Malaise","Underhanded Strike","Run Through"],"picked":"StuffTheSpire:Incursion","floor":30.0},{"not_picked":["Draining Mist","Underhanded Strike","Blood for Blood"],"picked":"StuffTheSpire:DoubleShiv","floor":31.0},{"not_picked":["Acrobatics","ReplayTheSpireMod:Speed Training","StuffTheSpire:Slingshot"],"picked":"StuffTheSpire:MirrorStance","floor":35},{"not_picked":["Deadly Poison","Noxious Fumes","Perfected Strike"],"picked":"Blade Dance+1","floor":36},{"not_picked":["Dagger Spray","Deflect","Abandon"],"picked":"ReplayTheSpireMod:Shiv Toss","floor":38},{"not_picked":["Poisoned Stab","StuffTheSpire:Injection+1","Iron Wave"],"picked":"Storm of Steel","floor":40},{"not_picked":["Fluid Movement+1","Masterful Stab","ReplayTheSpireMod:Limb From Limb"],"picked":"Outmaneuver+1","floor":45},{"not_picked":["Cloak And Dagger","ReplayTheSpireMod:Tripwire+1","Warcry"],"picked":"StuffTheSpire:DoubleShiv","floor":46},{"not_picked":["Dagger Spray+1","Flying Knee","Heavy Blade"],"picked":"StuffTheSpire:Shiver","floor":48},{"not_picked":["StuffTheSpire:Repulse","Eviscerate+1","ReplayTheSpireMod:The Works+1"],"picked":"Armaments","floor":51}],"player_experience":280660,"relics_obtained":[{"floor":2.0,"key":"ReplayFunnel"},{"floor":7.0,"key":"Nunchaku"},{"floor":9.0,"key":"hubris:Potato"},{"floor":13.0,"key":"Oddly Smooth Stone"},{"floor":23.0,"key":"Gremlin Horn"},{"floor":26.0,"key":"hubris:DisguiseKit"},{"floor":28.0,"key":"conspire:DeflatedDodgeball"},{"floor":30.0,"key":"Garlic"},{"floor":36,"key":"hubris:AncientText"},{"floor":43,"key":"Lantern"},{"floor":53,"key":"aspiration:HiddenCompartment"},{"floor":54,"key":"StuffTheSpire:Gunfinga"}],"event_choices":[{"cards_removed":["Defend_G"],"damage_healed":0.0,"max_hp_gain":0.0,"max_hp_loss":0.0,"gold_gain":0.0,"event_name":"Purifier","player_choice":"Purged","floor":4.0,"gold_loss":0.0,"damage_taken":0.0},{"damage_healed":0.0,"max_hp_gain":0.0,"max_hp_loss":0.0,"gold_gain":0.0,"event_name":"Accursed Blacksmith","player_choice":"Forge","floor":19.0,"gold_loss":0.0,"damage_taken":0.0,"cards_upgraded":["Night Terror"]},{"damage_healed":0.0,"max_hp_gain":0.0,"max_hp_loss":0.0,"gold_gain":0.0,"event_name":"Lab","player_choice":"Got Potions","floor":24.0,"gold_loss":0.0,"damage_taken":0.0},{"damage_healed":0,"gold_gain":0,"player_choice":"Max HP","damage_taken":0,"max_hp_gain":0,"max_hp_loss":4,"event_name":"Winding Halls","floor":41,"gold_loss":0},{"cards_removed":["Strike_G"],"damage_healed":0,"gold_gain":0,"player_choice":"Removed Attack","damage_taken":0,"max_hp_gain":0,"max_hp_loss":0,"event_name":"Falling","floor":42,"gold_loss":0}],"is_beta":false,"boss_relics":[{"not_picked":["aspiration:FutureDiary","StuffTheSpire:ModemDavis"],"picked":"SlaversCollar"},{"not_picked":["Runic Dome","energizedSpire:PogoStick"],"picked":"Tiny House"}],"items_purged_floors":[37,39,47],"is_endless":false,"potions_floor_spawned":[3,5,10,22,29,31,46,51,53],"killed_by":"conspire:MimicChest","ascension_level":0}}