{"host":"3x36qx7z3zqcvkt0","time":1610539219,"event":{"mods":["Act Like it!","Arknights The Spire","BaseMod","Colored Map","Colored Powertips","Downfall","Friendly Minions","Gensokyo","Koishi","LagranYue(拉格朗・月)","Marisa（F雨　魔理沙）","Minty Spire (QoL Compilation)","Prisma Mod","Replay The Spire","Shop Mod","StSLib","The Cursed","The Servant 0.9.4","Yuyuko","【功能Mod】聪明的最终Boss"],"gold_per_floor":[110,385,401,150,79,131,159,159,159,159,159,188,363,376,376,376,376,376,376],"floor_reached":18,"language":"ZHS","playtime":1043,"items_purged":["Regret"],"score":141,"play_id":"3c0312d7-9b22-4b9c-a9f4-0105e391cba3","local_time":"20210113200019","is_ascension_mode":false,"campfire_choices":[{"floor":10,"key":"RECALL"},{"data":"ats:Support Order","floor":15,"key":"SMITH"},{"floor":17,"key":"REST"}],"circlet_count":0,"master_deck":["ats:Strike C","ats:Strike G","ats:Strike S","ats:Strike V","ats:Armor Crushing Shot","ats:Defend","ats:Defend","ats:Defend","ats:Defend","ats:Emotion Absorption","ats:Consecutive Shot Auto","ats:Explosion Area Strengthen","ats:Song Of Battle","ats:Poison Spread","ats:Shell Defense","ats:Cat Scratch","ats:Hook Shot","ats:Support Order+1","ats:Dogmatic Field","Doubt","CommonCold"],"relics":["ats:Sanity","LagranYue:RandomDrawCardRelic","NeowsBlessing","Potion Belt","ats:Originium","Pear","Bag of Marbles","Ring of Hypnosis"],"acts_visited":["Exordium"],"potions_floor_usage":[],"damage_taken":[{"damage":0,"enemies":"Cultist","floor":1,"turns":1},{"damage":0,"enemies":"2 Louse","floor":3,"turns":1},{"damage":0,"enemies":"Gremlin Nob","floor":7,"turns":1},{"damage":37,"enemies":"3 Sentries","floor":12,"turns":10},{"damage":25,"enemies":"Jaw Worm","floor":14,"turns":4},{"damage":98,"enemies":"Slime Boss","floor":18,"turns":13}],"seed_played":"-6595647795315975030","potions_obtained":[],"is_trial":false,"path_per_floor":["M","?","M","$","$","T","E","PTL","PTL","R","T","E","?","M","R","?","R","B"],"character_chosen":"DOCTOR_CLASS","items_purchased":["ats:Song Of Battle","ats:Poison Spread","ats:Shell Defense","ats:Cat Scratch","ats:Hook Shot"],"campfire_rested":1,"item_purchase_floors":[4,4,4,4,5],"current_hp_per_floor":[72,72,72,72,72,72,82,82,82,82,82,48,48,36,36,36,60,0,0],"gold":376,"neow_bonus":"THREE_ENEMY_KILL","is_daily":false,"chose_seed":false,"campfire_upgraded":1,"win_rate":0.0,"timestamp":1610539219,"path_taken":["M","?","?","?","$","?","E","PTL","PTL","R","T","E","?","M","R","?","R","BOSS"],"items_purchased_type":["Card","Card","Card","Card","Card"],"build_version":"2020-12-22","purchased_purges":1,"victory":false,"max_hp_per_floor":[72,72,72,72,72,72,82,82,82,82,82,82,82,82,82,82,82,82,82],"card_choices":[{"not_picked":["ats:Childhood Dance","ats:Curse Doll"],"picked":"ats:Consecutive Shot Auto","floor":1},{"not_picked":["ats:Revitalization","ats:Consecutive Shot Auto"],"picked":"ats:Explosion Area Strengthen","floor":3},{"not_picked":["ats:Childhood Dance","ats:Explosion Area Strengthen"],"picked":"ats:Support Order","floor":7},{"not_picked":["ats:Ignite","ats:Fractured Body"],"picked":"ats:Dogmatic Field","floor":12},{"not_picked":["ats:Revitalization","ats:Ignite","ats:Cat Scratch"],"picked":"SKIP","floor":14}],"player_experience":264608,"relics_obtained":[{"floor":6,"key":"Potion Belt"},{"floor":7,"key":"ats:Originium"},{"floor":7,"key":"Pear"},{"floor":12,"key":"ats:Originium"},{"floor":12,"key":"Bag of Marbles"},{"floor":16,"key":"Ring of Hypnosis"}],"event_choices":[{"damage_healed":0,"gold_gain":275,"player_choice":"Desecrate","damage_taken":0,"max_hp_gain":0,"max_hp_loss":0,"event_name":"Golden Shrine","floor":2,"gold_loss":0,"cards_obtained":["Regret"]},{"damage_healed":0,"gold_gain":175,"player_choice":"AGREE","damage_taken":0,"max_hp_gain":0,"max_hp_loss":0,"event_name":"Liars Game","floor":13,"gold_loss":0,"cards_obtained":["Doubt"]}],"is_beta":false,"boss_relics":[],"items_purged_floors":[4],"is_endless":false,"potions_floor_spawned":[],"killed_by":"Slime Boss","ascension_level":0}}