{"host":"cf32014d19ld5mat","time":1610559089,"event":{"mods":["AchievementEnabler","BaseMod","Block Reminder","Minty Spire (QoL Compilation)","Random Character Button","Relic Stats","StSLib"],"gold_per_floor":[19,35,35,50,50,50,85,101,127,139,185,210,222,222],"floor_reached":13,"language":"ENG","playtime":427,"items_purged":[],"score":143,"play_id":"1f493480-6413-49f5-af11-da2c522f1c7a","local_time":"20210113173129","is_ascension_mode":true,"campfire_choices":[{"data":"Blasphemy","floor":6,"key":"SMITH"},{"data":"Vigilance","floor":10,"key":"SMITH"}],"circlet_count":0,"master_deck":["AscendersBane","Strike_P","Strike_P","Strike_P","Strike_P","Defend_P","Defend_P","Defend_P","Eruption","Vigilance+1","Blasphemy+1","FollowUp","DeceiveReality","SashWhip","Devotion","ThirdEye","Consecrate","ClearTheMind"],"relics":["PureWater","Golden Idol","Akabeko","MawBank","Centennial Puzzle"],"acts_visited":["Exordium"],"potions_floor_usage":[11,12],"damage_taken":[{"damage":0,"enemies":"Jaw Worm","floor":1,"turns":3},{"damage":0,"enemies":"2 Louse","floor":2,"turns":2},{"damage":0,"enemies":"Cultist","floor":4,"turns":2},{"damage":47,"enemies":"3 Sentries","floor":7,"turns":11},{"damage":0,"enemies":"3 Louse","floor":8,"turns":2},{"damage":28,"enemies":"Gremlin Nob","floor":11,"turns":5},{"damage":0,"enemies":"Exordium Thugs","floor":12,"turns":1},{"damage":0,"enemies":"Lagavulin","floor":13,"turns":3}],"seed_played":"667532771609271411","potions_obtained":[{"floor":7,"key":"DuplicationPotion"},{"floor":8,"key":"Regen Potion"}],"is_trial":false,"path_per_floor":["M","M","?","M","?","R","E","M","T","R","E","M","E"],"character_chosen":"WATCHER","items_purchased":[],"campfire_rested":0,"item_purchase_floors":[],"current_hp_per_floor":[65,65,65,65,65,65,18,18,18,18,4,4,4,4],"gold":222,"neow_bonus":"THREE_RARE_CARDS","is_daily":false,"chose_seed":false,"campfire_upgraded":2,"win_rate":0.0,"timestamp":1610559089,"path_taken":["M","M","?","M","?","R","E","M","T","R","E","M","E"],"items_purchased_type":[],"build_version":"2020-12-22","purchased_purges":0,"victory":false,"max_hp_per_floor":[72,72,67,67,67,67,67,67,67,67,67,67,67,67],"relic_stats":{"Centennial Puzzle":[0],"counters":[8,29],"Golden Idol":23,"MawBank":48,"obtain_stats":[{"Centennial Puzzle":11,"Golden Idol":3,"PureWater":0,"MawBank":9,"Akabeko":7},{"Centennial Puzzle":6,"Golden Idol":2,"PureWater":0,"MawBank":5,"Akabeko":4},{"Centennial Puzzle":25,"Golden Idol":5,"PureWater":0,"MawBank":20,"Akabeko":18}]},"card_choices":[{"not_picked":["Ragnarok","Scrawl"],"picked":"Blasphemy","floor":0},{"not_picked":["EmptyFist","EmptyBody"],"picked":"FollowUp","floor":1},{"not_picked":["ClearTheMind","FollowUp"],"picked":"DeceiveReality","floor":2},{"not_picked":["Vengeance","FlyingSleeves"],"picked":"SashWhip","floor":4},{"not_picked":["WreathOfFlame","Fasting2","ReachHeaven"],"picked":"SKIP","floor":7},{"not_picked":["Swivel","ReachHeaven"],"picked":"ThirdEye","floor":8},{"not_picked":["MentalFortress","SashWhip"],"picked":"Consecrate","floor":11},{"not_picked":["LikeWater","Vengeance"],"picked":"ClearTheMind","floor":12}],"player_experience":967390,"relics_obtained":[{"floor":7,"key":"Akabeko"},{"floor":9,"key":"MawBank"},{"floor":11,"key":"Centennial Puzzle"}],"event_choices":[{"damage_healed":0,"gold_gain":0,"player_choice":"Lose Max HP","damage_taken":0,"relics_obtained":["Golden Idol"],"max_hp_gain":0,"max_hp_loss":5,"event_name":"Golden Idol","floor":3,"gold_loss":0},{"damage_healed":0,"gold_gain":0,"cards_transformed":["Defend_P"],"player_choice":"Transformed","damage_taken":0,"max_hp_gain":0,"max_hp_loss":0,"event_name":"Transmorgrifier","floor":5,"gold_loss":0,"cards_obtained":["Devotion"]}],"is_beta":false,"boss_relics":[],"items_purged_floors":[],"is_endless":false,"potions_floor_spawned":[7,8],"killed_by":"Lagavulin","ascension_level":10}}