{"host":"zzf13dk0jcen0ncv","time":1610523838,"event":{"mods":["AchievementEnabler","BaseMod","BetterRewards","Colored Map","Keyboard Shortcuts","Minty Spire (QoL Compilation)","Quick Restart","Shop Mod","StSLib","SuperFastMode","The Dragon Tamer","Waifu the Spire"],"gold_per_floor":[115,190,202,222,236,263,279,279,304,324,4,4,22,9,9,100,112,140,152,17,38,38,75,94,138,138,138,179,179,13,57,57,142,169,195,144,153,168,192,226,226,237,237,272,126,170,170,170,170,170,170,170,170,18,57,57],"floor_reached":57,"language":"KOR","playtime":1753,"items_purged":["Strike_B","Strike_B","Strike_B"],"score":4182,"play_id":"279e9097-226d-4acf-9786-7aad2c15ec99","local_time":"20210113164358","is_ascension_mode":true,"campfire_choices":[{"floor":8,"key":"DIG"},{"floor":15,"key":"DIG"},{"floor":27,"key":"DIG"},{"floor":29,"key":"DIG"},{"floor":32,"key":"DIG"},{"floor":41,"key":"DIG"},{"floor":47,"key":"RECALL"},{"floor":49,"key":"DIG"},{"floor":53,"key":"DIG"}],"circlet_count":0,"master_deck":["AscendersBane","Defend_B","Zap","Dualcast","Heatsinks","Chill","Self Repair","Redo+1","Force Field+1","Capacitor","Fusion+1","Heatsinks","Hologram+1","Loop","Redo+1","Redo+1","Turbo+1","Reinforced Body+1","Storm","Creative AI","Steam Power+1","Seek+1","Double Energy+1","Thunder Strike+1","White Noise+1","Rainbow+1","Static Discharge","Cold Snap+1","Conserve Battery+1","Biased Cognition","Storm","Amplify+1","Defragment","Undo+1","Static Discharge","White Noise+1","Rainbow+1","Machine Learning","Blizzard+1","Reboot+1","Darkness+1","Tempest+1","Aggregate+1","Panacea+1","Loop","Deep Breath+1","Heatsinks","Amplify+1","Undo+1","Dark Shackles+1","Reboot+1","Chill+1","Glacier+1","Steam Power+1","Biased Cognition"],"relics":["Cracked Core","ClockworkSouvenir","Bronze Scales","Pear","Toxic Egg 2","Mango","Membership Card","Ancient Tea Set","Pantograph","Chemical X","Turnip","Shovel","White Beast Statue","Sling","Molten Egg 2","Pen Nib","Strawberry","Mummified Hand","Orrery","MealTicket","MawBank","Nuclear Battery","CeramicFish","Torii","Blue Candle","Cables","Regal Pillow","TungstenRod","Art of War","TheAbacus","Happy Flower","Matryoshka","Anchor","Astrolabe","Blood Vial","Lantern","Akabeko","Vajra","Dream Catcher","Dead Branch","DollysMirror","Nunchaku","Bag of Preparation","Sundial","Toolbox","Lizard Tail"],"acts_visited":["Exordium","TheCity","TheBeyond","TheEnding"],"potions_floor_usage":[13,25,40,56,56],"damage_taken":[{"damage":7,"enemies":"2 Louse","floor":1,"turns":3},{"damage":4,"enemies":"Small Slimes","floor":3,"turns":4},{"damage":0,"enemies":"Cultist","floor":4,"turns":4},{"damage":12,"enemies":"2 Fungi Beasts","floor":5,"turns":6},{"damage":49,"enemies":"Gremlin Nob","floor":6,"turns":6},{"damage":11,"enemies":"Exordium Wildlife","floor":7,"turns":4},{"damage":27,"enemies":"Gremlin Gang","floor":10,"turns":3},{"damage":0,"enemies":"3 Louse","floor":13,"turns":1},{"damage":0,"enemies":"Hexaghost","floor":16,"turns":7},{"damage":0,"enemies":"Chosen","floor":18,"turns":3},{"damage":0,"enemies":"Spheric Guardian","floor":21,"turns":1},{"damage":24,"enemies":"Book of Stabbing","floor":23,"turns":3},{"damage":0,"enemies":"Snecko","floor":24,"turns":2},{"damage":29,"enemies":"Slavers","floor":25,"turns":3},{"damage":22,"enemies":"Book of Stabbing","floor":28,"turns":4},{"damage":0,"enemies":"Slavers","floor":31,"turns":2},{"damage":0,"enemies":"Champ","floor":33,"turns":3},{"damage":0,"enemies":"3 Darklings","floor":35,"turns":2},{"damage":15,"enemies":"Orb Walker","floor":38,"turns":3},{"damage":62,"enemies":"Reptomancer","floor":40,"turns":3},{"damage":0,"enemies":"Spire Growth","floor":42,"turns":2},{"damage":0,"enemies":"Nemesis","floor":44,"turns":5},{"damage":0,"enemies":"Giant Head","floor":46,"turns":3},{"damage":0,"enemies":"Donu and Deca","floor":50,"turns":2},{"damage":0,"enemies":"Awakened One","floor":51,"turns":2},{"damage":0,"enemies":"Shield and Spear","floor":55,"turns":1},{"damage":30,"enemies":"The Heart","floor":56,"turns":5}],"seed_played":"-8339734628643132741","potions_obtained":[{"floor":1,"key":"Block Potion"},{"floor":3,"key":"SteroidPotion"},{"floor":5,"key":"BlessingOfTheForge"},{"floor":6,"key":"SkillPotion"},{"floor":7,"key":"Block Potion"},{"floor":10,"key":"AttackPotion"},{"floor":13,"key":"PotionOfCapacity"},{"floor":16,"key":"Explosive Potion"},{"floor":18,"key":"LiquidMemories"},{"floor":25,"key":"Strength Potion"},{"floor":28,"key":"Swift Potion"},{"floor":40,"key":"FocusPotion"},{"floor":55,"key":"CultistPotion"}],"is_trial":false,"path_per_floor":["M","?","M","M","M","E","M","R","T","M","$","?","M","$","R","B",null,"M","?","$","M","$","E","M","E","T","R","E","R","$","E","R","B",null,"M","$","?","M","T","E","R","M","T","E","$","E","R","?","R","B","B",null,"R","$","E","B",null],"character_chosen":"DEFECT","items_purchased":["Heatsinks","ClockworkSouvenir","Bronze Scales","Pear","Chill","Toxic Egg 2","Self Repair","Redo+1","Force Field+1","Mango","Membership Card","Ancient Tea Set","Pantograph","Capacitor","Fusion+1","Chemical X","Turnip","Shovel","Heatsinks","Hologram+1","White Beast Statue","Loop","Sling","Redo+1","Redo+1","Mummified Hand","Orrery","Static Discharge","Conserve Battery+1","CeramicFish","Amplify+1","Defragment","TheAbacus","Happy Flower","Panacea+1","Loop","Undo+1","Dark Shackles+1","DollysMirror","Glacier+1","Steam Power+1","Toolbox"],"campfire_rested":0,"item_purchase_floors":[0,0,0,0,0,0,0,0,0,0,0,0,0,0,0,0,0,0,0,0,0,0,0,0,0,11,11,11,14,20,20,20,30,30,36,36,45,45,45,54,54,54],"current_hp_per_floor":[88,77,80,87,82,40,36,36,43,23,23,5,5,20,20,52,90,90,90,102,102,102,78,78,56,56,56,34,34,49,63,63,88,99,99,102,93,78,78,18,18,27,27,43,58,67,67,67,67,101,102,102,102,102,102,92],"gold":57,"neow_bonus":"","is_daily":false,"chose_seed":false,"campfire_upgraded":0,"win_rate":0.0,"timestamp":1610523838,"path_taken":["M","?","M","M","M","E","M","R","T","M","$","?","M","$","R","BOSS","M","?","$","?","$","E","M","E","T","R","E","R","$","E","R","BOSS","M","$","?","M","?","E","R","?","T","E","$","E","R","?","R","BOSS","BOSS","R","$","E","BOSS"],"items_purchased_type":["Card","Relic","Relic","Relic","Card","Relic","Card","Card","Card","Relic","Relic","Relic","Relic","Card","Card","Relic","Relic","Relic","Card","Card","Relic","Card","Relic","Card","Card","Relic","Relic","Card","Card","Relic","Card","Card","Relic","Relic","Card","Card","Card","Card","Relic","Card","Card","Relic"],"build_version":"2020-12-22","purchased_purges":3,"victory":true,"max_hp_per_floor":[95,95,95,95,95,95,95,95,102,102,102,102,102,102,102,102,102,102,102,102,102,102,102,102,102,102,102,102,102,102,102,102,102,102,102,102,102,102,102,102,102,102,102,102,102,102,102,102,102,102,102,102,102,102,102,102],"card_choices":[{"not_picked":["Redo+1","Steam+1","Gash"],"picked":"SKIP","floor":1},{"not_picked":["Hologram+1","Barrage","Rebound"],"picked":"SKIP","floor":3},{"not_picked":["Steam+1","Redo+1"],"picked":"Turbo+1","floor":4},{"not_picked":["Capacitor","Turbo+1"],"picked":"Reinforced Body+1","floor":5},{"not_picked":["Melter+1","Chaos+1"],"picked":"Storm","floor":6},{"not_picked":["Stack+1","Turbo+1"],"picked":"Creative AI","floor":7},{"not_picked":["Gash+1","Cold Snap+1"],"picked":"Steam Power+1","floor":10},{"not_picked":["Beam Cell+1","Turbo+1"],"picked":"Seek+1","floor":11},{"not_picked":["Barrage+1","Steam Power+1"],"picked":"Double Energy+1","floor":11},{"not_picked":["Cold Snap+1","Beam Cell+1"],"picked":"Thunder Strike+1","floor":11},{"not_picked":["Turbo+1","BootSequence+1"],"picked":"White Noise+1","floor":11},{"not_picked":["Undo+1","Sweeping Beam+1"],"picked":"Rainbow+1","floor":11},{"not_picked":["FTL+1","Rebound+1"],"picked":"Cold Snap+1","floor":13},{"not_picked":["Buffer","Seek+1"],"picked":"Biased Cognition","floor":16},{"not_picked":["Chill+1","Beam Cell+1"],"picked":"Storm","floor":18},{"not_picked":["Stack+1","Sweeping Beam+1"],"picked":"Undo+1","floor":21},{"not_picked":["BootSequence+1","Consume+1"],"picked":"Static Discharge","floor":23},{"not_picked":["Fusion+1","Streamline+1"],"picked":"White Noise+1","floor":24},{"not_picked":["Steam+1","Ball Lightning+1"],"picked":"Rainbow+1","floor":25},{"not_picked":["Tempest+1","Recycle+1"],"picked":"Machine Learning","floor":28},{"not_picked":["Melter+1","Fusion+1"],"picked":"Blizzard+1","floor":31},{"not_picked":["Amplify+1","Buffer"],"picked":"Reboot+1","floor":33},{"not_picked":["Barrage+1","Steam+1"],"picked":"Aggregate+1","floor":35},{"not_picked":["Swift Strike+1","Forethought+1"],"picked":"Deep Breath+1","floor":37},{"not_picked":["Rebound+1","Melter+1","Sunder+1"],"picked":"SKIP","floor":38},{"not_picked":["Compile Driver+1","Ball Lightning+1"],"picked":"Heatsinks","floor":40},{"not_picked":["Ball Lightning+1","Hologram+1","Streamline+1"],"picked":"SKIP","floor":42},{"not_picked":["Storm","Go for the Eyes+1"],"picked":"Amplify+1","floor":44},{"not_picked":["Hello World+1","Auto Shields+1"],"picked":"Chill+1","floor":46},{"not_picked":["Hello World","Skim+1"],"picked":"Biased Cognition","floor":55}],"player_experience":941306,"relics_obtained":[{"floor":6,"key":"Molten Egg 2"},{"floor":8,"key":"Pen Nib"},{"floor":9,"key":"Strawberry"},{"floor":15,"key":"MawBank"},{"floor":23,"key":"Torii"},{"floor":25,"key":"Blue Candle"},{"floor":26,"key":"Cables"},{"floor":27,"key":"Regal Pillow"},{"floor":28,"key":"TungstenRod"},{"floor":29,"key":"Art of War"},{"floor":31,"key":"Matryoshka"},{"floor":32,"key":"Anchor"},{"floor":39,"key":"Blood Vial"},{"floor":39,"key":"Lantern"},{"floor":40,"key":"Akabeko"},{"floor":41,"key":"Vajra"},{"floor":43,"key":"Dream Catcher"},{"floor":44,"key":"Dead Branch"},{"floor":46,"key":"Nunchaku"},{"floor":49,"key":"Bag of Preparation"},{"floor":53,"key":"Sundial"},{"floor":55,"key":"Lizard Tail"}],"event_choices":[{"damage_healed":0,"gold_gain":75,"player_choice":"Gather Gold","damage_taken":11,"max_hp_gain":0,"max_hp_loss":0,"event_name":"World of Goop","floor":2,"gold_loss":0},{"damage_healed":0,"gold_gain":0,"player_choice":"Success","damage_taken":18,"relics_obtained":["MealTicket"],"max_hp_gain":0,"max_hp_loss":0,"event_name":"Scrap Ooze","floor":12,"gold_loss":0},{"cards_removed":["Strike_B"],"damage_healed":0,"gold_gain":0,"player_choice":"Purged","damage_taken":0,"max_hp_gain":0,"max_hp_loss":0,"event_name":"Purifier","floor":19,"gold_loss":0},{"damage_healed":0,"gold_gain":0,"player_choice":"Memory 3","damage_taken":10,"max_hp_gain":0,"max_hp_loss":0,"event_name":"SensoryStone","floor":37,"gold_loss":0},{"cards_removed":["Lockon"],"damage_healed":0,"gold_gain":0,"player_choice":"Removed Attack","damage_taken":0,"max_hp_gain":0,"max_hp_loss":0,"event_name":"Falling","floor":48,"gold_loss":0}],"is_beta":false,"boss_relics":[{"not_picked":["SacredBark","Pandora\u0027s Box"],"picked":"Nuclear Battery"},{"not_picked":["Philosopher\u0027s Stone","FrozenCore"],"picked":"Astrolabe"}],"items_purged_floors":[0,0,11],"is_endless":false,"potions_floor_spawned":[1,3,4,5,6,7,10,13,16,18,21,23,24,25,28,31,33,35,38,40,42,44,46,55],"ascension_level":20}}