{"host":"xyxrly520c9wnx4a","time":1610570066,"event":{"mods":["AchievementEnabler","Act Like it!","BaseMod","Colored Powertips","Downfall","Minty Spire (QoL Compilation)","Quick Restart","Relic Stats","Replay The Spire","StSLib","Twitch Decklist","UnlockEverythingMod","【功能Mod】混沌之环修复补丁"],"gold_per_floor":[118,138,150,164,174,204,204,214,267,296,296,296,296,312,312,432,432,452,467,480,13,13,13,54,54,54,54,67,67,67],"floor_reached":29,"language":"ZHS","playtime":2601,"items_purged":["Strike_B"],"score":270,"play_id":"42685faa-0470-41a3-a418-9c09092f1c5a","local_time":"20210114043426","is_ascension_mode":true,"campfire_choices":[{"data":"Fission","floor":7.0,"key":"SMITH"},{"data":"ReplayRNGCard","floor":11.0,"key":"SMITH"},{"floor":15.0,"key":"DIG"},{"data":"Darkness","floor":23,"key":"SMITH"},{"data":"Defragment","floor":25,"key":"SMITH"}],"circlet_count":0,"master_deck":["Strike_B","Defend_B","Defend_B","Defend_B","Defend_B","Zap","Dualcast","Sweeping Beam","Darkness+1","Redo","ReplayRNGCard+1","Fission+1","Turbo","Injury","Meteor Strike","Defragment+1","Skim+1","Steam Power"],"relics":["Runic Pyramid","Pantograph","Mirror","Golden Idol","Blue Candle","Busted Crown","Ice Cream","Pet Ghost","ReplayFunnel","Juzu Bracelet"],"acts_visited":["Exordium","TheCity"],"potions_floor_usage":[28,29],"damage_taken":[{"damage":6.0,"enemies":"Jaw Worm","floor":1.0,"turns":5.0},{"damage":0.0,"enemies":"Small Slimes","floor":2.0,"turns":2.0},{"damage":1.0,"enemies":"Cultist","floor":3.0,"turns":3.0},{"damage":6.0,"enemies":"Red Slaver","floor":4.0,"turns":4.0},{"damage":6.0,"enemies":"2 Fungi Beasts","floor":5.0,"turns":3.0},{"damage":23.0,"enemies":"3 Sentries","floor":6.0,"turns":6.0},{"damage":0.0,"enemies":"Large Slime","floor":8.0,"turns":4.0},{"damage":10.0,"enemies":"Gremlin Nob","floor":10.0,"turns":3.0},{"damage":0.0,"enemies":"3 Louse","floor":14.0,"turns":1.0},{"damage":43.0,"enemies":"Hexaghost","floor":16.0,"turns":12.0},{"damage":13.0,"enemies":"Chosen","floor":18.0,"turns":5.0},{"damage":14.0,"enemies":"Shell Parasite","floor":19.0,"turns":4.0},{"damage":0,"enemies":"Snecko","floor":20,"turns":5},{"damage":4,"enemies":"Book of Stabbing","floor":24,"turns":4},{"damage":17,"enemies":"Sentry and Sphere","floor":28,"turns":4},{"damage":2,"enemies":"Colosseum Slavers","floor":29,"turns":2},{"damage":53,"enemies":"Colosseum Nobs","floor":29,"turns":3}],"seed_played":"-39693826546273600","potions_obtained":[{"floor":1.0,"key":"Block Potion"},{"floor":6.0,"key":"SkillPotion"},{"floor":10.0,"key":"Adrenaline Potion"},{"floor":16.0,"key":"Venom Potion"},{"floor":19.0,"key":"Weak Potion"},{"floor":20,"key":"GamblersBrew"}],"is_trial":false,"path_per_floor":["M","M","M","M","M","E","R","M","T","E","R","?","?","M","R","B",null,"M","M","M","$","?","R","E","R","T","?","M","?"],"character_chosen":"DEFECT","items_purchased":["Ice Cream","Defragment"],"campfire_rested":0,"item_purchase_floors":[21,21],"current_hp_per_floor":[69,69,68,62,56,33,33,33,33,23,23,23,23,23,23,5,75,62,48,48,48,48,48,44,44,44,44,27,0,0],"gold":67,"neow_bonus":"BOSS_RELIC","is_daily":false,"chose_seed":false,"campfire_upgraded":4,"win_rate":0.0,"timestamp":1610570066,"path_taken":["M","M","M","M","M","E","R","M","T","E","R","?","?","M","R","BOSS","M","M","M","$","?","R","E","R","T","?","M","?"],"items_purchased_type":["Relic","Card"],"build_version":"2020-12-22","purchased_purges":1,"victory":false,"max_hp_per_floor":[75,75,75,75,75,75,75,75,75,75,75,75,75,75,75,75,75,75,75,75,75,75,75,75,75,75,75,75,75,75],"relic_stats":{"Busted Crown":10,"counters":[17,70],"Golden Idol":73,"Pantograph":25,"Blue Candle":[3],"Juzu Bracelet":1,"obtain_stats":[{"Ice Cream":21,"ReplayFunnel":24,"Busted Crown":17,"Golden Idol":12,"Pantograph":6,"Blue Candle":15,"Juzu Bracelet":26,"Cracked Core":0,"Mirror":10,"Pet Ghost":22,"Runic Pyramid":0},{"Ice Cream":13,"ReplayFunnel":14,"Busted Crown":10,"Golden Idol":8,"Pantograph":6,"Blue Candle":9,"Juzu Bracelet":14,"Cracked Core":0,"Mirror":8,"Pet Ghost":13,"Runic Pyramid":0},{"Ice Cream":57,"ReplayFunnel":61,"Busted Crown":43,"Golden Idol":30,"Pantograph":23,"Blue Candle":31,"Juzu Bracelet":61,"Cracked Core":0,"Mirror":30,"Pet Ghost":57,"Runic Pyramid":0}]},"card_choices":[{"not_picked":["ReplaySolidLightProjector","Ball Lightning"],"picked":"Sweeping Beam","floor":1.0},{"not_picked":["Hologram","Reinforced Body"],"picked":"Darkness","floor":2.0},{"not_picked":["Ball Lightning","Gash"],"picked":"Rebound","floor":3.0},{"not_picked":["Rebound","Compile Driver"],"picked":"Redo","floor":4.0},{"not_picked":["Coolheaded","ReplaySolidLightProjector"],"picked":"ReplayRNGCard","floor":5.0},{"not_picked":["Panic Button","Leap"],"picked":"Fission","floor":6.0},{"not_picked":["Streamline","Blizzard"],"picked":"Turbo","floor":8.0},{"not_picked":["Compile Driver","BootSequence","Hologram"],"picked":"SKIP","floor":10.0},{"not_picked":["Blizzard","Ball Lightning","Beam Cell"],"picked":"SKIP","floor":14.0},{"not_picked":["ReplayTheSpireMod:Omega Cannon","Multi-Cast"],"picked":"Meteor Strike","floor":16.0},{"not_picked":["Panic Button"],"picked":"SKIP","floor":18.0},{"not_picked":["Compile Driver"],"picked":"SKIP","floor":19.0},{"not_picked":["Auto Shields+1"],"picked":"SKIP","floor":20},{"not_picked":[],"picked":"Skim+1","floor":24},{"not_picked":[],"picked":"Steam Power","floor":28}],"player_experience":72272,"relics_obtained":[{"floor":6.0,"key":"Pantograph"},{"floor":10.0,"key":"Mirror"},{"floor":15.0,"key":"Blue Candle"},{"floor":24,"key":"ReplayFunnel"},{"floor":26,"key":"Juzu Bracelet"}],"event_choices":[{"damage_healed":0.0,"max_hp_gain":0.0,"max_hp_loss":0.0,"gold_gain":0.0,"event_name":"Golden Idol","player_choice":"Take Wound","floor":12.0,"gold_loss":0.0,"damage_taken":0.0,"relics_obtained":["Golden Idol"],"cards_obtained":["Injury"]},{"cards_removed":["Strike_B"],"damage_healed":0.0,"max_hp_gain":0.0,"max_hp_loss":0.0,"gold_gain":0.0,"event_name":"Purifier","player_choice":"Purged","floor":13.0,"gold_loss":0.0,"damage_taken":0.0},{"cards_removed":["Rebound"],"damage_healed":0,"gold_gain":0,"player_choice":"Gave Card","damage_taken":0,"relics_obtained":["Pet Ghost"],"max_hp_gain":0,"max_hp_loss":0,"event_name":"WeMeetAgain","floor":22,"gold_loss":0},{"cards_removed":["Strike_B"],"damage_healed":0,"gold_gain":0,"player_choice":"Elegance","damage_taken":0,"max_hp_gain":0,"max_hp_loss":0,"event_name":"Back to Basics","floor":27,"gold_loss":0},{"damage_healed":0,"gold_gain":0,"player_choice":"Fight","damage_taken":0,"max_hp_gain":0,"max_hp_loss":0,"event_name":"Colosseum","floor":29,"gold_loss":0},{"damage_healed":0,"gold_gain":0,"player_choice":"Fought Nobs","damage_taken":0,"max_hp_gain":0,"max_hp_loss":0,"event_name":"Colosseum","floor":29,"gold_loss":0}],"is_beta":false,"boss_relics":[{"not_picked":["Snecko Eye","Honey Jar"],"picked":"Busted Crown"}],"items_purged_floors":[21],"is_endless":false,"potions_floor_spawned":[1,6,10,16,19,20],"killed_by":"Colosseum Nobs","ascension_level":1}}