{"host":"x21cvmfdo17nyhii","time":1610569225,"event":{"mods":["AchievementEnabler","BaseMod","Colored Map","Colored Powertips","DeckTracker","Highlight Path","Minty Spire (QoL Compilation)","Quick Restart","Rare Cards Sparkle","SuperFastMode"],"gold_per_floor":[112,112,112,67,84,94,114,129,129,54,74,74,74,74,74,177,177,188,188,208,228,228,245,272,272,272,41,41,41,41,72,72,72,72],"floor_reached":33,"language":"ENG","playtime":1278,"items_purged":["Shame"],"score":275,"play_id":"54db153f-17aa-44c8-9cb3-f34660f8cc66","local_time":"20210113122025","is_ascension_mode":false,"campfire_choices":[{"data":"Body Slam","floor":13.0,"key":"SMITH"},{"data":"Juggernaut","floor":15.0,"key":"SMITH"},{"floor":25.0,"key":"REST"},{"data":"Chrysalis","floor":28.0,"key":"SMITH"},{"floor":32.0,"key":"REST"}],"circlet_count":0,"master_deck":["Strike_R","Strike_R","Strike_R","Strike_R","Defend_R","Defend_R","Defend_R","Defend_R","Bash","Thunderclap","Juggernaut+1","Shrug It Off","Body Slam+1","Iron Wave","Impervious","Chrysalis+1","Shrug It Off+1"],"relics":["Cursed Key"],"acts_visited":["Exordium","TheCity"],"potions_floor_usage":[33],"damage_taken":[{"damage":0.0,"enemies":"2 Louse","floor":1.0,"turns":2.0},{"damage":2.0,"enemies":"Small Slimes","floor":5.0,"turns":3.0},{"damage":1.0,"enemies":"Jaw Worm","floor":6.0,"turns":2.0},{"damage":8.0,"enemies":"Exordium Thugs","floor":7.0,"turns":5.0},{"damage":3.0,"enemies":"2 Fungi Beasts","floor":8.0,"turns":3.0},{"damage":0.0,"enemies":"Red Slaver","floor":11.0,"turns":4.0},{"damage":33.0,"enemies":"The Guardian","floor":16.0,"turns":10.0},{"damage":0.0,"enemies":"Shell Parasite","floor":18.0,"turns":6.0},{"damage":16.0,"enemies":"2 Thieves","floor":20.0,"turns":4.0},{"damage":7.0,"enemies":"Snecko","floor":21.0,"turns":4.0},{"damage":18.0,"enemies":"Shelled Parasite and Fungi","floor":23.0,"turns":7.0},{"damage":10.0,"enemies":"Book of Stabbing","floor":24.0,"turns":4.0},{"damage":22.0,"enemies":"Gremlin Leader","floor":31.0,"turns":8.0},{"damage":53,"enemies":"Champ","floor":33,"turns":9}],"seed_played":"-2724244033571934719","potions_obtained":[{"floor":5.0,"key":"CultistPotion"},{"floor":8.0,"key":"BlessingOfTheForge"},{"floor":11.0,"key":"Strength Potion"},{"floor":21.0,"key":"EntropicBrew"},{"floor":31.0,"key":"SpeedPotion"}],"is_trial":false,"path_per_floor":["M","?","?","?","M","M","M","M","T","$","M","?","R","$","R","B",null,"M","?","M","M","?","M","E","R","T","$","R","$","?","E","R","B"],"character_chosen":"IRONCLAD","items_purchased":["Chrysalis","SpeedPotion"],"campfire_rested":2,"item_purchase_floors":[27,27],"current_hp_per_floor":[80,80,80,80,78,77,69,66,66,66,66,66,66,66,66,33,80,80,80,64,57,57,39,29,53,53,53,53,53,38,16,41,0,0],"gold":72,"neow_bonus":"BOSS_RELIC","is_daily":false,"chose_seed":false,"campfire_upgraded":3,"win_rate":0.0,"timestamp":1610569225,"path_taken":["M","?","?","?","M","M","M","?","T","?","M","?","R","$","R","BOSS","M","?","M","M","?","M","E","R","T","$","R","$","?","E","R","BOSS"],"items_purchased_type":["Card","Potion"],"build_version":"2020-12-22","purchased_purges":1,"victory":false,"max_hp_per_floor":[80,80,80,80,80,80,80,80,80,80,80,80,80,80,80,80,80,80,80,80,80,80,80,80,80,80,80,80,80,85,85,85,85,85],"card_choices":[{"not_picked":["Pommel Strike","Havoc"],"picked":"Thunderclap","floor":1.0},{"not_picked":["Body Slam","Cleave"],"picked":"Juggernaut","floor":5.0},{"not_picked":["Iron Wave","Armaments"],"picked":"Shrug It Off","floor":6.0},{"not_picked":["Dark Embrace","Havoc"],"picked":"Body Slam","floor":7.0},{"not_picked":["Twin Strike","Wild Strike","Searing Blow"],"picked":"SKIP","floor":8.0},{"not_picked":["True Grit","Clash"],"picked":"Iron Wave","floor":11.0},{"not_picked":["Bludgeon","Berserk"],"picked":"Impervious","floor":16.0},{"not_picked":["True Grit","Bloodletting","Sword Boomerang"],"picked":"SKIP","floor":18.0},{"not_picked":["Feel No Pain","Pummel","Warcry"],"picked":"SKIP","floor":20.0},{"not_picked":["Havoc","Wild Strike","Heavy Blade"],"picked":"SKIP","floor":21.0},{"not_picked":["Battle Trance","Warcry","Wild Strike+1"],"picked":"SKIP","floor":23.0},{"not_picked":["Clothesline+1","Offering","Second Wind+1"],"picked":"SKIP","floor":24.0},{"not_picked":["Sentinel+1","Searing Blow"],"picked":"Shrug It Off+1","floor":31.0}],"player_experience":341863,"relics_obtained":[],"event_choices":[{"damage_healed":0.0,"max_hp_gain":0.0,"max_hp_loss":0.0,"gold_gain":0.0,"event_name":"Liars Game","player_choice":"Ignored","floor":2.0,"gold_loss":0.0,"damage_taken":0.0},{"damage_healed":0.0,"max_hp_gain":0.0,"max_hp_loss":0.0,"gold_gain":0.0,"event_name":"Scrap Ooze","player_choice":"Fled","floor":3.0,"gold_loss":0.0,"damage_taken":0.0},{"damage_healed":0.0,"max_hp_gain":0.0,"max_hp_loss":0.0,"gold_gain":0.0,"event_name":"World of Goop","player_choice":"Left Gold","floor":4.0,"gold_loss":45.0,"damage_taken":0.0},{"cards_removed":["Strike_R"],"damage_healed":0.0,"max_hp_gain":0.0,"max_hp_loss":0.0,"gold_gain":0.0,"event_name":"Purifier","player_choice":"Purged","floor":12.0,"gold_loss":0.0,"damage_taken":0.0},{"damage_healed":0.0,"max_hp_gain":0.0,"max_hp_loss":0.0,"gold_gain":0.0,"event_name":"Ghosts","player_choice":"Ignored","floor":19.0,"gold_loss":0.0,"damage_taken":0.0},{"damage_healed":0.0,"max_hp_gain":0.0,"max_hp_loss":0.0,"gold_gain":0.0,"event_name":"Vampires","player_choice":"Ignored","floor":22.0,"gold_loss":0.0,"damage_taken":0.0},{"damage_healed":0.0,"max_hp_gain":5.0,"max_hp_loss":0.0,"gold_gain":0.0,"event_name":"Forgotten Altar","player_choice":"Shed Blood","floor":30.0,"gold_loss":0.0,"damage_taken":20.0}],"is_beta":false,"boss_relics":[{"not_picked":["Mark of Pain","Philosopher\u0027s Stone","Tiny House"]}],"items_purged_floors":[10],"is_endless":false,"potions_floor_spawned":[5,8,11,21,31],"killed_by":"Champ","ascension_level":0}}