{"host":"g01l53quoe6lrer0","time":1610530375,"event":{"mods":["2.2 Compatiblity","AchievementEnabler","BaseMod","Colored Map","Highlight Path","Keyboard Shortcuts","Minty Spire (QoL Compilation)","Permanent Neow","StSLib","SuperFastMode","everything is the same but u backflip on backflip"],"gold_per_floor":[114,134,149,99,99,99,117,117,117,117,117,150,167,200,200,274,274,292,309,319,329,347,347,347,347,347,359,296,181,193,38,38,38,38],"floor_reached":33,"language":"KOR","playtime":770,"items_purged":["Strike_B"],"score":547,"play_id":"dd30034a-ef23-4d36-9d3c-ab4ac9e6c7a9","local_time":"20210113183255","is_ascension_mode":true,"campfire_choices":[{"data":"Defragment","floor":6.0,"key":"SMITH"},{"data":"Sunder","floor":8.0,"key":"SMITH"},{"data":"Dualcast","floor":10.0,"key":"SMITH"},{"floor":15,"key":"REST"},{"data":"Aggregate","floor":23,"key":"SMITH"},{"data":"Tempest","floor":24,"key":"SMITH"},{"data":"Self Repair","floor":27,"key":"SMITH"},{"data":"Reinforced Body","floor":32,"key":"SMITH"}],"circlet_count":0,"master_deck":["AscendersBane","Strike_B","Defend_B","Defend_B","Defend_B","Defend_B","Zap+1","Dualcast+1","Ball Lightning+1","Defragment+1","Sunder+1","Self Repair+1","Tempest+1","Aggregate+1","Core Surge","Stack","Rebound","Redo+1","Reinforced Body+1","BootSequence","Ghostly","Ghostly","Ghostly","Ghostly","Ghostly","Cold Snap","Glacier"],"relics":["Cracked Core","Oddly Smooth Stone","Pocketwatch","WingedGreaves","Mercury Hourglass","Velvet Choker","MawBank","Chemical X"],"acts_visited":["Exordium","TheCity"],"potions_floor_usage":[14,33],"damage_taken":[{"damage":0.0,"enemies":"2 Louse","floor":1.0,"turns":3.0},{"damage":0.0,"enemies":"Small Slimes","floor":2.0,"turns":3.0},{"damage":0.0,"enemies":"Cultist","floor":3.0,"turns":3.0},{"damage":6.0,"enemies":"2 Fungi Beasts","floor":7.0,"turns":3.0},{"damage":18,"enemies":"Gremlin Nob","floor":12,"turns":3},{"damage":7,"enemies":"3 Louse","floor":13,"turns":2},{"damage":12,"enemies":"3 Sentries","floor":14,"turns":4},{"damage":0,"enemies":"Slime Boss","floor":16,"turns":6},{"damage":14,"enemies":"Shell Parasite","floor":18,"turns":3},{"damage":3,"enemies":"Spheric Guardian","floor":19,"turns":3},{"damage":18,"enemies":"Snecko","floor":20,"turns":3},{"damage":12,"enemies":"Chosen and Byrds","floor":21,"turns":4},{"damage":0,"enemies":"Centurion and Healer","floor":22,"turns":5},{"damage":0,"enemies":"Snake Plant","floor":30,"turns":4},{"damage":81,"enemies":"Automaton","floor":33,"turns":12}],"seed_played":"2349655383312102256","potions_obtained":[{"floor":2.0,"key":"FairyPotion"},{"floor":7.0,"key":"Fire Potion"},{"floor":14,"key":"BlessingOfTheForge"},{"floor":21,"key":"Fire Potion"}],"is_trial":false,"path_per_floor":["M","M","M","?","?","R","M","R","T","R","?","E","M","E","R","B",null,"M","M","M","M","M","R","R","?","T","R","?","$","M","$","R","B"],"character_chosen":"DEFECT","items_purchased":["Cold Snap","Chemical X"],"campfire_rested":1,"item_purchase_floors":[29,31],"current_hp_per_floor":[64,64,64,64,64,64,58,58,58,58,58,40,33,28,49,56,67,60,64,53,41,48,48,48,35,35,35,35,35,35,35,35,0,0],"gold":38,"neow_bonus":"RANDOM_COMMON_RELIC","is_daily":false,"chose_seed":false,"campfire_upgraded":7,"win_rate":0.0,"timestamp":1610530375,"path_taken":["M","M","M","?","?","R","M","R","T","R","?","E","M","E","R","BOSS","M","M","M","M","?","R","R","?","T","R","?","$","M","$","R","BOSS"],"items_purchased_type":["Card","Relic"],"build_version":"2020-12-22","purchased_purges":1,"victory":false,"max_hp_per_floor":[71,71,71,71,71,71,71,71,71,71,71,71,71,71,71,71,71,71,71,71,71,71,71,71,35,35,35,35,35,35,35,35,35,35],"card_choices":[{"not_picked":["Go for the Eyes","Compile Driver"],"picked":"Ball Lightning","floor":1.0},{"not_picked":["Gash","Steam"],"picked":"Defragment","floor":2.0},{"not_picked":["Redo","Hello World","Ball Lightning"],"picked":"SKIP","floor":3.0},{"not_picked":["Streamline","Hello World"],"picked":"Sunder","floor":7.0},{"not_picked":["Multi-Cast","Turbo"],"picked":"Self Repair","floor":12},{"not_picked":["Gash","Go for the Eyes"],"picked":"Tempest","floor":13},{"not_picked":["FTL","Heatsinks"],"picked":"Aggregate","floor":14},{"not_picked":["Fission","Reboot"],"picked":"Core Surge","floor":16},{"not_picked":["Sweeping Beam","Tempest"],"picked":"Stack","floor":18},{"not_picked":["Static Discharge","Barrage"],"picked":"Rebound","floor":19},{"not_picked":["Static Discharge","Recycle"],"picked":"Redo+1","floor":20},{"not_picked":["Darkness","Loop"],"picked":"Reinforced Body","floor":21},{"not_picked":["Streamline","Redo"],"picked":"BootSequence","floor":22},{"not_picked":["Steam","Sunder"],"picked":"Glacier","floor":30}],"player_experience":178792,"relics_obtained":[{"floor":9.0,"key":"Pocketwatch"},{"floor":12,"key":"WingedGreaves"},{"floor":14,"key":"Mercury Hourglass"},{"floor":26,"key":"MawBank"}],"event_choices":[{"cards_removed":["Strike_B"],"damage_healed":0.0,"max_hp_gain":0.0,"max_hp_loss":0.0,"gold_gain":0.0,"event_name":"The Cleric","player_choice":"Card Removal","floor":4.0,"gold_loss":50.0,"damage_taken":0.0},{"damage_healed":0.0,"max_hp_gain":0.0,"max_hp_loss":0.0,"gold_gain":0.0,"event_name":"Living Wall","player_choice":"Grow","floor":5.0,"gold_loss":0.0,"damage_taken":0.0,"cards_upgraded":["Zap"]},{"damage_healed":0.0,"max_hp_gain":0.0,"max_hp_loss":0.0,"gold_gain":0.0,"event_name":"Upgrade Shrine","player_choice":"Upgraded","floor":11.0,"gold_loss":0.0,"damage_taken":0.0,"cards_upgraded":["Ball Lightning"]},{"damage_healed":0,"gold_gain":0,"player_choice":"Became a Ghost","damage_taken":0,"max_hp_gain":0,"max_hp_loss":36,"event_name":"Ghosts","floor":25,"gold_loss":0,"cards_obtained":["Ghostly","Ghostly","Ghostly","Ghostly","Ghostly"]},{"cards_removed":["Strike_B"],"damage_healed":0,"gold_gain":0,"player_choice":"Gave Gold","damage_taken":0,"max_hp_gain":0,"max_hp_loss":0,"event_name":"Beggar","floor":28,"gold_loss":75}],"is_beta":false,"boss_relics":[{"not_picked":["Nuclear Battery","Empty Cage"],"picked":"Velvet Choker"}],"items_purged_floors":[29],"is_endless":false,"potions_floor_spawned":[2,7,14,19,20,21,30],"killed_by":"Automaton","ascension_level":14}}