{"host":"roqztpbdbchtekes","time":1610574032,"event":{"mods":["A Magickal Journey","AchievementEnabler","BaseMod","Better Note","Better Third Choice","BetterRewards","Block Reminder","Colored Map","Colored Powertips","Curses Come First","DeckTracker","Minty Spire (QoL Compilation)","Relic Stats","Spicy Shops","StSLib"],"gold_per_floor":[119,134,134,134,150,150,175,175,175,200,213,242,266,290,302,415,427,457,469,494,506,698,744,756,768,780,503,517,517,131,131,131,235,285,296,37,85,0,14,47,47,59,139,164,17,44,54,68,68,68,68,68,34,68,68,68],"floor_reached":55,"language":"ENG","playtime":2781,"items_purged":["Strike_B","Strike_B"],"score":1583,"play_id":"9d9a0381-bce1-4567-92a2-9c7a317f3fc8","local_time":"20210113224032","is_ascension_mode":true,"campfire_choices":[{"data":"Genetic Algorithm","floor":6,"key":"SMITH"},{"data":"Defragment","floor":15,"key":"SMITH"},{"data":"Fission","floor":24,"key":"SMITH"},{"data":"Rainbow","floor":29,"key":"SMITH"},{"data":"Defragment","floor":32,"key":"SMITH"},{"data":"Leap","floor":41,"key":"SMITH"},{"floor":49,"key":"RECALL"},{"data":"Buffer","floor":52,"key":"SMITH"}],"circlet_count":0,"master_deck":["Strike_B+1","Strike_B+1","Defend_B","Zap","Dualcast","Defragment+1","Genetic Algorithm+1","Compile Driver+1","Rainbow+1","Fission+1","Leap+1","Bandage Up","Defragment+1","Darkness+1","BootSequence+1","Seek+1","Compile Driver+1","Leap+1","Force Field+1","Buffer+1","Leap+1","Parasite","Darkness+1","Loop"],"relics":["Cracked Core","Vajra","Orichalcum","Whetstone","FossilizedHelix","Matryoshka","Lantern","PreservedInsect","Bag of Preparation","Bottled Lightning","Bronze Scales","Juzu Bracelet","MawBank","Sozu","Pear","Toxic Egg 2","Runic Capacitor","Ginger","Tiny House","Mercury Hourglass","Pocketwatch","Red Mask","Centennial Puzzle","StrikeDummy","MealTicket","Anchor","Bag of Marbles","HornCleat"],"acts_visited":["Exordium","TheCity","TheBeyond","TheEnding"],"potions_floor_usage":[7,16,16,33],"damage_taken":[{"damage":6,"enemies":"Small Slimes","floor":1,"turns":3},{"damage":0,"enemies":"Cultist","floor":2,"turns":3},{"damage":0,"enemies":"Jaw Worm","floor":5,"turns":3},{"damage":12,"enemies":"Lagavulin","floor":7,"turns":6},{"damage":4,"enemies":"3 Sentries","floor":10,"turns":4},{"damage":0,"enemies":"Blue Slaver","floor":11,"turns":3},{"damage":0,"enemies":"Gremlin Nob","floor":12,"turns":3},{"damage":0,"enemies":"2 Fungi Beasts","floor":14,"turns":2},{"damage":0,"enemies":"The Guardian","floor":16,"turns":9},{"damage":0,"enemies":"Chosen","floor":18,"turns":3},{"damage":0,"enemies":"3 Byrds","floor":20,"turns":3},{"damage":0,"enemies":"Slavers","floor":23,"turns":4},{"damage":16,"enemies":"Snake Plant","floor":28,"turns":3},{"damage":0,"enemies":"Automaton","floor":33,"turns":7},{"damage":0,"enemies":"3 Shapes","floor":35,"turns":3},{"damage":0,"enemies":"2 Orb Walkers","floor":37,"turns":4},{"damage":0,"enemies":"Orb Walker","floor":39,"turns":2},{"damage":12,"enemies":"Nemesis","floor":40,"turns":5},{"damage":0,"enemies":"Sphere and 2 Shapes","floor":42,"turns":3},{"damage":0,"enemies":"Reptomancer","floor":44,"turns":4},{"damage":0,"enemies":"Nemesis","floor":46,"turns":5},{"damage":0,"enemies":"4 Shapes","floor":47,"turns":3},{"damage":0,"enemies":"Writhing Mass","floor":48,"turns":4},{"damage":8,"enemies":"Donu and Deca","floor":50,"turns":8},{"damage":20,"enemies":"Shield and Spear","floor":54,"turns":3},{"damage":84,"enemies":"The Heart","floor":55,"turns":6}],"seed_played":"4956206291638355167","potions_obtained":[{"floor":1,"key":"AttackPotion"},{"floor":5,"key":"DuplicationPotion"},{"floor":10,"key":"FearPotion"},{"floor":11,"key":"SpeedPotion"},{"floor":14,"key":"PowerPotion"}],"is_trial":false,"path_per_floor":["M","M","?","?","M","R","E","?","T","E","M","E","T","M","R","B",null,"M","?","M","$","?","E","R","?","T","$","M","R","$","?","R","B",null,"M","$","?","?","M","E","R","M","T","E","$","E","M","M","R","B",null,"R","$","E","B"],"character_chosen":"DEFECT","items_purchased":["Defragment","Genetic Algorithm","Vajra","Orichalcum","Whetstone","Toxic Egg 2","Defragment","Runic Capacitor","Ginger","Mercury Hourglass","Anchor","Leap+1","Loop"],"campfire_rested":0,"item_purchase_floors":[0,0,0,0,0,27,27,30,30,36,45,45,53],"current_hp_per_floor":[24,24,17,17,17,17,5,30,30,26,26,26,26,26,26,26,63,63,63,63,63,38,52,52,52,52,52,40,40,40,40,40,44,80,84,84,88,88,90,78,78,82,82,86,90,90,90,90,90,86,89,89,90,74,0,0],"gold":68,"neow_bonus":"","is_daily":false,"chose_seed":false,"campfire_upgraded":7,"win_rate":0.0,"timestamp":1610574032,"path_taken":["M","M","?","?","?","R","E","?","T","E","M","E","?","M","R","BOSS","M","?","M","$","?","E","R","?","T","?","M","R","$","?","R","BOSS","M","$","?","?","M","E","R","M","T","E","?","E","M","M","R","BOSS","R","$","E","BOSS"],"items_purchased_type":["Card","Card","Relic","Relic","Relic","Relic","Card","Relic","Relic","Relic","Relic","Card","Card"],"build_version":"2020-12-22","purchased_purges":2,"victory":false,"max_hp_per_floor":[75,75,75,75,75,75,75,75,75,75,75,75,75,75,75,75,75,75,75,75,75,75,85,85,85,85,85,85,85,85,85,85,85,90,90,90,90,90,90,90,90,90,90,90,90,90,90,90,90,90,90,90,90,90,90,90],"relic_stats":{"counters":[61,234],"PreservedInsect":553,"Bag of Preparation":[44],"Juzu Bracelet":1,"Whetstone":["Strike_B","Strike_B"],"Ginger":[7],"Orichalcum":[120],"MawBank":168,"Mercury Hourglass":[545],"Sozu":7,"Centennial Puzzle":[9],"Bronze Scales":[368],"MealTicket":5,"obtain_stats":[{"Lantern":43,"Tiny House":34,"CeramicFish":7,"Vajra":36,"Bag of Preparation":9,"Juzu Bracelet":13,"Runic Capacitor":30,"Ginger":39,"Whetstone":0,"Sozu":17,"Emotion Chip":34,"Centennial Puzzle":40,"Matryoshka":24,"HornCleat":54,"Pantograph":8,"MealTicket":36,"WingedGreaves":13,"Red Mask":38,"Kunai":34,"Toxic Egg 2":8,"Cracked Core":0,"InkBottle":48,"Pear":23,"NeowsBlessing":0,"Happy Flower":20,"Pen Nib":14,"PreservedInsect":29,"The Courier":43,"Orichalcum":0,"MawBank":13,"Mercury Hourglass":9,"WarpedTongs":11,"Nuclear Battery":17,"Calling Bell":34,"DataDisk":34,"CaptainsWheel":38,"Anchor":45,"Ornamental Fan":42,"Bird Faced Urn":0,"Bronze Scales":44,"Bag of Marbles":46,"Bottled Lightning":10,"StrikeDummy":26,"Unceasing Top":6,"FossilizedHelix":0,"Meat on the Bone":9,"Pocketwatch":37},{"Lantern":31,"Tiny House":49,"CeramicFish":11,"Vajra":26,"Bag of Preparation":39,"Juzu Bracelet":42,"Runic Capacitor":48,"Ginger":29,"Whetstone":35,"Sozu":44,"Emotion Chip":25,"Centennial Puzzle":53,"Matryoshka":21,"HornCleat":60,"Pantograph":15,"MealTicket":26,"WingedGreaves":6,"Red Mask":51,"Kunai":25,"Toxic Egg 2":4,"Cracked Core":0,"InkBottle":34,"Pear":47,"NeowsBlessing":12,"Happy Flower":20,"Pen Nib":18,"PreservedInsect":23,"The Courier":31,"Orichalcum":35,"MawBank":42,"Mercury Hourglass":15,"WarpedTongs":16,"Nuclear Battery":19,"Calling Bell":25,"DataDisk":25,"CaptainsWheel":28,"Anchor":55,"Ornamental Fan":31,"Bird Faced Urn":0,"Bronze Scales":32,"Bag of Marbles":56,"Bottled Lightning":40,"StrikeDummy":21,"Unceasing Top":3,"FossilizedHelix":35,"Meat on the Bone":11,"Pocketwatch":51},{"Lantern":113,"Tiny House":184,"CeramicFish":43,"Vajra":96,"Bag of Preparation":143,"Juzu Bracelet":153,"Runic Capacitor":177,"Ginger":107,"Whetstone":128,"Sozu":164,"Emotion Chip":94,"Centennial Puzzle":198,"Matryoshka":77,"HornCleat":228,"Pantograph":51,"MealTicket":96,"WingedGreaves":21,"Red Mask":191,"Kunai":94,"Toxic Egg 2":15,"Cracked Core":0,"InkBottle":124,"Pear":174,"NeowsBlessing":46,"Happy Flower":74,"Pen Nib":62,"PreservedInsect":84,"The Courier":113,"Orichalcum":128,"MawBank":153,"Mercury Hourglass":51,"WarpedTongs":54,"Nuclear Battery":70,"Calling Bell":94,"DataDisk":94,"CaptainsWheel":103,"Anchor":205,"Ornamental Fan":113,"Bird Faced Urn":0,"Bronze Scales":118,"Bag of Marbles":210,"Bottled Lightning":147,"StrikeDummy":77,"Unceasing Top":11,"FossilizedHelix":128,"Meat on the Bone":43,"Pocketwatch":191}],"Pocketwatch":[29]},"card_choices":[{"not_picked":["Leap","Recycle","FTL"],"picked":"SKIP","floor":1},{"not_picked":["Compile Driver","Turbo","Glacier"],"picked":"SKIP","floor":2},{"not_picked":["Stack","Steam Power"],"picked":"Compile Driver","floor":5},{"not_picked":["Conserve Battery","Compile Driver","Undo"],"picked":"SKIP","floor":7},{"not_picked":["Hologram","Steam Power"],"picked":"Rainbow","floor":10},{"not_picked":["Stack","Sunder","Recycle"],"picked":"SKIP","floor":11},{"not_picked":["Consume","Rip and Tear","Auto Shields"],"picked":"SKIP","floor":12},{"not_picked":["Undo","Hologram","Lockon"],"picked":"SKIP","floor":14},{"not_picked":["Core Surge","All For One"],"picked":"Fission","floor":16},{"not_picked":["Sweeping Beam","Rebound","Hologram"],"picked":"SKIP","floor":18},{"not_picked":["Hologram","Self Repair"],"picked":"Leap","floor":20},{"not_picked":["Steam+1","Hello World+1","Recycle"],"picked":"SKIP","floor":23},{"not_picked":["Sweeping Beam","Coolheaded+1"],"picked":"Darkness+1","floor":28},{"not_picked":["All For One","Meteor Strike"],"picked":"Seek+1","floor":33},{"not_picked":["Turbo+1","Reinforced Body+1"],"picked":"Compile Driver+1","floor":35},{"not_picked":["Tempest+1","Steam Power+1"],"picked":"Leap+1","floor":39},{"not_picked":["Gash","Hyperbeam"],"picked":"Force Field+1","floor":40},{"not_picked":["Undo+1","Steam Power+1","Skim+1"],"picked":"SKIP","floor":42},{"not_picked":["Meteor Strike","Go for the Eyes"],"picked":"Buffer","floor":44},{"not_picked":["Rebound","Stack+1","Steam+1"],"picked":"SKIP","floor":46},{"not_picked":["Conserve Battery+1","Leap+1","Streamline"],"picked":"SKIP","floor":47},{"not_picked":["Sweeping Beam","Streamline"],"picked":"Darkness+1","floor":48},{"not_picked":["Cold Snap","Turbo+1","Steam+1"],"picked":"SKIP","floor":54}],"player_experience":311729,"relics_obtained":[{"floor":7,"key":"Lantern"},{"floor":9,"key":"PreservedInsect"},{"floor":9,"key":"Bag of Preparation"},{"floor":10,"key":"Bottled Lightning"},{"floor":12,"key":"Bronze Scales"},{"floor":13,"key":"Juzu Bracelet"},{"floor":13,"key":"MawBank"},{"floor":23,"key":"Pear"},{"floor":37,"key":"Pocketwatch"},{"floor":40,"key":"Centennial Puzzle"},{"floor":43,"key":"StrikeDummy"},{"floor":44,"key":"MealTicket"},{"floor":46,"key":"Bag of Marbles"},{"floor":54,"key":"HornCleat"}],"event_choices":[{"cards_removed":["Defend_B"],"damage_healed":0,"gold_gain":0,"player_choice":"Card Removal","damage_taken":7,"max_hp_gain":0,"max_hp_loss":0,"event_name":"Golden Wing","floor":3,"gold_loss":0},{"damage_healed":0,"gold_gain":0,"player_choice":"Gave Potion","damage_taken":0,"relics_obtained":["Matryoshka"],"max_hp_gain":0,"max_hp_loss":0,"event_name":"WeMeetAgain","floor":4,"gold_loss":0},{"damage_healed":25,"gold_gain":0,"player_choice":"Banana","damage_taken":0,"max_hp_gain":0,"max_hp_loss":0,"event_name":"Big Fish","floor":8,"gold_loss":0},{"cards_removed":["Defend_B"],"damage_healed":0,"gold_gain":0,"player_choice":"Purged","damage_taken":0,"max_hp_gain":0,"max_hp_loss":0,"event_name":"Purifier","floor":19,"gold_loss":0},{"damage_healed":0,"gold_gain":180,"player_choice":"CARD GOLD GOLD ","damage_taken":25,"max_hp_gain":0,"max_hp_loss":0,"event_name":"Knowing Skull","floor":22,"potions_obtained":[],"gold_loss":0,"cards_obtained":["Bandage Up"]},{"damage_healed":0,"gold_gain":0,"player_choice":"Bought 0 Potions","damage_taken":0,"max_hp_gain":0,"max_hp_loss":0,"event_name":"The Woman in Blue","floor":25,"gold_loss":0},{"damage_healed":0,"gold_gain":0,"cards_transformed":["Defend_B"],"player_choice":"Transformed","damage_taken":0,"max_hp_gain":0,"max_hp_loss":0,"event_name":"Transmorgrifier","floor":31,"gold_loss":0,"cards_obtained":["BootSequence"]},{"damage_healed":0,"gold_gain":0,"player_choice":"Fight","damage_taken":0,"max_hp_gain":0,"max_hp_loss":0,"event_name":"Mysterious Sphere","floor":37,"gold_loss":0},{"damage_healed":0,"gold_gain":0,"player_choice":"Paid","damage_taken":0,"relics_obtained":["Red Mask"],"max_hp_gain":0,"max_hp_loss":0,"event_name":"Tomb of Lord Red Mask","floor":38,"gold_loss":85}],"is_beta":false,"boss_relics":[{"not_picked":["Nuclear Battery","Philosopher\u0027s Stone"],"picked":"Sozu"},{"not_picked":["Empty Cage","Busted Crown"],"picked":"Tiny House"}],"items_purged_floors":[0,0],"is_endless":false,"potions_floor_spawned":[1,5,10,11,14,20,37,39,44,46,47],"killed_by":"The Heart","ascension_level":6}}