{"host":"oigynbtg272c19pw","time":1610532064,"event":{"mods":["BaseMod","Colored Map","Minty Spire (QoL Compilation)","Relic Stats","StSLib"],"gold_per_floor":[16,36,36,49,8,8,34,34,34,34,46,64,64,89,89,89,89],"floor_reached":16,"playtime":722,"items_purged":[],"score":270,"play_id":"4ba9107c-02ee-4355-948a-3fe04e3507be","local_time":"20210113110104","is_ascension_mode":true,"campfire_choices":[{"data":"Carnage","floor":6.0,"key":"SMITH"},{"floor":8.0,"key":"REST"},{"data":"Barricade","floor":10.0,"key":"SMITH"},{"data":"True Grit","floor":13.0,"key":"SMITH"},{"data":"Seeing Red","floor":15.0,"key":"SMITH"}],"circlet_count":0,"master_deck":["AscendersBane","Strike_R","Strike_R","Defend_R","Defend_R","Defend_R","Defend_R","Bash","Havoc","Barricade+1","True Grit+1","Carnage+1","Shrug It Off","Burning Pact","Seeing Red+1","Shrug It Off","Impervious"],"relics":["Burning Blood","Champion Belt","Prayer Wheel","Unceasing Top"],"acts_visited":["Exordium"],"potions_floor_usage":[16],"damage_taken":[{"damage":2.0,"enemies":"Jaw Worm","floor":1.0,"turns":5.0},{"damage":3.0,"enemies":"Cultist","floor":2.0,"turns":4.0},{"damage":11.0,"enemies":"Small Slimes","floor":4.0,"turns":4.0},{"damage":60.0,"enemies":"3 Sentries","floor":7.0,"turns":14.0},{"damage":3.0,"enemies":"Looter","floor":11.0,"turns":2.0},{"damage":0.0,"enemies":"Exordium Wildlife","floor":12.0,"turns":6.0},{"damage":0.0,"enemies":"Gremlin Nob","floor":14.0,"turns":4.0},{"damage":54,"enemies":"Slime Boss","floor":16,"turns":10}],"seed_played":"-5278527911571003542","potions_obtained":[{"floor":1.0,"key":"DistilledChaos"},{"floor":2.0,"key":"GamblersBrew"},{"floor":7.0,"key":"Fire Potion"},{"floor":14.0,"key":"ElixirPotion"}],"is_trial":false,"path_per_floor":["M","M","?","M","$","R","E","R","T","R","M","M","R","E","R","B"],"character_chosen":"IRONCLAD","items_purchased":["Burning Pact"],"campfire_rested":1,"item_purchase_floors":[5],"current_hp_per_floor":[72,75,75,70,70,70,16,38,38,38,41,47,47,53,53,0,0],"gold":89,"neow_bonus":"TRANSFORM_TWO_CARDS","is_daily":false,"chose_seed":false,"campfire_upgraded":4,"win_rate":0.0,"timestamp":1610532064,"path_taken":["M","M","?","M","?","R","E","R","T","R","M","M","R","E","R","BOSS"],"items_purchased_type":["Card"],"build_version":"2020-12-13","purchased_purges":0,"victory":false,"max_hp_per_floor":[75,75,75,75,75,75,75,75,75,75,75,75,75,75,75,75,75],"relic_stats":{"counters":[8,49],"Prayer Wheel":2,"Champion Belt":[6],"obtain_stats":[{"Prayer Wheel":9,"Champion Belt":7,"Burning Blood":0,"Unceasing Top":14},{"Prayer Wheel":4,"Champion Belt":4,"Burning Blood":0,"Unceasing Top":7},{"Prayer Wheel":27,"Champion Belt":27,"Burning Blood":0,"Unceasing Top":39}],"Burning Blood":42,"Unceasing Top":[0]},"card_choices":[{"not_picked":["Infernal Blade","Iron Wave"],"picked":"True Grit","floor":1.0},{"not_picked":["Anger","Headbutt"],"picked":"Carnage","floor":2.0},{"not_picked":["Havoc","Combust"],"picked":"Shrug It Off","floor":4.0},{"not_picked":["Inflame","Perfected Strike"],"picked":"Seeing Red","floor":7.0},{"not_picked":["Cleave","Rampage"],"picked":"Shrug It Off","floor":11.0},{"not_picked":["Armaments","Spot Weakness"],"picked":"Impervious","floor":11.0},{"not_picked":["Havoc","True Grit","Fire Breathing"],"picked":"SKIP","floor":12.0},{"not_picked":["Reckless Charge","Iron Wave","Headbutt"],"picked":"SKIP","floor":12.0},{"not_picked":["Sword Boomerang","Ghostly Armor","Iron Wave"],"picked":"SKIP","floor":14.0}],"player_experience":1377577,"relics_obtained":[{"floor":7.0,"key":"Champion Belt"},{"floor":9.0,"key":"Prayer Wheel"},{"floor":14.0,"key":"Unceasing Top"}],"event_choices":[{"cards_removed":["Strike_R"],"damage_healed":0.0,"max_hp_gain":0.0,"max_hp_loss":0.0,"gold_gain":0.0,"event_name":"Purifier","player_choice":"Purged","floor":3.0,"gold_loss":0.0,"damage_taken":0.0}],"is_beta":false,"boss_relics":[],"items_purged_floors":[],"is_endless":false,"potions_floor_spawned":[1,2,7,14],"killed_by":"Slime Boss","ascension_level":20}}