{"host":"uxq2rly8rxtwffuf","time":1610525380,"event":{"mods":["BaseMod","Koishi","Minty Spire (QoL Compilation)","StSLib","The Servant 0.9.4"],"gold_per_floor":[119,119,119,44,54,54,80,80,105,125,125,149,190,190,190,309,309,323,24,24,44,44,44,68,93,119,144,144,144],"floor_reached":28,"language":"ENG","playtime":790,"items_purged":["Defend_G"],"score":346,"play_id":"559dcccd-baeb-4b26-ae11-952dc8042207","local_time":"20210113110940","is_ascension_mode":true,"campfire_choices":[{"data":"Corpse Explosion","floor":6,"key":"SMITH"},{"data":"Neutralize","floor":8,"key":"SMITH"},{"floor":15,"key":"REST"},{"floor":23,"key":"REST"}],"circlet_count":0,"master_deck":["AscendersBane","Strike_G","Strike_G","Defend_G","Defend_G","Survivor","Neutralize+1","Dagger Spray","Corpse Explosion+1","Slice","Infinite Blades","A Thousand Cuts","Heel Hook","Sucker Punch","Backflip","Blade Dance","Slice+1"],"relics":["Ring of the Snake","Boot","Bag of Marbles","Anchor","Nunchaku","Golden Idol","Centennial Puzzle","Empty Cage","MealTicket","TheAbacus","Happy Flower","Lantern"],"acts_visited":["Exordium","TheCity"],"potions_floor_usage":[13,27,28],"damage_taken":[{"damage":2,"enemies":"2 Louse","floor":1,"turns":3},{"damage":4,"enemies":"Jaw Worm","floor":5,"turns":4},{"damage":4,"enemies":"Small Slimes","floor":10,"turns":3},{"damage":0,"enemies":"3 Louse","floor":12,"turns":1},{"damage":25,"enemies":"Gremlin Nob","floor":13,"turns":4},{"damage":40,"enemies":"Hexaghost","floor":16,"turns":10},{"damage":34,"enemies":"Spheric Guardian","floor":18,"turns":6},{"damage":3,"enemies":"Shell Parasite","floor":21,"turns":4},{"damage":22,"enemies":"Sentry and Sphere","floor":24,"turns":4},{"damage":14,"enemies":"Shelled Parasite and Fungi","floor":27,"turns":3},{"damage":6,"enemies":"Snake Plant","floor":28,"turns":1}],"seed_played":"1718583280063700802","potions_obtained":[{"floor":12,"key":"Fire Potion"},{"floor":13,"key":"BlessingOfTheForge"},{"floor":16,"key":"Strength Potion"}],"is_trial":false,"path_per_floor":["M","?","?","$","M","R","T","R","T","M","?","M","E","?","R","B",null,"M","$","?","M","?","R","M","T","T","M","M"],"character_chosen":"THE_SILENT","items_purchased":["MealTicket","TheAbacus"],"campfire_rested":2,"item_purchase_floors":[19,19],"current_hp_per_floor":[61,61,54,54,50,50,50,50,50,46,29,29,4,27,48,8,55,21,21,21,18,18,39,17,17,17,3,0,0],"gold":144,"neow_bonus":"RANDOM_COMMON_RELIC","is_daily":false,"chose_seed":false,"campfire_upgraded":2,"win_rate":0.0,"timestamp":1610525380,"path_taken":["M","?","?","$","M","R","?","R","T","M","?","M","E","?","R","BOSS","M","$","?","?","?","R","?","?","T","M","M"],"items_purchased_type":["Relic","Relic"],"build_version":"2020-12-22","purchased_purges":1,"victory":false,"max_hp_per_floor":[70,70,70,70,70,70,70,70,70,70,70,70,70,70,70,70,70,70,70,70,70,70,70,70,70,70,70,70,70],"card_choices":[{"not_picked":["PiercingWail","Slice"],"picked":"Dagger Spray","floor":1},{"not_picked":["Backflip","Calculated Gamble"],"picked":"Corpse Explosion","floor":5},{"not_picked":["Skewer","Deadly Poison"],"picked":"Slice","floor":10},{"not_picked":["Choke","Deadly Poison"],"picked":"Infinite Blades","floor":12},{"not_picked":["Poisoned Stab","Dagger Throw","Distraction"],"picked":"SKIP","floor":13},{"not_picked":["Burst","Storm of Steel"],"picked":"A Thousand Cuts","floor":16},{"not_picked":["Dagger Throw","Skewer"],"picked":"Heel Hook","floor":18},{"not_picked":["Slice","Deadly Poison"],"picked":"Sucker Punch","floor":21},{"not_picked":["Acrobatics","Reflex"],"picked":"Blade Dance","floor":24},{"not_picked":["Malaise","Underhanded Strike"],"picked":"Slice+1","floor":27}],"player_experience":1385093,"relics_obtained":[{"floor":7,"key":"Anchor"},{"floor":9,"key":"Nunchaku"},{"floor":13,"key":"Centennial Puzzle"},{"floor":25,"key":"Happy Flower"},{"floor":26,"key":"Lantern"}],"event_choices":[{"cards_removed":["Strike_G"],"damage_healed":0,"gold_gain":0,"player_choice":"Forget","damage_taken":0,"max_hp_gain":0,"max_hp_loss":0,"event_name":"Living Wall","floor":2,"gold_loss":0},{"damage_healed":0,"gold_gain":0,"player_choice":"Success","damage_taken":7,"relics_obtained":["Bag of Marbles"],"max_hp_gain":0,"max_hp_loss":0,"event_name":"Scrap Ooze","floor":3,"gold_loss":0},{"damage_healed":0,"gold_gain":0,"player_choice":"Take Damage","damage_taken":17,"relics_obtained":["Golden Idol"],"max_hp_gain":0,"max_hp_loss":0,"event_name":"Golden Idol","floor":11,"gold_loss":0},{"damage_healed":23,"gold_gain":0,"player_choice":"Banana","damage_taken":0,"max_hp_gain":0,"max_hp_loss":0,"event_name":"Big Fish","floor":14,"gold_loss":0},{"cards_removed":["Strike_G"],"damage_healed":0,"gold_gain":0,"player_choice":"Offered Basic","damage_taken":0,"max_hp_gain":0,"max_hp_loss":0,"event_name":"Bonfire Elementals","floor":20,"gold_loss":0},{"damage_healed":0,"gold_gain":0,"cards_transformed":["Defend_G"],"player_choice":"Transformed","damage_taken":0,"max_hp_gain":0,"max_hp_loss":0,"event_name":"Transmorgrifier","floor":22,"gold_loss":0,"cards_obtained":["Backflip"]}],"is_beta":false,"boss_relics":[{"not_picked":["Busted Crown","Snecko Eye"],"picked":"Empty Cage"}],"items_purged_floors":[4],"is_endless":false,"potions_floor_spawned":[12,13,16,18,24],"killed_by":"Snake Plant","ascension_level":12}}