{"host":"y9jgkjnf95sujozk","time":1610552102,"event":{"mods":["2.2 Compatiblity","AchievementEnabler","Act Like it!","BaseMod","Block Reminder","Colored Map","Colored Powertips","Decade(王小明)","Downfall","Friendly Minions","Gensokyo","GifTheSpireLib","Hallownest","Hermit","Highlight Path","HololiveMod","Hubris","Infinite Spire","Jorbs\u0027s Wanderer Trilogy","Koishi","Marisa（霧雨　魔理沙）","Minty Spire (QoL Compilation)","Quick Restart","Random Character Button","Rare Cards Sparkle","Reimu（博??梦）","Remilia（蕾米莉?）","Replay The Spire","Shop Mod","StSLib","SuperFastMode","The Animator","The Bug Knight","The Cursed","The Disciple","The Hierophant","The Jungle","The Senshi","The Servant 0.9.4"],"gold_per_floor":[110,123,123,123,123,155,155,184,184,184,184,202,202,53,53,150,150,164,176,189,149,149,149,149],"floor_reached":22,"language":"ENG","playtime":1428,"items_purged":[],"score":211,"play_id":"0e00fec7-ede6-4936-98cf-f1b32b7a8fb1","local_time":"20210113163502","is_ascension_mode":true,"campfire_choices":[{"floor":7,"key":"REST"},{"floor":10,"key":"REST"},{"floor":13,"key":"REST"},{"data":"Replay:Sssssssssshield","floor":15,"key":"SMITH"},{"data":"Guardian:PrismaticBeam","floor":15,"key":"SMITH"}],"circlet_count":0,"master_deck":["Guardian:Strike_Guardian","Guardian:Strike_Guardian","Guardian:Strike_Guardian","Guardian:Strike_Guardian","Guardian:Defend_Guardian","Guardian:Defend_Guardian","Guardian:Defend_Guardian","Guardian:Defend_Guardian","Guardian:CurlUp","Guardian:TwinSlam","Guardian:PrimingBeam","Guardian:CrystalBeam","Guardian:TemporalShield+1","Guardian:CrystalBeam","Guardian:ChargeCore","Guardian:PrismaticBeam+1","Replay:Sssssssssshield+1","Guardian:FastForward","Guardian:DecasProtection","Guardian:FuturePlans","Guardian:Planning+1"],"relics":["Guardian:ModeShifter","infinitespire:ShieldingShard","Replay:Arrowhead","Oddly Smooth Stone","Darkstone Periapt","Replay:Fungal Core"],"acts_visited":["Exordium","TheCity"],"potions_floor_usage":[8,19,22],"damage_taken":[{"damage":4,"enemies":"Small Slimes","floor":1,"turns":5},{"damage":0,"enemies":"Jaw Worm","floor":2,"turns":4},{"damage":17,"enemies":"Gremlin Nob","floor":6,"turns":5},{"damage":31,"enemies":"3 Sentries","floor":8,"turns":13},{"damage":0,"enemies":"2 Louse","floor":12,"turns":2},{"damage":64,"enemies":"Hexaghost","floor":16,"turns":16},{"damage":0,"enemies":"3 Byrds","floor":18,"turns":4},{"damage":54,"enemies":"Cultist and Chosen","floor":19,"turns":11},{"damage":29,"enemies":"Snecko","floor":20,"turns":10},{"damage":11,"enemies":"Centurion and Healer","floor":22,"turns":3}],"seed_played":"94386815760023923","potions_obtained":[{"floor":6,"key":"Languid Potion"},{"floor":16,"key":"Block Potion"},{"floor":19,"key":"BlessingOfTheForge"}],"is_trial":false,"path_per_floor":["M","M","?","?","T","E","R","E","T","R","?","M","R","$","R","B",null,"M","M","M","?","M"],"character_chosen":"GUARDIAN","items_purchased":["Guardian:PrismaticBeam","Replay:Sssssssssshield"],"campfire_rested":3,"item_purchase_floors":[14,14],"current_hp_per_floor":[84,84,88,88,88,71,88,57,57,83,83,83,88,88,88,24,88,88,34,5,5,0,0,0],"gold":149,"neow_bonus":"TEN_PERCENT_HP_BONUS","is_daily":false,"chose_seed":false,"campfire_upgraded":2,"win_rate":0.0,"timestamp":1610552102,"path_taken":["M","M","?","?","?","E","R","E","T","R","?","M","R","$","R","BOSS","M","M","?","?","?"],"items_purchased_type":["Card","Card"],"build_version":"2020-12-22","purchased_purges":0,"victory":false,"max_hp_per_floor":[88,88,88,88,88,88,88,88,88,88,88,88,88,88,88,88,88,88,88,88,88,88,88,88],"card_choices":[{"not_picked":["Guardian:Gem_Green","Guardian:CrystalBeam"],"picked":"Guardian:PrimingBeam","floor":1},{"not_picked":["Guardian:Gem_Red","Guardian:RollAttack"],"picked":"Guardian:CrystalBeam","floor":2},{"not_picked":["Guardian:Incinerate","Guardian:Reroute"],"picked":"Guardian:TemporalShield","floor":6},{"not_picked":["Guardian:StasisStrike","Guardian:ShieldCharger"],"picked":"Guardian:CrystalBeam","floor":8},{"not_picked":["Guardian:PiercingHide","Guardian:AncientConstruct"],"picked":"Guardian:ChargeCore","floor":12},{"not_picked":["Guardian:GemFire","Guardian:StasisField"],"picked":"Guardian:FastForward","floor":16},{"not_picked":["Guardian:Reroute","Guardian:TemporalShield"],"picked":"Guardian:DecasProtection","floor":18},{"not_picked":["Guardian:ShieldCharger","Guardian:TemporalStrike"],"picked":"Guardian:FuturePlans","floor":19},{"not_picked":["Guardian:Gem_Purple","Guardian:TemporalStrike"],"picked":"Guardian:Planning","floor":20}],"player_experience":145745,"relics_obtained":[{"floor":5,"key":"infinitespire:ShieldingShard"},{"floor":6,"key":"Replay:Arrowhead"},{"floor":8,"key":"Oddly Smooth Stone"},{"floor":9,"key":"Darkstone Periapt"}],"event_choices":[{"damage_healed":29,"gold_gain":0,"player_choice":"Banana","damage_taken":0,"max_hp_gain":0,"max_hp_loss":0,"event_name":"Big Fish","floor":3,"gold_loss":0},{"damage_healed":0,"gold_gain":0,"player_choice":"Upgraded Two","damage_taken":0,"max_hp_gain":0,"max_hp_loss":0,"event_name":"Designer","floor":21,"gold_loss":40,"cards_upgraded":["Guardian:Planning","Guardian:TemporalShield"]}],"is_beta":false,"boss_relics":[{"not_picked":["Replay:Ancient Bell","SacredBark"],"picked":"Replay:Fungal Core"}],"items_purged_floors":[],"is_endless":false,"potions_floor_spawned":[6,16,19],"killed_by":"Centurion and Healer","ascension_level":2}}