{"host":"1a3cjta80tad0aqj","time":1610555234,"event":{"mods":["2.2 Compatiblity","AchievementEnabler","BaseMod","Colored Map","DeckTracker","KOR Keyword Fix","Keyboard Shortcuts","Minty Spire (QoL Compilation)","Permanent Neow","Quick Restart","Random Character Button","StSLib","SuperFastMode","everything is the same but u backflip on backflip"],"gold_per_floor":[110,120,140,152,169,169,180,32,32,50,50,50,78,90,90,188,188,203,93,111,126,126,126,156,156,156,183,183,183,108,118,118,223,223,233,40,40,59,74,74,124,124,170,170,170,170,270,290,290,290],"floor_reached":51,"language":"KOR","playtime":2213,"items_purged":["Strike_B"],"score":687,"play_id":"ee19b016-55aa-4f63-923c-e1209f9673f0","local_time":"20210114012714","is_ascension_mode":false,"campfire_choices":[{"data":"Dualcast","floor":6,"key":"SMITH"},{"floor":12,"key":"REST"},{"data":"Streamline","floor":15,"key":"SMITH"},{"data":"Core Surge","floor":23,"key":"SMITH"},{"data":"Electrodynamics","floor":25,"key":"SMITH"},{"data":"Double Energy","floor":29,"key":"SMITH"},{"data":"Tempest","floor":32,"key":"SMITH"},{"data":"Biased Cognition","floor":40,"key":"SMITH"},{"data":"Leap","floor":42,"key":"SMITH"},{"data":"Auto Shields","floor":44,"key":"SMITH"},{"data":"Ball Lightning","floor":46,"key":"SMITH"},{"data":"Hologram","floor":49,"key":"SMITH"}],"circlet_count":0,"master_deck":["Dualcast+1","Lockon+1","Streamline+1","Auto Shields+1","Cold Snap","Capacitor","Barrage+1","Core Surge+1","Leap+1","Electrodynamics+1","Rebound+1","Melter+1","Rainbow+1","BootSequence","Ball Lightning+1","Conserve Battery","Aggregate","BootSequence","Scrape","Steam+1","Double Energy+1","Tempest+1","Biased Cognition+1","Seek","Hologram+1"],"relics":["Cracked Core","Bag of Marbles","Membership Card","Eternal Feather","Orichalcum","Astrolabe","Lee\u0027s Waffle","PreservedInsect","Peace Pipe","Emotion Chip","SlaversCollar","Regal Pillow","Oddly Smooth Stone","Incense Burner","Toy Ornithopter"],"acts_visited":["Exordium","TheCity","TheBeyond"],"potions_floor_usage":[5,16,16,41,50,50,50],"damage_taken":[{"damage":3,"enemies":"Jaw Worm","floor":1,"turns":4},{"damage":1,"enemies":"2 Louse","floor":2,"turns":2},{"damage":0,"enemies":"Small Slimes","floor":3,"turns":2},{"damage":9,"enemies":"2 Fungi Beasts","floor":4,"turns":3},{"damage":9,"enemies":"Gremlin Gang","floor":5,"turns":5},{"damage":3,"enemies":"Looter","floor":7,"turns":3},{"damage":2,"enemies":"3 Louse","floor":10,"turns":3},{"damage":12,"enemies":"Gremlin Nob","floor":13,"turns":3},{"damage":0,"enemies":"Gremlin Gang","floor":14,"turns":3},{"damage":56,"enemies":"The Guardian","floor":16,"turns":9},{"damage":9,"enemies":"3 Byrds","floor":18,"turns":4},{"damage":11,"enemies":"Spheric Guardian","floor":20,"turns":4},{"damage":3,"enemies":"Cultist and Chosen","floor":21,"turns":4},{"damage":9,"enemies":"Slavers","floor":24,"turns":5},{"damage":14,"enemies":"Book of Stabbing","floor":27,"turns":4},{"damage":6,"enemies":"Centurion and Healer","floor":31,"turns":5},{"damage":52,"enemies":"Collector","floor":33,"turns":7},{"damage":5,"enemies":"Orb Walker","floor":35,"turns":3},{"damage":0,"enemies":"3 Shapes","floor":38,"turns":3},{"damage":0,"enemies":"Maw","floor":39,"turns":6},{"damage":11,"enemies":"Mind Bloom Boss Battle","floor":41,"turns":5},{"damage":10,"enemies":"Transient","floor":48,"turns":5},{"damage":51,"enemies":"Awakened One","floor":50,"turns":10}],"seed_played":"7964761115586365392","potions_obtained":[{"floor":1,"key":"SkillPotion"},{"floor":3,"key":"BlessingOfTheForge"},{"floor":4,"key":"LiquidBronze"},{"floor":7,"key":"Ancient Potion"},{"floor":13,"key":"SkillPotion"},{"floor":16,"key":"Dexterity Potion"},{"floor":18,"key":"EssenceOfDarkness"},{"floor":21,"key":"FocusPotion"},{"floor":27,"key":"LiquidMemories"},{"floor":35,"key":"DuplicationPotion"},{"floor":41,"key":"ColorlessPotion"}],"is_trial":false,"path_per_floor":["M","M","M","M","M","R","M","$","T","M","?","R","E","M","R","B",null,"M","$","M","M","?","R","E","R","T","E","?","R","?","M","R","B",null,"M","$","?","M","M","R","?","R","T","R","?","R","?","M","R","B",null],"character_chosen":"DEFECT","items_purchased":["Membership Card","Lee\u0027s Waffle","Ball Lightning","Conserve Battery","Regal Pillow","Oddly Smooth Stone"],"campfire_rested":1,"item_purchase_floors":[8,19,19,19,36,36],"current_hp_per_floor":[72,71,71,62,53,53,50,50,50,48,33,64,52,52,61,5,75,66,82,71,68,68,80,71,82,82,68,68,82,82,76,82,30,82,77,77,77,77,77,82,71,82,82,82,82,82,82,72,82,40],"gold":290,"neow_bonus":"RANDOM_COMMON_RELIC","is_daily":false,"chose_seed":false,"campfire_upgraded":11,"win_rate":0.0,"timestamp":1610555234,"path_taken":["M","M","M","M","M","R","M","$","T","M","?","R","E","M","R","BOSS","M","$","M","M","?","R","E","R","T","E","?","R","?","M","R","BOSS","M","$","?","?","M","R","?","R","T","R","?","R","?","?","R","BOSS"],"items_purchased_type":["Relic","Relic","Card","Card","Relic","Relic"],"build_version":"2020-12-22","purchased_purges":1,"victory":true,"max_hp_per_floor":[75,75,75,75,75,75,75,75,75,75,75,75,75,75,75,75,75,75,82,82,82,82,82,82,82,82,82,82,82,82,82,82,82,82,82,82,82,82,82,82,82,82,82,82,82,82,82,82,82,82],"card_choices":[{"not_picked":["Compile Driver","Coolheaded"],"picked":"Lockon","floor":1},{"not_picked":["Turbo","Auto Shields"],"picked":"Rebound","floor":2},{"not_picked":["Steam Power","Coolheaded"],"picked":"Streamline","floor":3},{"not_picked":["Rebound","Blizzard"],"picked":"Auto Shields","floor":4},{"not_picked":["Steam","Heatsinks"],"picked":"Cold Snap","floor":5},{"not_picked":["Sweeping Beam","Aggregate"],"picked":"Capacitor","floor":7},{"not_picked":["Steam","Redo"],"picked":"Barrage","floor":10},{"not_picked":["Recycle","Go for the Eyes"],"picked":"Core Surge","floor":13},{"not_picked":["Streamline","Beam Cell"],"picked":"Leap","floor":14},{"not_picked":["Biased Cognition","Meteor Strike"],"picked":"Electrodynamics","floor":16},{"not_picked":["Rebound","Leap+1"],"picked":"BootSequence","floor":18},{"not_picked":["Conserve Battery","Melter","Cold Snap"],"picked":"SKIP","floor":20},{"not_picked":["Ball Lightning+1","Blizzard"],"picked":"Aggregate","floor":21},{"not_picked":["Reprogram+1","Melter"],"picked":"Steam+1","floor":24},{"not_picked":["Rebound","Conserve Battery"],"picked":"Double Energy","floor":27},{"not_picked":["Coolheaded","Steam"],"picked":"Tempest","floor":31},{"not_picked":["Multi-Cast","Meteor Strike"],"picked":"Biased Cognition","floor":33},{"not_picked":["Redo","Conserve Battery","Rebound+1"],"picked":"SKIP","floor":35},{"not_picked":["Double Energy","Rebound","Doom and Gloom+1"],"picked":"SKIP","floor":38},{"not_picked":["Compile Driver","Gash+1","Cold Snap"],"picked":"SKIP","floor":39},{"not_picked":["Seek","Streamline"],"picked":"Hologram","floor":48}],"player_experience":303594,"relics_obtained":[{"floor":9,"key":"Eternal Feather"},{"floor":13,"key":"Orichalcum"},{"floor":24,"key":"PreservedInsect"},{"floor":26,"key":"Peace Pipe"},{"floor":27,"key":"Emotion Chip"},{"floor":41,"key":"Incense Burner"},{"floor":43,"key":"Toy Ornithopter"}],"event_choices":[{"damage_healed":0,"gold_gain":0,"player_choice":"Entered Light","damage_taken":15,"max_hp_gain":0,"max_hp_loss":0,"event_name":"Shining Light","floor":11,"gold_loss":0,"cards_upgraded":["Barrage","Lockon"]},{"damage_healed":0,"gold_gain":0,"cards_transformed":["Strike_B","Strike_B"],"player_choice":"Became Test Subject","damage_taken":0,"max_hp_gain":0,"max_hp_loss":0,"event_name":"Drug Dealer","floor":22,"gold_loss":0,"cards_obtained":["BootSequence","Scrape"]},{"cards_removed":["Defend_B"],"damage_healed":0,"gold_gain":0,"player_choice":"Elegance","damage_taken":0,"max_hp_gain":0,"max_hp_loss":0,"event_name":"Back to Basics","floor":28,"gold_loss":0},{"cards_removed":["Defend_B"],"damage_healed":0,"gold_gain":0,"player_choice":"Gave Gold","damage_taken":0,"max_hp_gain":0,"max_hp_loss":0,"event_name":"Beggar","floor":30,"gold_loss":75},{"damage_healed":0,"gold_gain":0,"cards_transformed":["Rebound"],"player_choice":"Transformed","damage_taken":0,"max_hp_gain":0,"max_hp_loss":0,"event_name":"Transmorgrifier","floor":37,"gold_loss":0,"cards_obtained":["Seek"]},{"damage_healed":0,"gold_gain":0,"player_choice":"Fight","damage_taken":0,"max_hp_gain":0,"max_hp_loss":0,"event_name":"MindBloom","floor":41,"gold_loss":0},{"cards_removed":["Zap"],"damage_healed":0,"gold_gain":0,"player_choice":"Removed Skill","damage_taken":0,"max_hp_gain":0,"max_hp_loss":0,"event_name":"Falling","floor":45,"gold_loss":0},{"damage_healed":0,"gold_gain":100,"player_choice":"Pray","damage_taken":0,"max_hp_gain":0,"max_hp_loss":0,"event_name":"Golden Shrine","floor":47,"gold_loss":0}],"is_beta":false,"boss_relics":[{"not_picked":["Runic Pyramid","Ectoplasm"],"picked":"Astrolabe"},{"not_picked":["SacredBark","Sozu"],"picked":"SlaversCollar"}],"items_purged_floors":[36],"is_endless":false,"potions_floor_spawned":[1,3,4,7,13,16,18,21,27,35,39,41],"ascension_level":0}}