{"host":"9tdk3zzhmpo6o3dg","time":1610540534,"event":{"mods":["BaseMod","Downfall","Marisa£®ÏF”Í°°ƒß¿Ì…≥£©","Minty Spire (QoL Compilation)","Shop Mod","StSLib","The Cursed","The Marked","The Servant 0.9.4"],"gold_per_floor":[112,4,24,24,24,24,24,24,71,71,97,97,107,132,132,228,228,248,248,158,174,192,192,211,211,211,211,12,12,12],"floor_reached":29,"language":"ZHS","playtime":1019,"items_purged":[],"score":244,"play_id":"9b3440b5-c066-45fd-9702-c1ecf17fe687","local_time":"20210113202214","is_ascension_mode":false,"campfire_choices":[{"data":"theMarked:ComboAttacks","floor":6,"key":"SMITH"},{"data":"theMarked:SoldierOfQuellstein","floor":10,"key":"SMITH"},{"data":"theMarked:Polarize","floor":12,"key":"SMITH"},{"data":"theMarked:RogueSparks","floor":15,"key":"SMITH"},{"floor":23,"key":"REST"},{"floor":25,"key":"REST"},{"data":"theMarked:ElementalBlade","floor":27,"key":"SMITH"}],"circlet_count":0,"master_deck":["theMarked:Strike","theMarked:Strike","theMarked:Strike","theMarked:Strike+1","theMarked:Defend","theMarked:SoldierOfQuellstein+1","theMarked:ChainLightning","theMarked:ComboAttacks+1","theMarked:Parry","theMarked:ReduceFriction+1","theMarked:Polarize+1","theMarked:RogueSparks+1","theMarked:ChannelForce","theMarked:BanishingWave+1","theMarked:SummonStrength+1","theMarked:Vacuum+1","theMarked:ComboAttacks","theMarked:Parry","theMarked:Aftermath+1","theMarked:HeritageOfTheMarked","theMarked:ElementalBlade+1","theMarked:BindingBlade"],"relics":["theMarked:ArtifactOfAir","NeowsBlessing","Centennial Puzzle","Orichalcum","Kunai","Anchor","Ancient Tea Set","MerchantsRug"],"acts_visited":["Exordium","TheCity"],"potions_floor_usage":[16,24],"damage_taken":[{"damage":0,"enemies":"Cultist","floor":1,"turns":1},{"damage":0,"enemies":"Jaw Worm","floor":3,"turns":1},{"damage":0,"enemies":"Gremlin Nob","floor":11,"turns":1},{"damage":0,"enemies":"Small Slimes","floor":13,"turns":2},{"damage":40,"enemies":"The Guardian","floor":16,"turns":8},{"damage":26,"enemies":"3 Byrds","floor":18,"turns":4},{"damage":21,"enemies":"Spheric Guardian","floor":21,"turns":4},{"damage":14,"enemies":"Snecko","floor":22,"turns":5},{"damage":20,"enemies":"Snake Plant","floor":24,"turns":4},{"damage":31,"enemies":"Slavers","floor":29,"turns":3}],"seed_played":"-5924524995746217723","potions_obtained":[{"floor":3,"key":"SpeedPotion"},{"floor":11,"key":"AttackPotion"},{"floor":13,"key":"BlessingOfTheForge"},{"floor":18,"key":"Energy Potion"}],"is_trial":false,"path_per_floor":["M","$","M","$","?","R","$","?","T","R","E","R","M","T","R","B",null,"M","?","?","M","M","R","M","R","T","R","$","E"],"character_chosen":"THE_DEFAULT","items_purchased":["theMarked:ComboAttacks","theMarked:Parry","MerchantsRug","theMarked:BindingBlade"],"campfire_rested":2,"item_purchase_floors":[2,2,28,28],"current_hp_per_floor":[70,70,70,70,63,63,63,63,63,63,63,63,63,63,63,23,70,44,44,44,23,9,30,10,31,31,31,31,0,0],"gold":12,"neow_bonus":"THREE_ENEMY_KILL","is_daily":false,"chose_seed":false,"campfire_upgraded":5,"win_rate":0.0,"timestamp":1610540534,"path_taken":["M","?","M","$","?","R","$","?","T","R","E","R","?","?","R","BOSS","M","?","?","M","M","R","M","R","T","R","$","E"],"items_purchased_type":["Card","Card","Relic","Card"],"build_version":"2020-12-22","purchased_purges":0,"victory":false,"max_hp_per_floor":[70,70,70,70,70,70,70,70,70,70,70,70,70,70,70,70,70,70,70,70,70,70,70,70,70,70,70,70,70,70],"card_choices":[{"not_picked":["theMarked:TwofoldDefense","theMarked:WastefulAttack"],"picked":"theMarked:ChainLightning","floor":1},{"not_picked":["theMarked:ContemptForTheProud","theMarked:WastefulDefense"],"picked":"theMarked:ReduceFriction","floor":3},{"not_picked":["theMarked:EmpowerWeapon","theMarked:WardOff"],"picked":"theMarked:Polarize","floor":11},{"not_picked":["theMarked:ResourceFulStrike","theMarked:Seal"],"picked":"theMarked:RogueSparks","floor":13},{"not_picked":["theMarked:Snap","theMarked:EternalStudent"],"picked":"theMarked:ChannelForce","floor":16},{"not_picked":["theMarked:GodGivenPower+1","theMarked:Parkour"],"picked":"theMarked:ComboAttacks","floor":18},{"not_picked":["theMarked:ResourceFulStrike","theMarked:Improvise+1"],"picked":"theMarked:Aftermath+1","floor":21},{"not_picked":["theMarked:Reabsorb","theMarked:TakeCover"],"picked":"theMarked:HeritageOfTheMarked","floor":22},{"not_picked":["theMarked:EmpowerWeapon","theMarked:TwofoldDefense+1"],"picked":"theMarked:ElementalBlade","floor":24}],"player_experience":103667,"relics_obtained":[{"floor":9,"key":"Orichalcum"},{"floor":11,"key":"Kunai"},{"floor":14,"key":"Anchor"},{"floor":26,"key":"Ancient Tea Set"}],"event_choices":[{"damage_healed":0,"gold_gain":0,"player_choice":"Success","damage_taken":7,"relics_obtained":["Centennial Puzzle"],"max_hp_gain":0,"max_hp_loss":0,"event_name":"Scrap Ooze","floor":5,"gold_loss":0},{"damage_healed":0,"gold_gain":0,"player_choice":"Forge","damage_taken":0,"max_hp_gain":0,"max_hp_loss":0,"event_name":"Accursed Blacksmith","floor":8,"gold_loss":0,"cards_upgraded":["theMarked:ReduceFriction"]},{"damage_healed":0,"gold_gain":0,"player_choice":"Read","damage_taken":0,"max_hp_gain":0,"max_hp_loss":0,"event_name":"The Library","floor":19,"gold_loss":0,"cards_obtained":["theMarked:Parry"]},{"cards_removed":["theMarked:Defend"],"damage_healed":0,"gold_gain":0,"player_choice":"Upgrade and Remove","damage_taken":0,"max_hp_gain":0,"max_hp_loss":0,"event_name":"Designer","floor":20,"gold_loss":90,"cards_upgraded":["theMarked:Strike"]}],"is_beta":false,"boss_relics":[{"not_picked":["Sozu","Snecko Eye"],"picked":"Astrolabe"}],"items_purged_floors":[],"is_endless":false,"potions_floor_spawned":[3,11,13,18],"killed_by":"Slavers","ascension_level":0}}