{"host":"dftyqn972q7tuon4","time":1610562111,"event":{"mods":["AchievementEnabler","BaseMod","Better Altar","Better Match","Better Note","Better Sensory Stone","Better Skull","Better Third Choice","Colored Powertips","Highlight Path","Minty Spire (QoL Compilation)","Permanent Neow","Quick Restart","StSLib"],"gold_per_floor":[113,38,51,68,79,79,109,109,109,109,109,109,119,14,14,109,109,122,122,22,97,109,109,141,159,208,236,236,236,236,247,247,348,398,412,141,141,141,105,105,105],"floor_reached":40,"language":"ENG","playtime":1714,"items_purged":["Strike_R","Strike_R","Strike_R"],"score":567,"play_id":"833b7f61-e38b-4f2c-811b-0b06a2d71ad9","local_time":"20210113192151","is_ascension_mode":true,"campfire_choices":[{"data":"Fire Breathing","floor":6.0,"key":"SMITH"},{"floor":10.0,"key":"REST"},{"data":"Immolate","floor":12.0,"key":"SMITH"},{"data":"Fire Breathing","floor":15.0,"key":"SMITH"},{"data":"Barricade","floor":23.0,"key":"SMITH"},{"floor":28.0,"key":"REST"},{"floor":30.0,"key":"REST"},{"data":"Fire Breathing","floor":32.0,"key":"SMITH"}],"circlet_count":0,"master_deck":["Strike_R","Defend_R","Defend_R","Defend_R","Defend_R","Bash","Fire Breathing+1","Reckless Charge","Combust","Shrug It Off","Immolate+1","Immolate","Alpha+1","Fire Breathing+1","Fire Breathing+1","Shrug It Off+1","Barricade+1","Armaments+1","Intimidate","Wild Strike+1","Impervious+1","Feed+1","Infernal Blade","AscendersBane","Immolate+1","Second Wind"],"relics":["Burning Blood","Darkstone Periapt","Toy Ornithopter","Self Forming Clay","Velvet Choker","Enchiridion","Molten Egg 2","Vajra","Turnip","Bloody Idol","Tiny House","Potion Belt"],"acts_visited":["Exordium","TheCity","TheBeyond"],"potions_floor_usage":[40,40,40],"damage_taken":[{"damage":6.0,"enemies":"Cultist","floor":1.0,"turns":4.0},{"damage":4.0,"enemies":"Jaw Worm","floor":3.0,"turns":4.0},{"damage":10.0,"enemies":"2 Louse","floor":4.0,"turns":3.0},{"damage":16.0,"enemies":"Lots of Slimes","floor":5.0,"turns":3.0},{"damage":21.0,"enemies":"Lagavulin","floor":7.0,"turns":5.0},{"damage":5.0,"enemies":"Exordium Thugs","floor":13.0,"turns":2.0},{"damage":14.0,"enemies":"Slime Boss","floor":16.0,"turns":6.0},{"damage":12.0,"enemies":"Chosen","floor":18.0,"turns":6.0},{"damage":3.0,"enemies":"Spheric Guardian","floor":22.0,"turns":3.0},{"damage":33.0,"enemies":"Book of Stabbing","floor":24.0,"turns":6.0},{"damage":19.0,"enemies":"Centurion and Healer","floor":25.0,"turns":4.0},{"damage":19.0,"enemies":"Gremlin Leader","floor":27.0,"turns":6.0},{"damage":2.0,"enemies":"3 Cultists","floor":31.0,"turns":3.0},{"damage":19.0,"enemies":"Collector","floor":33.0,"turns":7.0},{"damage":11.0,"enemies":"Orb Walker","floor":35.0,"turns":3.0},{"damage":96,"enemies":"Giant Head","floor":40,"turns":7}],"seed_played":"6508493311760389714","potions_obtained":[{"floor":1.0,"key":"Fire Potion"},{"floor":3.0,"key":"FearPotion"},{"floor":7.0,"key":"DistilledChaos"},{"floor":16.0,"key":"Strength Potion"},{"floor":24.0,"key":"EssenceOfSteel"},{"floor":25.0,"key":"Explosive Potion"},{"floor":33.0,"key":"AttackPotion"},{"floor":34.0,"key":"AttackPotion"},{"floor":35.0,"key":"BlessingOfTheForge"}],"is_trial":false,"path_per_floor":["M","$","M","M","M","R","E","?","T","R","?","R","M","$","R","B",null,"M","?","$","?","M","R","E","M","T","E","R","?","R","M","R","B",null,"M","$","?","?","$","E"],"character_chosen":"IRONCLAD","items_purchased":["Fire Breathing","Shrug It Off","Potion Belt","Second Wind"],"campfire_rested":3,"item_purchase_floors":[14,14,36,39],"current_hp_per_floor":[72,72,74,70,60,60,45,37,37,61,61,61,62,62,62,54,74,68,52,52,44,57,57,30,22,22,19,43,3,27,36,36,28,73,73,73,79,79,79,0,0],"gold":105,"neow_bonus":"THREE_CARDS","is_daily":false,"chose_seed":false,"campfire_upgraded":5,"win_rate":0.0,"timestamp":1610562111,"path_taken":["M","$","M","M","?","R","E","?","T","R","?","R","?","?","R","BOSS","M","?","$","?","?","R","E","M","T","E","R","?","R","M","R","BOSS","M","$","?","?","$","E"],"items_purchased_type":["Card","Card","Relic","Card"],"build_version":"2020-12-22","purchased_purges":3,"victory":false,"max_hp_per_floor":[80,80,80,80,80,80,80,80,80,80,80,80,80,80,80,80,80,80,80,80,80,80,80,80,80,80,80,80,80,80,80,80,80,85,85,85,91,91,91,91,91],"card_choices":[{"not_picked":["Pommel Strike","Clash"],"picked":"Fire Breathing","floor":0.0},{"not_picked":["Inflame","Thunderclap"],"picked":"Reckless Charge","floor":1.0},{"not_picked":["Armaments","Cleave"],"picked":"Combust","floor":3.0},{"not_picked":["Inflame","True Grit"],"picked":"Shrug It Off","floor":4.0},{"not_picked":["Heavy Blade","Armaments"],"picked":"Immolate","floor":5.0},{"not_picked":["Sword Boomerang","Metallicize"],"picked":"Immolate","floor":7.0},{"not_picked":["Burning Pact","Heavy Blade"],"picked":"Fire Breathing","floor":13.0},{"not_picked":["Double Tap","Brutality"],"picked":"Barricade","floor":16.0},{"not_picked":["Intimidate","Clothesline"],"picked":"Armaments+1","floor":18.0},{"not_picked":["Uppercut","Cleave","Havoc"],"picked":"SKIP","floor":22.0},{"not_picked":["Inflame","Iron Wave+1","Clash+1"],"picked":"SKIP","floor":24.0},{"not_picked":["Shrug It Off","Flex"],"picked":"Intimidate","floor":25.0},{"not_picked":["Pommel Strike+1","Blood for Blood+1"],"picked":"Wild Strike+1","floor":27.0},{"not_picked":["Sentinel","Burning Pact+1"],"picked":"Impervious","floor":31.0},{"not_picked":["Berserk","Demon Form"],"picked":"Feed+1","floor":33.0},{"not_picked":["Heavy Blade+1","Shrug It Off"],"picked":"Infernal Blade","floor":34.0},{"not_picked":["Iron Wave+1","Havoc","Twin Strike+1"],"picked":"SKIP","floor":35.0}],"player_experience":625312,"relics_obtained":[{"floor":7.0,"key":"Darkstone Periapt"},{"floor":9.0,"key":"Self Forming Clay"},{"floor":19.0,"key":"Enchiridion"},{"floor":24.0,"key":"Molten Egg 2"},{"floor":26.0,"key":"Vajra"},{"floor":27.0,"key":"Turnip"}],"event_choices":[{"cards_removed":["Strike_R"],"damage_healed":0.0,"max_hp_gain":0.0,"max_hp_loss":0.0,"gold_gain":0.0,"event_name":"Bonfire Elementals","player_choice":"Offered Basic","floor":11.0,"gold_loss":0.0,"damage_taken":0.0},{"damage_healed":0.0,"max_hp_gain":0.0,"max_hp_loss":0.0,"gold_gain":0.0,"event_name":"Cursed Tome","player_choice":"Obtained Book","floor":19.0,"gold_loss":0.0,"damage_taken":16.0},{"damage_healed":0.0,"max_hp_gain":0.0,"max_hp_loss":0.0,"gold_gain":75.0,"event_name":"FaceTrader","player_choice":"Touch","floor":21.0,"gold_loss":0.0,"damage_taken":8.0},{"damage_healed":0.0,"max_hp_gain":43.0,"max_hp_loss":3.0,"gold_gain":0.0,"event_name":"betterAltar:BetterAltar","player_choice":" Idol ","floor":29.0,"potions_obtained":[],"relics_lost":[],"gold_loss":0.0,"damage_taken":40.0,"relics_obtained":["Bloody Idol"]},{"damage_healed":0.0,"max_hp_gain":0.0,"max_hp_loss":0.0,"gold_gain":3.0,"event_name":"betterStone:BetterStone","player_choice":"3","floor":37.0,"gold_loss":0.0,"damage_taken":0.0,"cards_obtained":["Immolate"]},{"damage_healed":0.0,"max_hp_gain":0.0,"max_hp_loss":0.0,"gold_gain":0.0,"event_name":"Upgrade Shrine","player_choice":"Upgraded","floor":38.0,"gold_loss":0.0,"damage_taken":0.0,"cards_upgraded":["Impervious"]}],"is_beta":false,"boss_relics":[{"not_picked":["Black Blood","Astrolabe"],"picked":"Velvet Choker"},{"not_picked":["Philosopher\u0027s Stone","Runic Pyramid"],"picked":"Tiny House"}],"items_purged_floors":[2,20,36],"is_endless":false,"potions_floor_spawned":[1,3,7,16,18,24,25,33,35],"killed_by":"Giant Head","ascension_level":7}}