{"host":"qg654vxoo1kzp6cj","time":1610571657,"event":{"mods":["100% Spire Juice","2.2 Compatiblity","Act Like it!","Aspiration","BaseMod","Better Altar","Better Skull","Better Third Choice","Better Vampires","Conspire","Dio Mod","Displayed Cursed Tome","Dota2Spire","Downfall","Elementarium","Gensokyo","GifTheSpireLib","Good Game Mod","Hallownest","Hermit","Hubris","Ironclad Rager","Jedi Mod","KinomotoSakuraMod(????)","Melee Mod","Menagerie","Minty Spire (QoL Compilation)","MostiFishMod","Pale of the Ancients","Permanent Neow","Poor People Problems","Replay The Spire","Retaliation","Robot Space Explorer","Shade Mod","Spicy Shops","Spikes Relics","StSLib","Strawberry Spire","Stuff the Spire","The Alterego","The Animator","The Blackbeard","The Bug Knight","The Death Knight","The Druid","The Forsaken","The Kombatant","The Marked","The Runesmith","The Senshi","The Wild Card","TheHero","TheVelvet","Trackpad","Waifu the Spire","Wandering Minibosses","WarShipGirlsR/????R mod","vexMod"],"gold_per_floor":[199,215,240,129,149,177,177,195,212,231,557,557,557,584,434,447,466,569,569,639,657,672,84,137,166,166,191,201,156,172,191,191,108,128,228,328,328,328,303,322,341,387,387,312,342,267,277,289,289,308,326,326,339,339],"floor_reached":55,"language":"ENG","playtime":3251,"items_purged":[],"score":1672,"play_id":"60db4f39-bb55-44e5-ac1b-60020e34f24a","local_time":"20210113160057","is_ascension_mode":false,"campfire_choices":[{"floor":1,"key":"RECALL"},{"floor":15,"key":"REST"},{"data":"champ:PerfectForm","floor":32,"key":"SMITH"},{"data":"1","floor":37,"key":"LIFT"},{"data":"2","floor":44,"key":"LIFT"}],"circlet_count":0,"master_deck":["champ:Strike","champ:Strike","champ:Strike","champ:Strike","champ:Defend","champ:Defend","champ:Defend","champ:Defend","champ:Execute","champ:Taunt","animeID:ShootStyle","champ:BringItOn","champ:DeathBlow","champ:ShieldWall+1","champ:StanceDance+1","champ:ShieldWall+1","champ:Duel","champ:GutPunch","champ:FlashCut","champ:BerserkersShout","champ:DefensiveStyle+1","champ:Lariat+1","champ:RisingSlash","champ:Devastate","champ:Backstep+1","champ:GutPunch","champ:EnGarde","champ:PerfectForm+1","champ:TornadoPunch","champ:HeavySlash","champ:RecklessLeap","champ:FanOfKnives","champ:HeartStrike+1","champ:AdrenalArmor","champ:IronFortress","champ:BerserkerStyle","champ:ShieldSlam","champ:CrookedStrike+1","champ:ShieldWall+1","champ:DeathBlow","champ:Encircle+1","wanderingMiniBosses:FinaleOfPromise","champ:EndlessRage+1","jedi:BattleThirst","champ:FocusedDefense+1"],"relics":["champ:ChampionCrown","DaveBox","REME:ComplimentaryCards","PatriotShield","strawberrySpire:MawJerky","trackpad:Mousetrap","theSenshi:SuperSailorFukuRelic","trackpad:WritersBlock","jedi:Pinwheel","downfall:HeartBlessingRed","downfall:HeartBlessingGreen","vexMod:ImprovementManual","SpikesRelics:SneckoPlush","Replay:Wax Seal","Blue Doll","DeathKnight:SindragosasSkull","hubris:DeckOfHolding","Girya","Replay:Wanted Poster","ShockBauble","theForsaken:HumbleEgg","downfall:HeartBlessingBlue","trackpad:IceCube","champ:BerserkersGuideToSlaughter","wanderingMiniBosses:Blackblade","strawberrySpire:ThornyGelberry","paleoftheancients:Timepiece","paleoftheancients:KeyRelic","CultistMask","paleoftheancients:SoulOfTheGuardian"],"acts_visited":["Exordium","Hallownest:Greenpath","Hallownest:CityofTears","Hallownest:KingdomsEdge"],"potions_floor_usage":[6,6,14,18,18,33,33,45,52,52,54],"damage_taken":[{"damage":10,"enemies":"Hallownest:monsterHuskGuard","floor":2,"turns":2},{"damage":20,"enemies":"downfall:FleeingMerchant","floor":4,"turns":4},{"damage":10,"enemies":"2_ Uuma","floor":5,"turns":2},{"damage":0,"enemies":"Hallownest:eliteVengeflyKing","floor":6,"turns":4},{"damage":10,"enemies":"Hallownest:monsterHuskWarrior","floor":8,"turns":1},{"damage":0,"enemies":"Hallownest:monsterMossCharger","floor":9,"turns":2},{"damage":0,"enemies":"Hallownest:monsterAspidMother","floor":10,"turns":2},{"damage":0,"enemies":"Hallownest:eliteCrystalGuardian","floor":14,"turns":2},{"damage":0,"enemies":"Hallownest:monsterFoolEater","floor":16,"turns":2},{"damage":0,"enemies":"Hallownest:MossCreep_and_Mosskin","floor":17,"turns":2},{"damage":8,"enemies":"downfall:Defect","floor":18,"turns":6},{"damage":24,"enemies":"Hallownest:3_Youths","floor":21,"turns":6},{"damage":0,"enemies":"Hallownest:Flukemon_and_Top","floor":22,"turns":3},{"damage":13,"enemies":"downfall:FleeingMerchant","floor":23,"turns":4},{"damage":6,"enemies":"Hallownest:Glutton_and_Coward","floor":24,"turns":3},{"damage":0,"enemies":"Hallownest:eliteWatcherKnight","floor":25,"turns":10},{"damage":6,"enemies":"Hallownest:eliteSoulWarrior","floor":27,"turns":4},{"damage":20,"enemies":"Hallownest:monsterMisterMushroom","floor":28,"turns":4},{"damage":0,"enemies":"Hallownest:2_Husk_Sentries","floor":30,"turns":5},{"damage":10,"enemies":"Hallownest:monsterShrumalOgre","floor":31,"turns":3},{"damage":0,"enemies":"downfall:FleeingMerchant","floor":33,"turns":2},{"damage":20,"enemies":"Hallownest:Warrior_and_Youth","floor":34,"turns":2},{"damage":61,"enemies":"downfall:Watcher","floor":35,"turns":6},{"damage":10,"enemies":"Hallownest:3_Siblings","floor":40,"turns":1},{"damage":0,"enemies":"Hallownest:Shield_Heavy","floor":41,"turns":2},{"damage":11,"enemies":"Hallownest:eliteCollector","floor":45,"turns":4},{"damage":0,"enemies":"Hallownest:2_Wing_and_1_Kings","floor":47,"turns":4},{"damage":14,"enemies":"Hallownest:Slobbering_and_Violent","floor":48,"turns":4},{"damage":0,"enemies":"Hallownest:monsterPrimalAspid","floor":50,"turns":2},{"damage":0,"enemies":"Hallownest:2_Soldiers_and_1_Guardian","floor":51,"turns":2},{"damage":92,"enemies":"downfall:Silent","floor":52,"turns":5},{"damage":41,"enemies":"downfall:Silent","floor":53,"turns":6},{"damage":188,"enemies":"paleoftheancients:N","floor":54,"turns":9}],"seed_played":"8837983519835462877","potions_obtained":[{"floor":2,"key":"DDmod:CleansePotion"},{"floor":5,"key":"jedi:StrikingPotion"},{"floor":8,"key":"Strength Potion"},{"floor":14,"key":"SpeedPotion"},{"floor":16,"key":"SteroidPotion"},{"floor":17,"key":"conspire:TimeTravelPotion"},{"floor":25,"key":"Energy Potion"},{"floor":28,"key":"DeathKnight:RimePotion"},{"floor":31,"key":"Adrenaline Potion"},{"floor":34,"key":"Dota2Spire:HealingSalve"},{"floor":35,"key":"PowerPotion"},{"floor":41,"key":"Dota2Spire:Clarity"},{"floor":45,"key":"Dota2Spire:Clarity"},{"floor":51,"key":"Adrenaline Potion"},{"floor":53,"key":"SkillPotion"}],"is_trial":false,"path_per_floor":["R","M","T","$","M","E","T","M","M","M","?","PTL","PTL","E","R","M","M","B",null,"R","M","M","$","M","E","T","E","M","?","M","M","R","$","M","B",null,"R","?","?","M","M","T","T","R","E","$","M","M","?","M","M","B","M","B",null],"character_chosen":"THE_CHAMP","items_purchased":["champ:ShieldWall","champ:StanceDance","SpikesRelics:SneckoPlush","Replay:Wax Seal","champ:PerfectForm","Girya","champ:IronFortress","champ:BerserkersGuideToSlaughter"],"campfire_rested":1,"item_purchase_floors":[4,4,23,23,23,33,33,46],"current_hp_per_floor":[90,90,90,94,94,98,98,98,98,98,49,49,49,63,93,102,102,102,102,102,102,102,106,106,110,110,114,114,114,114,114,114,118,118,118,118,118,118,118,118,118,118,118,128,132,132,132,132,132,132,132,145,145,132],"gold":339,"neow_bonus":"HUNDRED_GOLD","is_daily":false,"chose_seed":false,"campfire_upgraded":1,"win_rate":0.0,"timestamp":1610571657,"path_taken":["R","?","?","$","M","E","T","M","M","?","?","PTL","PTL","E","R","?","M","BOSS","R","M","M","$","?","E","T","E","M","?","M","M","R","$","M","BOSS","R","?","?","M","?","?","T","R","E","$","M","?","?","?","M","BOSS","M","BOSS"],"items_purchased_type":["Card","Card","Relic","Relic","Card","Relic","Card","Relic"],"build_version":"2020-12-22","purchased_purges":0,"victory":true,"max_hp_per_floor":[90,90,90,94,94,98,98,98,98,98,98,98,98,102,102,102,102,102,102,102,102,102,106,106,110,110,114,114,114,114,114,114,118,118,118,118,118,118,118,118,118,118,118,128,132,132,132,132,132,132,132,145,145,145],"card_choices":[{"not_picked":["champ:FalseCounter","champ:EnragedBash"],"picked":"champ:BringItOn","floor":2},{"not_picked":["champ:AdrenalArmor","champ:BerserkersShout"],"picked":"champ:DeathBlow","floor":4},{"not_picked":["champ:FlashCut","champ:ShieldThrow"],"picked":"champ:ShieldWall","floor":5},{"not_picked":["champ:FalseCounter","champ:FanOfKnives"],"picked":"champ:Duel","floor":6},{"not_picked":["champ:Backstep","champ:AdrenalArmor"],"picked":"champ:GutPunch","floor":8},{"not_picked":["champ:PerfectedStrike","champ:EndlessRage"],"picked":"champ:FlashCut","floor":9},{"not_picked":["champ:TornadoPunch","champ:DeathBlow"],"picked":"champ:BerserkersShout","floor":10},{"not_picked":["champ:CrookedStrike","champ:Backstep"],"picked":"champ:DefensiveStyle","floor":14},{"not_picked":["champ:Haymaker","champ:RapidStrikes"],"picked":"champ:Lariat","floor":16},{"not_picked":["champ:FlashCut","champ:BringItOn"],"picked":"champ:RisingSlash","floor":17},{"not_picked":["champ:Improvising","champ:HoldFirm"],"picked":"champ:Devastate","floor":18},{"not_picked":["champ:CrookedStrike+1","champ:StanceDance"],"picked":"champ:Backstep+1","floor":21},{"not_picked":["champ:BladeFlurry","champ:BerserkersShout"],"picked":"champ:GutPunch","floor":22},{"not_picked":["champ:EnragedBash","champ:RisingSlash+1"],"picked":"champ:EnGarde","floor":23},{"not_picked":["champ:AdrenalArmor","champ:EnGarde+1"],"picked":"champ:TornadoPunch","floor":24},{"not_picked":["champ:Backstep","champ:BringItOn"],"picked":"champ:HeavySlash","floor":25},{"not_picked":["champ:TornadoPunch","champ:FaceSlap+1"],"picked":"champ:RecklessLeap","floor":27},{"not_picked":["champ:Backstep","champ:Riposte"],"picked":"champ:FanOfKnives","floor":28},{"not_picked":["champ:CalledShot","champ:CrookedStrike","champ:RapidStrikes"],"picked":"SKIP","floor":30},{"not_picked":["champ:Shatter","champ:PerfectedStrike"],"picked":"champ:HeartStrike+1","floor":31},{"not_picked":["champ:BerserkersShout","champ:FlashCut"],"picked":"champ:AdrenalArmor","floor":33},{"not_picked":["champ:RecklessLeap","champ:BringItOn"],"picked":"champ:BerserkerStyle","floor":34},{"not_picked":["champ:HeavySlash","champ:DancingMaster"],"picked":"champ:ShieldSlam","floor":35},{"not_picked":["champ:BladeFlurry","champ:RecklessLeap+1"],"picked":"champ:CrookedStrike+1","floor":40},{"not_picked":["champ:PreciseThrust","champ:Backstep"],"picked":"champ:ShieldWall+1","floor":41},{"not_picked":["champ:PerfectedStrike+1","champ:GladiatorsShout+1"],"picked":"champ:DeathBlow","floor":45},{"not_picked":["champ:Riposte","champ:EndlessRage"],"picked":"champ:Encircle+1","floor":47},{"not_picked":[],"picked":"wanderingMiniBosses:FinaleOfPromise","floor":48},{"not_picked":["champ:BerserkersShout+1","champ:FanOfKnives+1"],"picked":"champ:EndlessRage+1","floor":48},{"not_picked":["champ:EnragedBash","champ:GladiatorsShout+1"],"picked":"champ:FocusedDefense+1","floor":50},{"not_picked":["champ:CrookedStrike+1","champ:TornadoPunch+1","champ:AdrenalArmor+1"],"picked":"SKIP","floor":51},{"not_picked":["champ:GladiatorsShout+1","champ:TornadoPunch+1","champ:FocusedDefense"],"picked":"SKIP","floor":53}],"player_experience":949168,"relics_obtained":[{"floor":3,"key":"strawberrySpire:MawJerky"},{"floor":6,"key":"trackpad:Mousetrap"},{"floor":7,"key":"theSenshi:SuperSailorFukuRelic"},{"floor":14,"key":"jedi:Pinwheel"},{"floor":25,"key":"Blue Doll"},{"floor":26,"key":"DeathKnight:SindragosasSkull"},{"floor":27,"key":"hubris:DeckOfHolding"},{"floor":43,"key":"theForsaken:HumbleEgg"},{"floor":45,"key":"trackpad:IceCube"},{"floor":48,"key":"wanderingMiniBosses:Blackblade"},{"floor":53,"key":"paleoftheancients:SoulOfTheGuardian"}],"event_choices":[{"damage_healed":0,"gold_gain":326,"player_choice":"GO GO RE GO ","damage_taken":54,"relics_obtained":["trackpad:WritersBlock"],"max_hp_gain":0,"max_hp_loss":0,"event_name":"betterSkull:BetterSkull","floor":11,"gold_loss":0,"cards_upgraded":[]}],"is_beta":false,"boss_relics":[{"not_picked":["Sandwich","trackpad:StolenKidneys"],"picked":"vexMod:ImprovementManual"},{"not_picked":["aspiration:FutureDiary","StuffTheSpire:RunicConfusion"],"picked":"Replay:Wanted Poster"}],"items_purged_floors":[],"is_endless":false,"potions_floor_spawned":[2,5,8,14,16,17,25,28,31,34,35,41,45,51,53],"ascension_level":0}}