{"host":"3jhxjeq8h3mqaq9s","time":1610507502,"event":{"mods":["BaseMod","Bestiary","Colored Map","Highlight Path","Minty Spire (QoL Compilation)","Rare Cards Sparkle","Relic Stats","StSLib","everything is the same but u backflip on backflip","slay the spire mod where everything is the same but ironclad has a cowboy hat"],"gold_per_floor":[114,131,141,66,66,66,91,105,129,129,160,13,32,32,32,131,131,120,120,134,148,148,148,177,177,229,259,259,85,120,140,140,140,140],"floor_reached":33,"language":"ENG","playtime":1462,"items_purged":["Strike_B","Strike_B"],"score":423,"play_id":"ff5eca9b-4da2-4f2f-995e-829375d63551","local_time":"20210112221142","is_ascension_mode":true,"campfire_choices":[{"data":"Zap","floor":6.0,"key":"SMITH"},{"floor":10.0,"key":"REST"},{"data":"Dualcast","floor":15.0,"key":"SMITH"},{"data":"Rainbow","floor":23.0,"key":"SMITH"},{"data":"Sweeping Beam","floor":25,"key":"SMITH"},{"data":"Ball Lightning","floor":28,"key":"SMITH"},{"data":"Static Discharge","floor":32,"key":"SMITH"}],"circlet_count":0,"master_deck":["Defend_B","Defend_B","Defend_B","Defend_B","Zap+1","Dualcast+1","Biased Cognition+1","Glacier","Glacier","Sweeping Beam+1","Self Repair","Rainbow","Genetic Algorithm","Rainbow+1","Sweeping Beam+1","Turbo","FTL","Compile Driver+1","Undo","Core Surge","Conserve Battery","Ball Lightning+1","Static Discharge+1","Seek"],"relics":["Cracked Core","Vajra","Ancient Tea Set","Centennial Puzzle","Nunchaku","Membership Card","Sozu","Bag of Marbles","Strawberry","Dream Catcher","Mercury Hourglass","The Courier"],"acts_visited":["Exordium","TheCity"],"potions_floor_usage":[27,33],"damage_taken":[{"damage":1.0,"enemies":"Cultist","floor":1.0,"turns":3.0},{"damage":1.0,"enemies":"Jaw Worm","floor":2.0,"turns":4.0},{"damage":7.0,"enemies":"Small Slimes","floor":3.0,"turns":4.0},{"damage":23.0,"enemies":"3 Sentries","floor":7.0,"turns":8.0},{"damage":11.0,"enemies":"3 Louse","floor":8.0,"turns":3.0},{"damage":6.0,"enemies":"Lagavulin","floor":11.0,"turns":9.0},{"damage":16.0,"enemies":"Large Slime","floor":13.0,"turns":6.0},{"damage":22.0,"enemies":"Slime Boss","floor":16.0,"turns":8.0},{"damage":20.0,"enemies":"2 Thieves","floor":18.0,"turns":4.0},{"damage":0.0,"enemies":"Chosen","floor":20.0,"turns":6.0},{"damage":12.0,"enemies":"Sentry and Sphere","floor":21.0,"turns":4.0},{"damage":10,"enemies":"Slavers","floor":24,"turns":7},{"damage":0,"enemies":"Gremlin Leader","floor":27,"turns":6},{"damage":27,"enemies":"Slavers","floor":30,"turns":2},{"damage":1,"enemies":"3 Cultists","floor":31,"turns":4},{"damage":82,"enemies":"Collector","floor":33,"turns":9}],"seed_played":"-2098277626836894977","potions_obtained":[{"floor":3.0,"key":"ColorlessPotion"},{"floor":7.0,"key":"LiquidBronze"},{"floor":11.0,"key":"Weak Potion"},{"floor":13.0,"key":"Block Potion"}],"is_trial":false,"path_per_floor":["M","M","M","$","?","R","E","M","T","R","E","$","M","?","R","B",null,"M","?","M","M","?","R","E","R","T","E","R","$","E","M","R","B"],"character_chosen":"DEFECT","items_purchased":["Membership Card","Mercury Hourglass"],"campfire_rested":1,"item_purchase_floors":[12,29],"current_hp_per_floor":[74,73,66,66,63,63,40,36,36,58,59,59,50,50,50,35,65,52,52,59,54,54,54,51,51,58,65,65,65,45,51,51,0,0],"gold":140,"neow_bonus":"ONE_RANDOM_RARE_CARD","is_daily":false,"chose_seed":false,"campfire_upgraded":6,"win_rate":0.0,"timestamp":1610507502,"path_taken":["M","M","M","$","?","R","E","M","T","R","E","?","M","?","R","BOSS","M","?","M","M","?","R","E","R","T","E","R","$","E","M","R","BOSS"],"items_purchased_type":["Relic","Relic"],"build_version":"2020-12-22","purchased_purges":2,"victory":false,"max_hp_per_floor":[75,75,75,75,75,75,75,75,75,75,75,75,75,75,75,75,75,75,75,75,75,75,75,75,75,82,82,82,82,82,82,82,82,82],"relic_stats":{"Sozu":3,"Centennial Puzzle":[27],"Nunchaku":[7],"Dream Catcher":0,"counters":[16,87],"obtain_stats":[{"Sozu":17,"Centennial Puzzle":9,"Nunchaku":11,"Dream Catcher":27,"Strawberry":26,"Vajra":5,"The Courier":30,"Bag of Marbles":24,"Membership Card":12,"Cracked Core":0,"Ancient Tea Set":7,"Mercury Hourglass":29},{"Sozu":8,"Centennial Puzzle":5,"Nunchaku":6,"Dream Catcher":13,"Strawberry":12,"Vajra":3,"The Courier":14,"Bag of Marbles":12,"Membership Card":6,"Cracked Core":0,"Ancient Tea Set":4,"Mercury Hourglass":13},{"Sozu":45,"Centennial Puzzle":22,"Nunchaku":31,"Dream Catcher":72,"Strawberry":66,"Vajra":11,"The Courier":74,"Bag of Marbles":66,"Membership Card":31,"Cracked Core":0,"Ancient Tea Set":19,"Mercury Hourglass":72}],"Mercury Hourglass":[84]},"card_choices":[{"not_picked":["Conserve Battery","Compile Driver"],"picked":"Glacier","floor":1.0},{"not_picked":["Steam Power","Barrage"],"picked":"Glacier","floor":2.0},{"not_picked":["Undo","Reprogram"],"picked":"Sweeping Beam","floor":3.0},{"not_picked":["Gash","Double Energy"],"picked":"Self Repair","floor":7.0},{"not_picked":["Turbo","Stack","Amplify"],"picked":"SKIP","floor":8.0},{"not_picked":["Hologram","Scrape"],"picked":"Rainbow","floor":11.0},{"not_picked":["Go for the Eyes","Leap"],"picked":"Genetic Algorithm","floor":13.0},{"not_picked":["Thunder Strike","Amplify"],"picked":"Rainbow","floor":16.0},{"not_picked":["Redo","Rebound"],"picked":"Sweeping Beam+1","floor":18.0},{"not_picked":["Conserve Battery","Hologram"],"picked":"Compile Driver+1","floor":20.0},{"not_picked":["Leap","Steam"],"picked":"Undo","floor":21.0},{"not_picked":["Coolheaded","Steam"],"picked":"Conserve Battery","floor":24},{"not_picked":["Lockon","Sweeping Beam"],"picked":"Ball Lightning","floor":27},{"not_picked":["Fusion+1","Reprogram"],"picked":"Static Discharge","floor":30},{"not_picked":["Hello World","Gash+1"],"picked":"Seek","floor":31}],"player_experience":2452648,"relics_obtained":[{"floor":7.0,"key":"Ancient Tea Set"},{"floor":9.0,"key":"Centennial Puzzle"},{"floor":11.0,"key":"Nunchaku"},{"floor":24,"key":"Bag of Marbles"},{"floor":26,"key":"Strawberry"},{"floor":27,"key":"Dream Catcher"},{"floor":30,"key":"The Courier"}],"event_choices":[{"damage_healed":0.0,"max_hp_gain":0.0,"max_hp_loss":0.0,"gold_gain":0.0,"event_name":"Scrap Ooze","player_choice":"Success","floor":5.0,"gold_loss":0.0,"damage_taken":3.0,"relics_obtained":["Vajra"]},{"damage_healed":0.0,"max_hp_gain":0.0,"max_hp_loss":0.0,"gold_gain":0.0,"event_name":"Living Wall","player_choice":"Grow","floor":14.0,"gold_loss":0.0,"damage_taken":0.0,"cards_upgraded":["Biased Cognition"]},{"damage_healed":0.0,"max_hp_gain":0.0,"max_hp_loss":0.0,"gold_gain":0.0,"cards_transformed":["Strike_B","Strike_B"],"event_name":"Drug Dealer","player_choice":"Became Test Subject","floor":19.0,"gold_loss":0.0,"damage_taken":0.0,"cards_obtained":["Turbo","FTL"]},{"damage_healed":0.0,"max_hp_gain":0.0,"max_hp_loss":0.0,"gold_gain":0.0,"event_name":"The Library","player_choice":"Read","floor":22.0,"gold_loss":0.0,"damage_taken":0.0,"cards_obtained":["Core Surge"]}],"is_beta":false,"boss_relics":[{"not_picked":["Calling Bell","SlaversCollar"],"picked":"Sozu"}],"items_purged_floors":[4,29],"is_endless":false,"potions_floor_spawned":[3,7,11,13,21,27,31],"killed_by":"Collector","ascension_level":5}}