{"host":"ny1uxs7aco9qql8p","time":1610512238,"event":{"mods":["AchievementEnabler","Alarm Clock","BaseMod","Bestiary","Colored Map","Colored Powertips","DeckTracker","Highlight Path","Minty Spire (QoL Compilation)","Permanent Neow","Quick Restart","Rare Cards Sparkle","Relic Stats"],"gold_per_floor":[115,132,112,130,142,142,172,172,172,183,183,214,11,11,11],"floor_reached":14,"playtime":4405,"items_purged":[],"score":105,"play_id":"8358f731-5f3b-4286-897a-12ae0626fedb","local_time":"20210112233038","is_ascension_mode":true,"campfire_choices":[{"floor":6,"key":"REST"},{"floor":8,"key":"REST"},{"floor":11,"key":"REST"}],"circlet_count":0,"master_deck":["Strike_R","Strike_R","Strike_R","Strike_R","Strike_R","Defend_R","Defend_R","Defend_R","Defend_R","Bash","Juggernaut","Dark Embrace","Armaments","Rupture","Dark Embrace","Berserk","Fire Breathing","Juggernaut","Wild Strike"],"relics":["Burning Blood","Singing Bowl","Toxic Egg 2","Shuriken","Red Skull"],"acts_visited":["Exordium"],"potions_floor_usage":[14],"damage_taken":[{"damage":5,"enemies":"Small Slimes","floor":1,"turns":4},{"damage":1,"enemies":"Cultist","floor":2,"turns":4},{"damage":15,"enemies":"Jaw Worm","floor":4,"turns":4},{"damage":21,"enemies":"Lots of Slimes","floor":5,"turns":6},{"damage":56,"enemies":"3 Sentries","floor":7,"turns":15},{"damage":17,"enemies":"Red Slaver","floor":10,"turns":4},{"damage":41,"enemies":"Lagavulin","floor":12,"turns":9},{"damage":22,"enemies":"3 Sentries","floor":14,"turns":2}],"seed_played":"1421615707008010147","potions_obtained":[{"floor":1,"key":"DuplicationPotion"},{"floor":2,"key":"SpeedPotion"},{"floor":3,"key":"SpeedPotion"}],"is_trial":false,"path_per_floor":["M","M","?","M","M","R","E","R","T","M","R","E","$","E"],"character_chosen":"IRONCLAD","items_purchased":["Red Skull","Wild Strike"],"campfire_rested":3,"item_purchase_floors":[13,13],"current_hp_per_floor":[57,62,62,53,38,62,12,36,36,25,49,14,14,0,0],"gold":11,"neow_bonus":"THREE_RARE_CARDS","is_daily":false,"chose_seed":false,"campfire_upgraded":0,"win_rate":0.0,"timestamp":1610512238,"path_taken":["M","M","?","M","M","R","E","R","T","?","R","E","$","E"],"items_purchased_type":["Relic","Card"],"build_version":"2020-12-22","purchased_purges":0,"victory":false,"max_hp_per_floor":[80,80,80,80,80,80,80,80,80,80,80,80,80,80,80],"relic_stats":{"Singing Bowl":0,"counters":[8,48],"Shuriken":[0],"obtain_stats":[{"Singing Bowl":7,"Shuriken":12,"Toxic Egg 2":9,"Burning Blood":0,"Red Skull":13},{"Singing Bowl":5,"Shuriken":7,"Toxic Egg 2":5,"Burning Blood":0,"Red Skull":7},{"Singing Bowl":33,"Shuriken":46,"Toxic Egg 2":33,"Burning Blood":0,"Red Skull":46}],"Burning Blood":42},"card_choices":[{"not_picked":["Impervious","Berserk"],"picked":"Juggernaut","floor":0},{"not_picked":["Disarm","Carnage"],"picked":"Dark Embrace","floor":1},{"not_picked":["Warcry","Havoc"],"picked":"Armaments","floor":2},{"not_picked":["Anger","Shrug It Off"],"picked":"Rupture","floor":4},{"not_picked":["Infernal Blade","Searing Blow"],"picked":"Dark Embrace","floor":5},{"not_picked":["Thunderclap","Dropkick"],"picked":"Berserk","floor":7},{"not_picked":["Inflame","Twin Strike"],"picked":"Fire Breathing","floor":10},{"not_picked":["Carnage","Thunderclap"],"picked":"Juggernaut","floor":12}],"player_experience":172199,"relics_obtained":[{"floor":7,"key":"Singing Bowl"},{"floor":9,"key":"Toxic Egg 2"},{"floor":12,"key":"Shuriken"}],"event_choices":[{"damage_healed":0,"gold_gain":0,"player_choice":"Bought 1 Potion","damage_taken":0,"max_hp_gain":0,"max_hp_loss":0,"event_name":"The Woman in Blue","floor":3,"gold_loss":0}],"is_beta":false,"boss_relics":[],"items_purged_floors":[],"is_endless":false,"potions_floor_spawned":[1,2,5,10],"killed_by":"3 Sentries","ascension_level":1}}