{"host":"lmmgqfiugkm2e64w","time":1610515036,"event":{"mods":["Aspiration","BaseMod","BetterRewards","Challenge The Spire","Conspire","Downfall","Easy Mod","Fortune Teller","Marisa（F雨　魔理沙）","Minty Spire (QoL Compilation)","MostiFishMod","Quick Restart","Replay The Spire","Shop Mod","StSLib","TestMod","The Servant 0.9.4","Youmu（魂魄妖梦）","[IsaacMod]以撒尖塔","[功能]功能增强和修复MOD","vexMod","【遗物卡牌】REMEMod","篝火指南"],"gold_per_floor":[99,109,124,31,56,156,156,130,170,170,126,188,188,197,235,235,235,235],"floor_reached":16,"language":"ZHS","playtime":744,"items_purged":[],"score":123,"play_id":"498a3418-bd1e-48a2-9789-4d6f61627bed","local_time":"20210113131716","is_ascension_mode":false,"campfire_choices":[{"floor":1,"key":"RECALL"}],"circlet_count":0,"master_deck":["EasyMod:card_1","hexamod:Strike","hexamod:Strike","hexamod:Strike","hexamod:Strike","hexamod:Defend","hexamod:Defend+1","hexamod:Defend","hexamod:Defend","hexamod:Sear","hexamod:Float","DoctorFetus","sneckomod:MorePower","Injury","hexamod:TimeOfNeed","sneckomod:UnknownColorless+1","hexamod:TurnItUp","sneckomod:UnknownColorless+1","hexamod:RainOfEmbers","hexamod:FastForward","hexamod:UnleashSpirits","expansioncontent:Chronoboost","hexamod:ThirdSeal","hexamod:GhostflameBarrier","sneckomod:Unknown0Cost+1","hexamod:GhostOfSpireFuture","hexamod:GhostOfSpireFuture","sneckomod:Unknown0Cost+1","hexamod:EmpoweredFlame","MostiFishMod:OneDayCity+1","hexamod:FourthSeal","sneckomod:UnknownRareAttack+1","hexamod:ExtraCrispy","hexamod:NightmareStrike","Pain","hexamod:SkipABeat","hexamod:NightmareStrike"],"relics":["hexamod:SpiritBrand","HushsDoor","testmod-TestBox","DaveBox","REME_ComplimentaryCards","Chemical X","testmod-HeartOfStrike","BloodDonationMachine","Replay:Wax Seal","MerchantsRug","HandDrill","Replay:Accelerometer","GuppysTail","CeramicFish","Lee\u0027s Waffle","hexamod:MatchstickCase","BrkXgEgg","ReplayFunnel","UnicornStump","hexamod:SoulConsumer","WarpedTongs"],"acts_visited":["Exordium"],"potions_floor_usage":[4,4,11,16,16,16],"damage_taken":[{"damage":0,"enemies":"Cultist","floor":2,"turns":3},{"damage":3,"enemies":"Jaw Worm","floor":3,"turns":4},{"damage":10,"enemies":"downfall:FleeingMerchant","floor":4,"turns":4},{"damage":6,"enemies":"2 Louse","floor":9,"turns":4},{"damage":0,"enemies":"downfall:FleeingMerchant","floor":11,"turns":4},{"damage":51,"enemies":"3 Sentries","floor":12,"turns":6},{"damage":3,"enemies":"Large Slime","floor":15,"turns":2},{"damage":21,"enemies":"downfall:Defect","floor":16,"turns":5}],"seed_played":"-4323027806619406609","potions_obtained":[{"floor":2,"key":"SpeedPotion"},{"floor":3,"key":"Slimebound:ThreeZeroPotion"},{"floor":9,"key":"Energy Potion"},{"floor":12,"key":"conspire:TimeTravelPotion"},{"floor":12,"key":"Cursed Concoction"},{"floor":12,"key":"Flashbang"}],"is_trial":false,"path_per_floor":["R","M","M","$","T","?","T","R","M","?","$","E","T","?","M","B"],"character_chosen":"THE_SPIRIT","items_purchased":["Replay:Wax Seal","MerchantsRug","HandDrill","Replay:Accelerometer","hexamod:UnleashSpirits","expansioncontent:Chronoboost","CeramicFish","Lee\u0027s Waffle","hexamod:GhostflameBarrier","hexamod:MatchstickCase","BrkXgEgg","MostiFishMod:OneDayCity+1","ReplayFunnel","hexamod:FourthSeal"],"campfire_rested":0,"item_purchase_floors":[4,4,4,4,4,4,8,8,8,11,11,11,11,11],"current_hp_per_floor":[70,70,70,60,60,60,60,77,71,71,71,20,20,20,17,0,0,0],"gold":235,"neow_bonus":"THREE_RARE_CARDS","is_daily":false,"chose_seed":false,"campfire_upgraded":0,"win_rate":0.0,"timestamp":1610515036,"path_taken":["R","M","M","$","?","?","T","R","M","?","$","E","?","?","M","BOSS"],"items_purchased_type":["Relic","Relic","Relic","Relic","Card","Card","Relic","Relic","Card","Relic","Relic","Card","Relic","Card"],"build_version":"2020-12-22","purchased_purges":0,"victory":false,"max_hp_per_floor":[70,70,70,70,70,70,70,77,77,77,77,77,77,77,77,77,77,77],"card_choices":[{"not_picked":[],"picked":"DoctorFetus","floor":0},{"not_picked":["hexamod:SearingWound","hexamod:CrushingStance"],"picked":"hexamod:TimeOfNeed","floor":0},{"not_picked":["sneckomod:UnknownClassHEXA_GHOST_PURPLE+1","sneckomod:UnknownEthereal+1"],"picked":"sneckomod:UnknownColorless+1","floor":2},{"not_picked":["hexamod:DynamicBlow","hexamod:Hexaguard"],"picked":"hexamod:TurnItUp","floor":2},{"not_picked":["sneckomod:UnknownEthereal+1","sneckomod:UnknownClassSLIMEBOUND+1"],"picked":"sneckomod:UnknownColorless+1","floor":3},{"not_picked":["hexamod:FastForward","hexamod:ThermalTransfer"],"picked":"hexamod:RainOfEmbers","floor":3},{"not_picked":["hexamod:HauntingEcho","hexamod:NightmareGuise"],"picked":"hexamod:FastForward","floor":4},{"not_picked":["hexamod:RetreatToShadows","hexamod:GhostLash"],"picked":"hexamod:ThirdSeal","floor":6},{"not_picked":["sneckomod:UnknownClassDEFAULT_GRAY_COLOR+1","sneckomod:UnknownClassBLUE+1"],"picked":"sneckomod:Unknown0Cost+1","floor":9},{"not_picked":["hexamod:Hexaguard","hexamod:RainOfEmbers"],"picked":"hexamod:GhostOfSpireFuture","floor":9},{"not_picked":["Bomb","hexamod:NightmareStrike"],"picked":"hexamod:GhostOfSpireFuture","floor":9},{"not_picked":["sneckomod:UnknownStrength+1","sneckomod:Unknown2Cost+1"],"picked":"sneckomod:Unknown0Cost+1","floor":11},{"not_picked":["hexamod:CrushingStance","hexamod:CatchUp"],"picked":"hexamod:EmpoweredFlame","floor":11},{"not_picked":["sneckomod:UnknownVulnerable+1","sneckomod:UnknownStrength+1"],"picked":"sneckomod:UnknownRareAttack+1","floor":12},{"not_picked":["hexamod:GhostLash","hexamod:SoulSteal"],"picked":"hexamod:ExtraCrispy","floor":12},{"not_picked":["hexamod:InspiringFlames","hexamod:RainOfEmbers"],"picked":"hexamod:NightmareStrike","floor":12},{"not_picked":["hexamod:Firestarter","hexamod:Incineration"],"picked":"hexamod:SkipABeat","floor":15},{"not_picked":["hexamod:GhostShield","hexamod:NightmareGuise"],"picked":"hexamod:NightmareStrike","floor":15}],"player_experience":538440,"relics_obtained":[{"floor":7,"key":"GuppysTail"},{"floor":12,"key":"UnicornStump"},{"floor":13,"key":"hexamod:SoulConsumer"}],"event_choices":[{"damage_healed":0,"gold_gain":0,"player_choice":"Rummage","damage_taken":0,"relics_obtained":["WarpedTongs"],"max_hp_gain":0,"max_hp_loss":0,"event_name":"Accursed Blacksmith","floor":14,"gold_loss":0,"cards_obtained":["Pain"]}],"is_beta":false,"boss_relics":[],"items_purged_floors":[],"is_endless":false,"potions_floor_spawned":[2,3,9,12,12,12,15,15],"killed_by":"downfall:Defect","ascension_level":0}}