{"host":"Krakhan","time":1610508582,"event":{"mods":["AchievementEnabler","BaseMod","Colored Map","Colored Powertips","Faster Ascension Climbing","Highlight Path","Minty Spire (QoL Compilation)","Rare Cards Sparkle","Relic Stats","StSLib"],"gold_per_floor":[111,122,47,47,47,72,72,72,72,72,86,86,98,198,198,298,298,315,315,119,119,197,213,213,213,213,213,213,213,213,228,228,323,323,339,339,353,369,383,383,383,383,383],"floor_reached":42,"language":"ENG","playtime":1389,"items_purged":["Strike_R"],"score":392,"play_id":"2ef02a2c-5d2f-4f68-9eb2-cd9ee8bbe681","local_time":"20210112222942","is_ascension_mode":false,"campfire_choices":[{"data":"Fiend Fire","floor":7.0,"key":"SMITH"},{"data":"Cleave","floor":10.0,"key":"SMITH"},{"data":"Bash","floor":15.0,"key":"SMITH"},{"data":"Immolate","floor":25.0,"key":"SMITH"},{"data":"Feel No Pain","floor":27.0,"key":"SMITH"},{"data":"True Grit","floor":29.0,"key":"SMITH"},{"data":"Burning Pact","floor":32.0,"key":"SMITH"},{"data":"Corruption","floor":40,"key":"SMITH"}],"circlet_count":0,"master_deck":["Strike_R","Strike_R","Defend_R","Defend_R","Defend_R","Defend_R","Bash+1","Cleave+1","Twin Strike","Carnage","Fiend Fire+1","Flame Barrier","Immolate+1","Burning Pact+1","Sentinel","Feel No Pain+1","True Grit+1","Combust+1","Corruption+1","True Grit","Writhe","True Grit+1","Spot Weakness+1"],"relics":["Coffee Dripper"],"acts_visited":["Exordium","TheCity","TheBeyond"],"potions_floor_usage":[33,38,42],"damage_taken":[{"damage":3.0,"enemies":"Jaw Worm","floor":1.0,"turns":3.0},{"damage":1.0,"enemies":"2 Louse","floor":2.0,"turns":2.0},{"damage":8.0,"enemies":"3 Sentries","floor":6.0,"turns":6.0},{"damage":2.0,"enemies":"Small Slimes","floor":11.0,"turns":2.0},{"damage":5.0,"enemies":"Gremlin Gang","floor":13.0,"turns":3.0},{"damage":11.0,"enemies":"Slime Boss","floor":16.0,"turns":5.0},{"damage":5.0,"enemies":"3 Byrds","floor":18.0,"turns":3.0},{"damage":3.0,"enemies":"Chosen","floor":23.0,"turns":5.0},{"damage":21.0,"enemies":"Shelled Parasite and Fungi","floor":31.0,"turns":6.0},{"damage":40,"enemies":"Collector","floor":33,"turns":7},{"damage":17,"enemies":"3 Darklings","floor":35,"turns":5},{"damage":12,"enemies":"3 Shapes","floor":37,"turns":4},{"damage":28,"enemies":"Jaw Worm Horde","floor":38,"turns":4},{"damage":31,"enemies":"Sphere and 2 Shapes","floor":39,"turns":6},{"damage":34,"enemies":"Spire Growth","floor":42,"turns":4}],"seed_played":"4123248955329058060","potions_obtained":[{"floor":11.0,"key":"ColorlessPotion"},{"floor":12.0,"key":"ColorlessPotion"},{"floor":12.0,"key":"SpeedPotion"},{"floor":13.0,"key":"FearPotion"},{"floor":35,"key":"Ancient Potion"},{"floor":38,"key":"BloodPotion"}],"is_trial":false,"path_per_floor":["M","M","$","?","?","E","R","?","T","R","M","?","M","?","R","B",null,"M","?","$","?","T","M","?","R","T","R","T","R","?","M","R","B",null,"M","?","M","M","M","R","?","M"],"character_chosen":"IRONCLAD","items_purchased":["Carnage","Feel No Pain","True Grit"],"campfire_rested":0,"item_purchase_floors":[3,20,20],"current_hp_per_floor":[77,76,76,76,76,68,68,68,68,68,66,66,61,61,61,50,80,75,75,75,75,75,72,72,72,72,72,72,72,72,51,51,11,80,63,80,68,40,9,9,9,0,0],"gold":383,"neow_bonus":"BOSS_RELIC","is_daily":false,"chose_seed":false,"campfire_upgraded":8,"win_rate":0.0,"timestamp":1610508582,"path_taken":["M","M","$","?","?","E","R","?","T","R","M","?","?","?","R","BOSS","M","?","$","?","?","M","?","R","T","R","?","R","?","M","R","BOSS","M","?","M","M","M","R","?","M"],"items_purchased_type":["Card","Card","Card"],"build_version":"2020-12-18","purchased_purges":1,"victory":false,"max_hp_per_floor":[80,80,80,80,80,80,80,80,80,80,80,80,80,80,80,80,80,80,80,80,80,80,80,80,80,80,80,80,80,80,80,80,80,80,80,80,80,80,80,80,80,80,80],"relic_stats":{"counters":[15,65],"obtain_stats":[{"Coffee Dripper":0,"Burning Blood":0},{"Coffee Dripper":0,"Burning Blood":0},{"Coffee Dripper":0,"Burning Blood":0}]},"card_choices":[{"not_picked":["Perfected Strike","True Grit"],"picked":"Cleave","floor":1.0},{"not_picked":["Infernal Blade","Flex"],"picked":"Twin Strike","floor":2.0},{"not_picked":["Havoc","Offering"],"picked":"Fiend Fire","floor":6.0},{"not_picked":["Anger","Reckless Charge","Carnage"],"picked":"SKIP","floor":11.0},{"not_picked":["Body Slam","Clothesline"],"picked":"Flame Barrier","floor":13.0},{"not_picked":["Berserk","Reaper"],"picked":"Immolate","floor":16.0},{"not_picked":["Flex","Heavy Blade","Perfected Strike"],"picked":"SKIP","floor":18.0},{"not_picked":["Evolve","Perfected Strike"],"picked":"Combust+1","floor":23.0},{"not_picked":["Disarm","Carnage+1","Anger"],"picked":"SKIP","floor":31.0},{"not_picked":["Limit Break","Berserk"],"picked":"Corruption","floor":33},{"not_picked":["Fire Breathing","Thunderclap"],"picked":"True Grit","floor":35},{"not_picked":["Wild Strike+1","Berserk"],"picked":"True Grit+1","floor":37},{"not_picked":["Iron Wave+1","Heavy Blade","Twin Strike"],"picked":"SKIP","floor":38},{"not_picked":["Clash+1","Power Through"],"picked":"Spot Weakness+1","floor":39}],"player_experience":1312003,"relics_obtained":[],"event_choices":[{"damage_healed":0.0,"max_hp_gain":0.0,"max_hp_loss":0.0,"gold_gain":0.0,"event_name":"The Cleric","player_choice":"Leave","floor":4.0,"gold_loss":0.0,"damage_taken":0.0},{"damage_healed":0.0,"max_hp_gain":0.0,"max_hp_loss":0.0,"gold_gain":0.0,"event_name":"Scrap Ooze","player_choice":"Fled","floor":5.0,"gold_loss":0.0,"damage_taken":0.0},{"damage_healed":0.0,"max_hp_gain":0.0,"max_hp_loss":0.0,"gold_gain":0.0,"event_name":"Shining Light","player_choice":"Ignored","floor":8.0,"gold_loss":0.0,"damage_taken":0.0},{"damage_healed":0.0,"max_hp_gain":0.0,"max_hp_loss":0.0,"gold_gain":0.0,"event_name":"Lab","player_choice":"Got Potions","floor":12.0,"gold_loss":0.0,"damage_taken":0.0},{"damage_healed":0.0,"max_hp_gain":0.0,"max_hp_loss":0.0,"gold_gain":100.0,"event_name":"Golden Shrine","player_choice":"Pray","floor":14.0,"gold_loss":0.0,"damage_taken":0.0},{"damage_healed":0.0,"max_hp_gain":0.0,"max_hp_loss":0.0,"gold_gain":0.0,"cards_transformed":["Strike_R","Strike_R"],"event_name":"Drug Dealer","player_choice":"Became Test Subject","floor":19.0,"gold_loss":0.0,"damage_taken":0.0,"cards_obtained":["Burning Pact","Sentinel"]},{"damage_healed":0.0,"max_hp_gain":0.0,"max_hp_loss":0.0,"gold_gain":0.0,"event_name":"Ghosts","player_choice":"Ignored","floor":24.0,"gold_loss":0.0,"damage_taken":0.0},{"damage_healed":0.0,"max_hp_gain":0.0,"max_hp_loss":0.0,"gold_gain":0.0,"event_name":"The Mausoleum","player_choice":"Ignored","floor":30.0,"gold_loss":0.0,"damage_taken":0.0},{"damage_healed":20,"gold_gain":0,"player_choice":"Writhe","damage_taken":0,"max_hp_gain":0,"max_hp_loss":0,"event_name":"Winding Halls","floor":36,"gold_loss":0,"cards_obtained":["Writhe"]},{"damage_healed":0,"gold_gain":0,"player_choice":"Ignored","damage_taken":0,"max_hp_gain":0,"max_hp_loss":0,"event_name":"Mysterious Sphere","floor":41,"gold_loss":0}],"is_beta":true,"boss_relics":[{"not_picked":["Mark of Pain","Snecko Eye","Velvet Choker"]},{"not_picked":["Black Star","Sozu","Busted Crown"]}],"items_purged_floors":[20],"is_endless":false,"potions_floor_spawned":[11,13,23,35,38,39],"killed_by":"Spire Growth","ascension_level":0}}