{"host":"f6w7z8zvb0mi4wy9","time":1610509434,"event":{"mods":["BaseMod","Colored Map","Minty Spire (QoL Compilation)","READ ME - Guardian Mod","StSLib","SuperFastMode","The Jungle"],"gold_per_floor":[213,19,32,43,63,63,90,40,40,73,73,73,105,124,124,220,220,239,63,83,99,99,127,144,144,189,224,43,70,80,94,94,193,193,211,224,244,258,2,36,52,87,87,87,114,126,126,144,144,144,144,144,59,84,84],"floor_reached":56,"language":"KOR","playtime":2886,"items_purged":["Pain","Rainbow+1"],"score":1473,"play_id":"8c791b1e-8b46-475e-b333-b5581625db37","local_time":"20210113124354","is_ascension_mode":true,"campfire_choices":[{"data":"Zap","floor":6.0,"key":"SMITH"},{"data":"Dualcast","floor":12.0,"key":"SMITH"},{"data":"Rainbow","floor":15,"key":"SMITH"},{"data":"Hologram","floor":25,"key":"SMITH"},{"data":"Coolheaded","floor":32,"key":"SMITH"},{"floor":47,"key":"RECALL"},{"data":"Defragment","floor":49,"key":"SMITH"},{"data":"Go for the Eyes","floor":52,"key":"SMITH"}],"circlet_count":0,"master_deck":["Strike_B","Strike_B+1","Strike_B","Defend_B","Defend_B+1","Defend_B","Defend_B","Zap+1","Dualcast+1","Ball Lightning","Master of Strategy","Ball Lightning+1","Gash","Loop","Self Repair","Gash","Conserve Battery+1","All For One","Melter+1","Coolheaded+1","BootSequence","Redo+1","Hologram+1","Streamline+1","Flash of Steel","Go for the Eyes+1","Defragment+1","Go for the Eyes+1","All For One","Steam","Go for the Eyes+1","Gash+1","Defragment+1","FTL","Trip","Beam Cell"],"relics":["Cracked Core","TungstenRod","Pantograph","WarpedTongs","Akabeko","Black Star","ClockworkSouvenir","Cables","MealTicket","Whetstone","Potion Belt","Torii","Anchor","Sundial","War Paint","SacredBark","Lee\u0027s Waffle","Lizard Tail","StrikeDummy","Juzu Bracelet","Question Card","Unceasing Top","DataDisk","Ornamental Fan","Pear","Du-Vu Doll"],"acts_visited":["Exordium","TheCity","TheBeyond","TheEnding"],"potions_floor_usage":[16,23,23,27,27,27,33,36,36,40,42,45,50,50,55,55,55],"damage_taken":[{"damage":2.0,"enemies":"Jaw Worm","floor":1.0,"turns":4.0},{"damage":0.0,"enemies":"2 Louse","floor":3.0,"turns":2.0},{"damage":0.0,"enemies":"Cultist","floor":4.0,"turns":2.0},{"damage":3.0,"enemies":"Red Slaver","floor":5.0,"turns":3.0},{"damage":17.0,"enemies":"3 Sentries","floor":7.0,"turns":6.0},{"damage":19.0,"enemies":"Lagavulin","floor":10.0,"turns":6.0},{"damage":10.0,"enemies":"Gremlin Nob","floor":13.0,"turns":3.0},{"damage":7.0,"enemies":"Gremlin Gang","floor":14.0,"turns":2.0},{"damage":20,"enemies":"Hexaghost","floor":16,"turns":6},{"damage":0,"enemies":"Spheric Guardian","floor":18,"turns":2},{"damage":11,"enemies":"3 Byrds","floor":20,"turns":5},{"damage":0,"enemies":"Sentry and Sphere","floor":21,"turns":2},{"damage":27,"enemies":"Gremlin Leader","floor":23,"turns":4},{"damage":23,"enemies":"3 Cultists","floor":24,"turns":5},{"damage":11,"enemies":"Book of Stabbing","floor":27,"turns":6},{"damage":0,"enemies":"Gremlin Leader","floor":29,"turns":4},{"damage":0,"enemies":"Centurion and Healer","floor":30,"turns":4},{"damage":14,"enemies":"Snecko","floor":31,"turns":3},{"damage":31,"enemies":"Champ","floor":33,"turns":9},{"damage":0,"enemies":"Orb Walker","floor":35,"turns":2},{"damage":25,"enemies":"3 Darklings","floor":36,"turns":6},{"damage":0,"enemies":"Sphere and 2 Shapes","floor":37,"turns":5},{"damage":0,"enemies":"Maw","floor":38,"turns":7},{"damage":66,"enemies":"Nemesis","floor":40,"turns":7},{"damage":5,"enemies":"Jaw Worm Horde","floor":41,"turns":5},{"damage":18,"enemies":"Reptomancer","floor":42,"turns":6},{"damage":27,"enemies":"Giant Head","floor":45,"turns":7},{"damage":0,"enemies":"Spire Growth","floor":46,"turns":4},{"damage":12,"enemies":"Writhing Mass","floor":48,"turns":5},{"damage":46,"enemies":"Time Eater","floor":50,"turns":7},{"damage":23,"enemies":"Shield and Spear","floor":54,"turns":6},{"damage":44,"enemies":"The Heart","floor":55,"turns":10}],"seed_played":"8113359262973727702","potions_obtained":[{"floor":1.0,"key":"Swift Potion"},{"floor":10.0,"key":"EntropicBrew"},{"floor":13.0,"key":"Strength Potion"},{"floor":16,"key":"Dexterity Potion"},{"floor":20,"key":"LiquidMemories"},{"floor":27,"key":"DuplicationPotion"},{"floor":30,"key":"FocusPotion"},{"floor":31,"key":"DuplicationPotion"},{"floor":36,"key":"Fruit Juice"},{"floor":37,"key":"Block Potion"},{"floor":38,"key":"Ancient Potion"},{"floor":41,"key":"DistilledChaos"},{"floor":42,"key":"Weak Potion"},{"floor":54,"key":"BlessingOfTheForge"}],"is_trial":false,"path_per_floor":["M","$","M","M","M","R","E","?","T","E","?","R","E","M","R","B",null,"M","$","M","M","T","E","M","R","T","E","$","E","M","M","R","B",null,"M","M","M","M","$","E","M","E","T","?","E","M","R","M","R","B",null,"R","$","E","B",null],"character_chosen":"DEFECT","items_purchased":["Master of Strategy","ClockworkSouvenir","Coolheaded","Flash of Steel","Go for the Eyes","Lee\u0027s Waffle","Trip"],"campfire_rested":0,"item_purchase_floors":[2,19,19,28,28,39,53],"current_hp_per_floor":[73,73,73,73,70,70,53,53,53,41,41,41,41,41,41,53,75,75,75,71,71,71,51,35,35,35,34,49,56,56,42,42,36,75,75,60,60,70,92,36,38,27,27,80,60,67,67,62,62,34,80,80,80,77,53],"gold":84,"neow_bonus":"HUNDRED_GOLD","is_daily":false,"chose_seed":false,"campfire_upgraded":7,"win_rate":0.0,"timestamp":1610509434,"path_taken":["M","$","M","M","M","R","E","?","T","E","?","R","E","M","R","BOSS","M","$","?","M","?","E","M","R","T","E","$","E","M","M","R","BOSS","M","?","?","M","$","E","M","E","T","?","E","M","R","M","R","BOSS","R","$","E","BOSS"],"items_purchased_type":["Card","Relic","Card","Card","Card","Relic","Card"],"build_version":"2020-12-22","purchased_purges":2,"victory":true,"max_hp_per_floor":[75,75,75,75,75,75,75,75,75,75,75,75,75,75,75,75,75,75,75,75,75,75,75,75,75,75,75,75,75,75,75,75,75,75,75,85,85,85,92,92,92,92,92,80,80,80,80,80,80,80,80,80,80,90,90],"card_choices":[{"not_picked":["Reprogram","Darkness"],"picked":"Ball Lightning","floor":1.0},{"not_picked":["Leap","Barrage"],"picked":"Ball Lightning","floor":3.0},{"not_picked":["Barrage","Recycle"],"picked":"Gash","floor":4.0},{"not_picked":["Rebound","Auto Shields"],"picked":"Loop","floor":5.0},{"not_picked":["Skim","Compile Driver"],"picked":"Self Repair","floor":7.0},{"not_picked":["Hello World","Force Field"],"picked":"Rainbow","floor":10.0},{"not_picked":["Hologram","Coolheaded"],"picked":"Gash","floor":13.0},{"not_picked":["Stack","Ball Lightning"],"picked":"Conserve Battery","floor":14},{"not_picked":["Fission","Thunder Strike"],"picked":"All For One","floor":16},{"not_picked":["Lockon","Heatsinks+1"],"picked":"Melter+1","floor":18},{"not_picked":["Auto Shields","Double Energy","Barrage"],"picked":"SKIP","floor":20},{"not_picked":["Static Discharge+1","Storm"],"picked":"BootSequence","floor":21},{"not_picked":["Rip and Tear","Compile Driver"],"picked":"Redo+1","floor":23},{"not_picked":["Leap","Reinforced Body"],"picked":"Hologram","floor":24},{"not_picked":["Self Repair","Cold Snap"],"picked":"Streamline+1","floor":27},{"not_picked":["Rebound","Stack"],"picked":"Defragment","floor":29},{"not_picked":["Hologram","Streamline","Coolheaded"],"picked":"SKIP","floor":30},{"not_picked":["Ball Lightning","Compile Driver+1"],"picked":"Go for the Eyes+1","floor":31},{"not_picked":["Core Surge","Seek"],"picked":"All For One","floor":33},{"not_picked":["Static Discharge+1","Chaos+1"],"picked":"Steam","floor":35},{"not_picked":["Loop","Fusion+1","Redo"],"picked":"SKIP","floor":36},{"not_picked":["Stack+1","Ball Lightning+1","Self Repair+1"],"picked":"SKIP","floor":37},{"not_picked":["Redo+1","Turbo"],"picked":"Go for the Eyes+1","floor":38},{"not_picked":["Coolheaded","Stack+1","Sweeping Beam+1"],"picked":"SKIP","floor":40},{"not_picked":["White Noise","Fusion"],"picked":"Gash+1","floor":41},{"not_picked":["Biased Cognition","Leap"],"picked":"Defragment+1","floor":42},{"not_picked":["Coolheaded","Recycle","Redo","Capacitor"],"picked":"SKIP","floor":45},{"not_picked":["Defragment","Lockon","Stack+1","Barrage"],"picked":"SKIP","floor":46},{"not_picked":["Tempest+1","Beam Cell","Leap+1"],"picked":"FTL","floor":48},{"not_picked":["Compile Driver+1","Streamline+1","Chill+1"],"picked":"Beam Cell","floor":54}],"player_experience":866977,"relics_obtained":[{"floor":7.0,"key":"TungstenRod"},{"floor":10.0,"key":"Pantograph"},{"floor":13.0,"key":"Akabeko"},{"floor":22,"key":"Cables"},{"floor":23,"key":"MealTicket"},{"floor":23,"key":"Whetstone"},{"floor":26,"key":"Potion Belt"},{"floor":27,"key":"Torii"},{"floor":27,"key":"Anchor"},{"floor":29,"key":"Sundial"},{"floor":29,"key":"War Paint"},{"floor":40,"key":"Lizard Tail"},{"floor":40,"key":"StrikeDummy"},{"floor":42,"key":"Juzu Bracelet"},{"floor":42,"key":"Question Card"},{"floor":43,"key":"Unceasing Top"},{"floor":45,"key":"DataDisk"},{"floor":45,"key":"Ornamental Fan"},{"floor":54,"key":"Pear"},{"floor":54,"key":"Du-Vu Doll"}],"event_choices":[{"cards_removed":["Strike_B"],"damage_healed":0.0,"max_hp_gain":0.0,"max_hp_loss":0.0,"gold_gain":0.0,"event_name":"The Cleric","player_choice":"Card Removal","floor":8.0,"gold_loss":50.0,"damage_taken":0.0},{"damage_healed":0.0,"max_hp_gain":0.0,"max_hp_loss":0.0,"gold_gain":0.0,"event_name":"Accursed Blacksmith","player_choice":"Rummage","floor":11.0,"gold_loss":0.0,"damage_taken":0.0,"relics_obtained":["WarpedTongs"],"cards_obtained":["Pain"]},{"damage_healed":80,"gold_gain":0,"player_choice":"Heal","damage_taken":0,"max_hp_gain":0,"max_hp_loss":12,"event_name":"The Moai Head","floor":44,"gold_loss":0}],"is_beta":false,"boss_relics":[{"not_picked":["Philosopher\u0027s Stone","Runic Pyramid"],"picked":"Black Star"},{"not_picked":["Busted Crown","Sozu"],"picked":"SacredBark"}],"items_purged_floors":[28,39],"is_endless":false,"potions_floor_spawned":[1,10,13,16,20,21,27,30,31,36,37,38,41,42,54],"ascension_level":1}}