{"host":"2o3sockympbxxanu","time":1610557131,"event":{"mods":["AchievementEnabler","BaseMod","Colored Map","Colored Powertips","Conspire","Highlight Path","Infinite Spire","Minty Spire (QoL Compilation)","Replay The Spire","Shop Mod","StSLib","SuperFastMode"],"gold_per_floor":[115,290,39,39,103,103,128,128,128,128,143,157,180,200,200,305,305,318,10,0,0,14,14,14,106,106,152,167,92,119,119,119,217,217,236,253,128,205,205,205,205,238,238,238,238,238,238,266,266,294,294],"floor_reached":50,"language":"ZHS","playtime":2071,"items_purged":["Doubt","conspire:GhostlyDefend","Amnesia"],"score":547,"play_id":"18b0d47f-0509-44ec-8ec9-76f64bd211e0","local_time":"20210114005851","daily_mods":["Vintage","Heirloom","Flight"],"is_ascension_mode":false,"campfire_choices":[{"floor":6.0,"key":"DIG"},{"floor":8.0,"key":"DIG"},{"floor":23.0,"key":"DIG"},{"data":"Madness","floor":24.0,"key":"SMITH"},{"floor":32.0,"key":"DIG"},{"floor":40.0,"key":"DIG"},{"floor":41.0,"key":"DIG"},{"floor":45.0,"key":"DIG"},{"floor":46.0,"key":"DIG"},{"floor":47.0,"key":"DIG"},{"floor":49.0,"key":"DIG"}],"circlet_count":0,"master_deck":["conspire:GhostlyStrike+1","conspire:GhostlyStrike","conspire:GhostlyStrike+1","conspire:GhostlyDefend+1","conspire:GhostlyDefend+1","conspire:GhostlyDefend","conspire:GhostlyDefend+1","Survivor+1","Neutralize+1","Deflect+1","Dagger Spray","A Thousand Cuts","Bouncing Flask","Bouncing Flask","Madness+1","Pot Of Greed","Cloak And Dagger+1","Atom Bomb+1"],"relics":["Ring of the Snake","Torii","Replay:Multitool","TwistedFunnel","Tiny Chest","War Paint","Basket Of Snakes","Mercury Hourglass","Pet Ghost","ReplayFunnel","Bag of Marbles","InkBottle","Art of War","Medical Kit","infinitespire:Lucky Rock","infinitespire:CheckeredPen","Grinning Jar","Lantern","Centennial Puzzle","Replay:Bottled Steam","infinitespire:ShieldingShard","Whetstone","WristBlade","Replay:Bandana","Gambling Chip","infinitespire:BottledMercury","Omamori","Bird Faced Urn","Anchor","ReplayTheSpireMod:Ninjato","PreservedInsect","White Beast Statue","Replay:Accelerometer","Orichalcum","ReplayTheSpireMod:Shallot"],"acts_visited":["Exordium","TheCity","TheBeyond"],"potions_floor_usage":[50],"damage_taken":[{"damage":1.0,"enemies":"2 Louse","floor":1.0,"turns":3.0},{"damage":0.0,"enemies":"Small Slimes","floor":11.0,"turns":2.0},{"damage":0.0,"enemies":"Jaw Worm","floor":12.0,"turns":2.0},{"damage":0.0,"enemies":"Large Slime","floor":14.0,"turns":5.0},{"damage":35.0,"enemies":"Slime Boss","floor":16.0,"turns":11.0},{"damage":2.0,"enemies":"Spheric Guardian","floor":18.0,"turns":6.0},{"damage":0.0,"enemies":"Chosen","floor":22.0,"turns":4.0},{"damage":1.0,"enemies":"Snecko","floor":28.0,"turns":4.0},{"damage":7.0,"enemies":"conspire:MimicChest","floor":30.0,"turns":6.0},{"damage":51.0,"enemies":"Champ","floor":33.0,"turns":9.0},{"damage":1.0,"enemies":"3 Darklings","floor":35.0,"turns":3.0},{"damage":0.0,"enemies":"Orb Walker","floor":36.0,"turns":1.0},{"damage":5.0,"enemies":"4 Shapes","floor":42.0,"turns":2.0},{"damage":1.0,"enemies":"Maw","floor":48.0,"turns":5.0},{"damage":78,"enemies":"infinitespire:MassOfShapes","floor":50,"turns":10}],"seed_played":"199912751236692430","potions_obtained":[{"floor":1.0,"key":"Adrenaline Potion"},{"floor":5.0,"key":"FearPotion"},{"floor":5.0,"key":"Languid Potion"},{"floor":14.0,"key":"Poison Potion"},{"floor":16.0,"key":"SteroidPotion"},{"floor":30.0,"key":"Poison Potion"},{"floor":35.0,"key":"Explosive Potion"},{"floor":48.0,"key":"BlessingOfTheForge"}],"is_trial":true,"path_per_floor":["M","?","$","?","?","R","T","R","T","?","M","M","T","M","R","B",null,"M","$","?","?","M","R","R","R","T","T","M","?","?","?","R","B",null,"M","M","$","T","?","R","R","M","T","?","R","R","R","M","R","B"],"character_chosen":"THE_SILENT","items_purchased":["TwistedFunnel","Deflect+1","Medical Kit","Bouncing Flask"],"campfire_rested":0,"item_purchase_floors":[3,3,19,19],"current_hp_per_floor":[69,69,69,69,41,41,41,41,41,27,27,27,27,27,48,13,70,68,68,68,68,68,68,68,68,68,68,67,67,60,60,60,9,70,69,69,69,69,69,69,69,64,64,64,64,64,64,65,65,0,0],"gold":294,"neow_bonus":"","is_daily":false,"chose_seed":false,"campfire_upgraded":1,"win_rate":0.0,"timestamp":1610557131,"path_taken":["M","?","$","?","?","R","?","R","T","?","M","?","?","M","R","BOSS","M","$","?","?","?","R","R","R","T","?","M","?","?","?","R","BOSS","M","M","$","?","?","R","R","?","T","?","R","R","R","M","R","BOSS"],"items_purchased_type":["Relic","Card","Relic","Card"],"build_version":"2020-12-22","purchased_purges":3,"victory":false,"max_hp_per_floor":[70,70,70,70,70,70,70,70,70,70,70,70,70,70,70,70,70,70,70,70,70,70,70,70,70,70,70,70,70,70,70,70,70,70,70,70,70,70,70,70,70,70,70,70,70,70,70,70,70,70,70],"card_choices":[{"not_picked":["Underhanded Strike","All Out Attack"],"picked":"Dagger Spray","floor":5.0},{"not_picked":["Adrenaline","Unload"],"picked":"A Thousand Cuts","floor":16.0},{"not_picked":["Predator","Backflip"],"picked":"Cloak And Dagger+1","floor":30.0},{"not_picked":["Doppelganger","After Image"],"picked":"Atom Bomb","floor":33.0}],"player_experience":304319,"relics_obtained":[{"floor":1.0,"key":"Replay:Multitool"},{"floor":6.0,"key":"Tiny Chest"},{"floor":7.0,"key":"War Paint"},{"floor":8.0,"key":"Basket Of Snakes"},{"floor":9.0,"key":"Mercury Hourglass"},{"floor":11.0,"key":"Pet Ghost"},{"floor":12.0,"key":"ReplayFunnel"},{"floor":13.0,"key":"Bag of Marbles"},{"floor":14.0,"key":"InkBottle"},{"floor":18.0,"key":"Art of War"},{"floor":22.0,"key":"infinitespire:Lucky Rock"},{"floor":23.0,"key":"infinitespire:CheckeredPen"},{"floor":26.0,"key":"Grinning Jar"},{"floor":27.0,"key":"Lantern"},{"floor":28.0,"key":"Centennial Puzzle"},{"floor":30.0,"key":"Replay:Bottled Steam"},{"floor":32.0,"key":"Whetstone"},{"floor":35.0,"key":"Replay:Bandana"},{"floor":36.0,"key":"Gambling Chip"},{"floor":38.0,"key":"infinitespire:BottledMercury"},{"floor":40.0,"key":"Omamori"},{"floor":41.0,"key":"Bird Faced Urn"},{"floor":42.0,"key":"Anchor"},{"floor":43.0,"key":"ReplayTheSpireMod:Ninjato"},{"floor":45.0,"key":"PreservedInsect"},{"floor":46.0,"key":"White Beast Statue"},{"floor":47.0,"key":"Replay:Accelerometer"},{"floor":48.0,"key":"Orichalcum"},{"floor":49.0,"key":"ReplayTheSpireMod:Shallot"}],"event_choices":[{"damage_healed":0.0,"max_hp_gain":0.0,"max_hp_loss":0.0,"gold_gain":175.0,"event_name":"Liars Game","player_choice":"AGREE","floor":2.0,"gold_loss":0.0,"damage_taken":0.0,"cards_obtained":["Doubt"]},{"damage_healed":0.0,"max_hp_gain":0.0,"max_hp_loss":0.0,"gold_gain":0.0,"event_name":"conspire:LoneGhost","player_choice":"Agree","floor":4.0,"gold_loss":0.0,"damage_taken":0.0},{"damage_healed":0.0,"max_hp_gain":0.0,"max_hp_loss":0.0,"gold_gain":0.0,"event_name":"Shining Light","player_choice":"Entered Light","floor":10.0,"gold_loss":0.0,"damage_taken":14.0,"cards_upgraded":["conspire:GhostlyDefend","conspire:GhostlyStrike"]},{"damage_healed":0.0,"max_hp_gain":0.0,"max_hp_loss":0.0,"gold_gain":0.0,"event_name":"Masked Bandits","player_choice":"Paid Fearfully","floor":20.0,"gold_loss":10.0,"damage_taken":0.0},{"damage_healed":0.0,"max_hp_gain":0.0,"max_hp_loss":0.0,"gold_gain":0.0,"cards_transformed":["conspire:GhostlyStrike"],"event_name":"Transmorgrifier","player_choice":"Transformed","floor":21.0,"gold_loss":0.0,"damage_taken":0.0,"cards_obtained":["Madness"]},{"cards_removed":["conspire:GhostlyStrike"],"damage_healed":0.0,"max_hp_gain":0.0,"max_hp_loss":0.0,"gold_gain":0.0,"event_name":"Beggar","player_choice":"Gave Gold","floor":29.0,"gold_loss":75.0,"damage_taken":0.0},{"damage_healed":0.0,"max_hp_gain":0.0,"max_hp_loss":0.0,"gold_gain":0.0,"event_name":"Upgrade Shrine","player_choice":"Upgraded","floor":39.0,"gold_loss":0.0,"damage_taken":0.0,"cards_upgraded":["Atom Bomb"]},{"cards_removed":["Pot Of Greed"],"damage_healed":0.0,"max_hp_gain":0.0,"max_hp_loss":0.0,"gold_gain":0.0,"event_name":"Falling","player_choice":"Removed Skill","floor":44.0,"gold_loss":0.0,"damage_taken":0.0}],"is_beta":false,"boss_relics":[{"not_picked":["infinitespire:Cupcake","Sozu","Abe\u0027s Treasure"]},{"not_picked":["Replay:Grab Bag","conspire:RunicOctahedron"],"picked":"WristBlade"}],"items_purged_floors":[3,19,37],"is_endless":false,"potions_floor_spawned":[1,14,16,18,30,35,48],"killed_by":"infinitespire:MassOfShapes","ascension_level":0}}