{"host":"5wznv0010959mrmz","time":1610555287,"event":{"mods":["BaseMod","Highlight Path","Minty Spire (QoL Compilation)","Relic Stats"],"gold_per_floor":[109,34,134,147,147,179,179,209,232,266,277,288,288,288,288,365,365,378,130,80,93,110,110,135,155,155,80,80,80,96,110,110,186,186,196,208,233,243,254,254,284,284,284,284,309,309,322,334,334,334,334,334],"floor_reached":51,"language":"ENG","playtime":2366,"items_purged":["Strike_G"],"score":1444,"play_id":"d4888266-2490-4163-9c3a-d461dffd772d","local_time":"20210113102807","is_ascension_mode":true,"campfire_choices":[{"data":"Corpse Explosion","floor":7,"key":"SMITH"},{"data":"Terror","floor":15,"key":"SMITH"},{"floor":23,"key":"RECALL"},{"floor":29,"key":"REST"},{"floor":32,"key":"REST"},{"floor":40,"key":"REST"},{"floor":44,"key":"REST"},{"floor":46,"key":"REST"},{"floor":49,"key":"REST"}],"circlet_count":0,"master_deck":["AscendersBane","Strike_G","Strike_G+1","Strike_G+1","Defend_G","Defend_G","Defend_G","Defend_G+1","Survivor","Neutralize+1","Terror+1","Dagger Throw","Corpse Explosion+1","Endless Agony+1","Blade Dance","Backstab","Adrenaline","Backflip+1","Catalyst","Footwork","Malaise","Noxious Fumes","Cloak And Dagger","Parasite","Blade Dance"],"relics":["Ring of the Snake","NeowsBlessing","Dream Catcher","Paper Crane","Whetstone","MealTicket","Fusion Hammer","Happy Flower","Anchor","InkBottle","Busted Crown","Ginger","Kunai","Smiling Mask"],"acts_visited":["Exordium","TheCity","TheBeyond"],"potions_floor_usage":[8,16,24,33,33,39,45,45,50,51],"damage_taken":[{"damage":0,"enemies":"Jaw Worm","floor":1,"turns":1},{"damage":0,"enemies":"Small Slimes","floor":4,"turns":1},{"damage":0,"enemies":"3 Sentries","floor":6,"turns":1},{"damage":12,"enemies":"Lagavulin","floor":8,"turns":7},{"damage":10,"enemies":"3 Sentries","floor":10,"turns":2},{"damage":0,"enemies":"Cultist","floor":11,"turns":3},{"damage":8,"enemies":"3 Louse","floor":12,"turns":2},{"damage":4,"enemies":"The Guardian","floor":16,"turns":7},{"damage":17,"enemies":"2 Thieves","floor":18,"turns":2},{"damage":0,"enemies":"3 Byrds","floor":21,"turns":2},{"damage":0,"enemies":"3 Cultists","floor":22,"turns":2},{"damage":15,"enemies":"Slavers","floor":24,"turns":3},{"damage":15,"enemies":"Shelled Parasite and Fungi","floor":25,"turns":4},{"damage":0,"enemies":"Cultist and Chosen","floor":30,"turns":5},{"damage":4,"enemies":"Snecko","floor":31,"turns":5},{"damage":46,"enemies":"Collector","floor":33,"turns":9},{"damage":0,"enemies":"Orb Walker","floor":35,"turns":3},{"damage":3,"enemies":"3 Darklings","floor":36,"turns":4},{"damage":0,"enemies":"Mind Bloom Boss Battle","floor":37,"turns":8},{"damage":2,"enemies":"Spire Growth","floor":38,"turns":4},{"damage":5,"enemies":"Maw","floor":39,"turns":7},{"damage":29,"enemies":"Giant Head","floor":41,"turns":9},{"damage":34,"enemies":"Reptomancer","floor":45,"turns":7},{"damage":9,"enemies":"Writhing Mass","floor":47,"turns":6},{"damage":5,"enemies":"Sphere and 2 Shapes","floor":48,"turns":6},{"damage":24,"enemies":"Awakened One","floor":50,"turns":19},{"damage":27,"enemies":"Donu and Deca","floor":51,"turns":4}],"seed_played":"6406885730623776539","potions_obtained":[{"floor":4,"key":"SteroidPotion"},{"floor":6,"key":"LiquidMemories"},{"floor":16,"key":"GamblersBrew"},{"floor":22,"key":"Weak Potion"},{"floor":24,"key":"Swift Potion"},{"floor":31,"key":"DuplicationPotion"},{"floor":36,"key":"PowerPotion"},{"floor":38,"key":"FearPotion"},{"floor":42,"key":"ColorlessPotion"},{"floor":45,"key":"AttackPotion"},{"floor":47,"key":"FearPotion"}],"is_trial":false,"path_per_floor":["M","?","?","M","$","E","R","E","T","E","M","M","?","?","R","B",null,"M","$","?","M","M","R","E","M","T","?","?","R","M","M","R","B",null,"M","M","?","M","M","R","E","?","T","R","E","R","M","M","R","B","B"],"character_chosen":"THE_SILENT","items_purchased":["Happy Flower"],"campfire_rested":6,"item_purchase_floors":[19],"current_hp_per_floor":[59,59,59,59,59,59,59,47,47,37,37,29,51,31,31,27,56,39,54,54,54,54,54,39,24,24,24,24,43,43,39,58,12,53,53,50,50,48,43,62,33,33,33,52,18,37,28,23,42,18,0,0],"gold":334,"neow_bonus":"THREE_ENEMY_KILL","is_daily":false,"chose_seed":false,"campfire_upgraded":2,"win_rate":0.0,"timestamp":1610555287,"path_taken":["M","?","?","M","$","E","R","E","T","E","?","M","?","?","R","BOSS","M","$","?","?","M","R","E","M","T","?","?","R","M","M","R","BOSS","M","M","?","M","M","R","E","?","T","R","E","R","M","?","R","BOSS","BOSS"],"items_purchased_type":["Relic"],"build_version":"2020-12-22","purchased_purges":1,"victory":false,"max_hp_per_floor":[66,66,66,66,66,66,66,66,66,66,66,66,66,66,66,66,66,66,66,66,66,66,66,66,66,66,66,66,66,66,66,66,66,66,66,66,66,66,66,66,66,66,66,66,66,66,66,66,66,66,66,66],"relic_stats":{"Dream Catcher":6,"Busted Crown":26,"Happy Flower":[35],"counters":[27,133],"MealTicket":15,"Whetstone":["Endless Agony","Strike_G"],"Ginger":[11],"Kunai":[42],"Smiling Mask":0,"obtain_stats":[{"NeowsBlessing":0,"Happy Flower":19,"Whetstone":9,"Ginger":37,"Paper Crane":8,"Smiling Mask":45,"Dream Catcher":6,"Anchor":24,"Busted Crown":34,"MealTicket":10,"Fusion Hammer":17,"Kunai":41,"InkBottle":26,"Ring of the Snake":0},{"NeowsBlessing":0,"Happy Flower":9,"Whetstone":4,"Ginger":19,"Paper Crane":4,"Smiling Mask":23,"Dream Catcher":3,"Anchor":12,"Busted Crown":16,"MealTicket":5,"Fusion Hammer":8,"Kunai":22,"InkBottle":13,"Ring of the Snake":0},{"NeowsBlessing":0,"Happy Flower":26,"Whetstone":10,"Ginger":71,"Paper Crane":10,"Smiling Mask":98,"Dream Catcher":3,"Anchor":33,"Busted Crown":56,"MealTicket":12,"Fusion Hammer":24,"Kunai":91,"InkBottle":37,"Ring of the Snake":0}],"InkBottle":[65],"Ring of the Snake":[56]},"card_choices":[{"not_picked":["Deadly Poison","Bane"],"picked":"Terror","floor":1},{"not_picked":["Footwork","Acrobatics"],"picked":"Dagger Throw","floor":4},{"not_picked":["Choke","PiercingWail"],"picked":"Corpse Explosion","floor":6},{"not_picked":["Dodge and Roll","PiercingWail"],"picked":"Endless Agony","floor":8},{"not_picked":["Endless Agony","PiercingWail","Choke"],"picked":"SKIP","floor":10},{"not_picked":["Poisoned Stab","Expertise"],"picked":"Blade Dance","floor":11},{"not_picked":["Skewer","Deflect"],"picked":"Backstab","floor":12},{"not_picked":["Grand Finale","Bullet Time"],"picked":"Adrenaline","floor":16},{"not_picked":["Blur","Outmaneuver"],"picked":"Backflip","floor":18},{"not_picked":["Backflip","Setup","Sucker Punch"],"picked":"SKIP","floor":21},{"not_picked":["Deadly Poison","Underhanded Strike","Dagger Throw"],"picked":"SKIP","floor":22},{"not_picked":["Eviscerate","Sucker Punch","Masterful Stab"],"picked":"SKIP","floor":24},{"not_picked":["Flying Knee","Slice"],"picked":"Catalyst","floor":25},{"not_picked":["Endless Agony","Masterful Stab"],"picked":"Malaise","floor":29},{"not_picked":["Dagger Spray","Prepared","Skewer"],"picked":"SKIP","floor":30},{"not_picked":["Blur","Masterful Stab","Underhanded Strike"],"picked":"SKIP","floor":31},{"not_picked":["Flying Knee"],"picked":"SKIP","floor":35},{"not_picked":["Dagger Throw"],"picked":"SKIP","floor":36},{"not_picked":["Predator"],"picked":"SKIP","floor":38},{"not_picked":["Cloak And Dagger"],"picked":"SKIP","floor":39},{"not_picked":[],"picked":"Noxious Fumes","floor":40},{"not_picked":[],"picked":"Cloak And Dagger","floor":41},{"not_picked":["Cloak And Dagger"],"picked":"SKIP","floor":45},{"not_picked":[],"picked":"Blade Dance","floor":47},{"not_picked":["Unload"],"picked":"SKIP","floor":48}],"player_experience":453967,"relics_obtained":[{"floor":6,"key":"Dream Catcher"},{"floor":8,"key":"Paper Crane"},{"floor":9,"key":"Whetstone"},{"floor":10,"key":"MealTicket"},{"floor":24,"key":"Anchor"},{"floor":26,"key":"InkBottle"},{"floor":37,"key":"Ginger"},{"floor":41,"key":"Kunai"},{"floor":45,"key":"Smiling Mask"}],"event_choices":[{"cards_removed":["Defend_G"],"damage_healed":0,"gold_gain":0,"player_choice":"Card Removal","damage_taken":0,"max_hp_gain":0,"max_hp_loss":0,"event_name":"The Cleric","floor":2,"gold_loss":75},{"damage_healed":0,"gold_gain":100,"player_choice":"Gold","damage_taken":0,"max_hp_gain":0,"max_hp_loss":0,"event_name":"Wheel of Change","floor":3,"gold_loss":0},{"damage_healed":22,"gold_gain":0,"player_choice":"Banana","damage_taken":0,"max_hp_gain":0,"max_hp_loss":0,"event_name":"Big Fish","floor":13,"gold_loss":0},{"damage_healed":0,"gold_gain":0,"player_choice":"Entered Light","damage_taken":20,"max_hp_gain":0,"max_hp_loss":0,"event_name":"Shining Light","floor":14,"gold_loss":0,"cards_upgraded":["Neutralize","Strike_G"]},{"damage_healed":0,"gold_gain":0,"player_choice":"Upgraded Two","damage_taken":0,"max_hp_gain":0,"max_hp_loss":0,"event_name":"Designer","floor":20,"gold_loss":50,"cards_upgraded":["Backflip","Defend_G"]},{"cards_removed":["Strike_G"],"damage_healed":0,"gold_gain":0,"player_choice":"Gave Gold","damage_taken":0,"max_hp_gain":0,"max_hp_loss":0,"event_name":"Beggar","floor":27,"gold_loss":75},{"damage_healed":0,"gold_gain":0,"player_choice":"Read","damage_taken":0,"max_hp_gain":0,"max_hp_loss":0,"event_name":"The Library","floor":28,"gold_loss":0,"cards_obtained":["Footwork"]},{"damage_healed":0,"gold_gain":0,"player_choice":"Fight","damage_taken":0,"max_hp_gain":0,"max_hp_loss":0,"event_name":"MindBloom","floor":37,"gold_loss":0},{"damage_healed":0,"gold_gain":0,"player_choice":"Got Potions","damage_taken":0,"max_hp_gain":0,"max_hp_loss":0,"event_name":"Lab","floor":42,"gold_loss":0}],"is_beta":false,"boss_relics":[{"not_picked":["Ectoplasm","Tiny House"],"picked":"Fusion Hammer"},{"not_picked":["Sozu","Coffee Dripper"],"picked":"Busted Crown"}],"items_purged_floors":[19],"is_endless":false,"potions_floor_spawned":[4,6,16,22,24,31,36,38,45,47,48],"killed_by":"Donu and Deca","ascension_level":20}}