{"host":"os7ajuuouznx3pj7","time":1610565178,"event":{"mods":["AchievementEnabler","BaseMod","Bestiary","Block Reminder","Colored Map","Colored Powertips","Keyboard Shortcuts","Minty Spire (QoL Compilation)","Quick Restart","Relic Sorter","Relic Stats","SuperFastMode"],"gold_per_floor":[111,121,141,141,44,44,78,89,136,149,149,180,180,195,195,297,297,311,98,58,70,85,110,110,141,168,196,215,215,227,327,327,430,430,446,446,96,114,68,101,175,209,209,209,234,256,268,292,304,316,328,340,40,65,65,65],"floor_reached":55,"language":"ENG","playtime":9469,"items_purged":["Doubt","Normality"],"score":1515,"play_id":"4a8f556f-599f-4558-a035-d8f62eec9314","local_time":"20210113171258","is_ascension_mode":true,"campfire_choices":[{"data":"Dash","floor":6.0,"key":"SMITH"},{"data":"Masterful Stab","floor":11.0,"key":"SMITH"},{"data":"Venomology","floor":15.0,"key":"SMITH"},{"data":"Eviscerate","floor":24.0,"key":"SMITH"},{"data":"Tools of the Trade","floor":29.0,"key":"SMITH"},{"data":"Tactician","floor":32.0,"key":"SMITH"},{"data":"Acrobatics","floor":44.0,"key":"SMITH"},{"data":"Transmutation","floor":47.0,"key":"SMITH"},{"floor":49.0,"key":"RECALL"},{"data":"Acrobatics","floor":52,"key":"SMITH"}],"circlet_count":0,"master_deck":["AscendersBane","Strike_G","Strike_G","Strike_G+1","Strike_G","Strike_G+1","Defend_G+1","Defend_G","Defend_G","Defend_G","Defend_G","Survivor","Neutralize","Dash+1","Masterful Stab+1","Acrobatics+1","Dark Shackles","Well Laid Plans","Backflip","Venomology+1","Underhanded Strike","Tools of the Trade+1","PiercingWail","Tactician+1","Endless Agony+1","Eviscerate+1","Footwork","Concentrate","Expertise","Backstab","Tactician+1","Burst","Underhanded Strike+1","Transmutation+1","Noxious Fumes","Acrobatics+1","Footwork+1","PiercingWail","Decay","Eviscerate+1","Reflex+1","Violence","Deflect","Calculated Gamble+1"],"relics":["Ring of the Snake","SacredBark","Dream Catcher","Meat on the Bone","Orichalcum","MealTicket","Bag of Marbles","Potion Belt","Cursed Key","Pear","Whetstone","PreservedInsect","StrikeDummy","Lantern","Ice Cream","Unceasing Top","Ornamental Fan","Pocketwatch","MawBank","Boot"],"acts_visited":["Exordium","TheCity","TheBeyond","TheEnding"],"potions_floor_usage":[50,50,54,54,54,54,54,54,55,55,55,55,55],"damage_taken":[{"damage":0.0,"enemies":"Cultist","floor":1.0,"turns":5.0},{"damage":0.0,"enemies":"Jaw Worm","floor":2.0,"turns":5.0},{"damage":0.0,"enemies":"2 Louse","floor":3.0,"turns":2.0},{"damage":14.0,"enemies":"Lagavulin","floor":7.0,"turns":8.0},{"damage":0.0,"enemies":"Lots of Slimes","floor":8.0,"turns":4.0},{"damage":0.0,"enemies":"Large Slime","floor":10.0,"turns":3.0},{"damage":0.0,"enemies":"3 Sentries","floor":12.0,"turns":5.0},{"damage":0.0,"enemies":"2 Fungi Beasts","floor":14.0,"turns":3.0},{"damage":28.0,"enemies":"Hexaghost","floor":16.0,"turns":10.0},{"damage":0.0,"enemies":"3 Byrds","floor":18.0,"turns":5.0},{"damage":0.0,"enemies":"2 Thieves","floor":21.0,"turns":4.0},{"damage":0.0,"enemies":"Chosen and Byrds","floor":22.0,"turns":5.0},{"damage":0.0,"enemies":"Slavers","floor":23.0,"turns":4.0},{"damage":14.0,"enemies":"Book of Stabbing","floor":25.0,"turns":5.0},{"damage":0.0,"enemies":"Gremlin Leader","floor":27.0,"turns":6.0},{"damage":0.0,"enemies":"Shelled Parasite and Fungi","floor":28.0,"turns":4.0},{"damage":0.0,"enemies":"3 Cultists","floor":30.0,"turns":6.0},{"damage":0.0,"enemies":"Colosseum Slavers","floor":31.0,"turns":4.0},{"damage":0.0,"enemies":"Colosseum Nobs","floor":31.0,"turns":3.0},{"damage":44.0,"enemies":"Automaton","floor":33.0,"turns":8.0},{"damage":0.0,"enemies":"3 Darklings","floor":35.0,"turns":4.0},{"damage":0.0,"enemies":"3 Shapes","floor":38.0,"turns":4.0},{"damage":0.0,"enemies":"Nemesis","floor":40.0,"turns":3.0},{"damage":26.0,"enemies":"Reptomancer","floor":42.0,"turns":5.0},{"damage":0.0,"enemies":"Nemesis","floor":45.0,"turns":5.0},{"damage":15.0,"enemies":"Transient","floor":46.0,"turns":5.0},{"damage":9.0,"enemies":"Sphere and 2 Shapes","floor":48.0,"turns":4.0},{"damage":18,"enemies":"Donu and Deca","floor":50,"turns":8},{"damage":55,"enemies":"Shield and Spear","floor":54,"turns":6},{"damage":64,"enemies":"The Heart","floor":55,"turns":6}],"seed_played":"-2313748050939679154","potions_obtained":[{"floor":1.0,"key":"Weak Potion"},{"floor":8.0,"key":"SpeedPotion"},{"floor":14.0,"key":"GamblersBrew"},{"floor":18.0,"key":"Explosive Potion"},{"floor":27.0,"key":"BlessingOfTheForge"},{"floor":30.0,"key":"Fruit Juice"},{"floor":33.0,"key":"ColorlessPotion"},{"floor":35.0,"key":"Energy Potion"},{"floor":42.0,"key":"Weak Potion"}],"is_trial":false,"path_per_floor":["M","M","M","$","$","R","E","M","T","M","R","E","?","M","R","B",null,"M","$","?","M","M","E","R","E","T","E","M","R","M","?","R","B",null,"M","?","$","M","$","E","T","E","T","R","E","M","R","M","R","B",null,"R","$","E","B"],"character_chosen":"THE_SILENT","items_purchased":["Dark Shackles","Potion Belt","Tactician","Transmutation","Noxious Fumes","Acrobatics","Violence","Deflect"],"campfire_rested":0,"item_purchase_floors":[5,19,19,37,37,39,53,53],"current_hp_per_floor":[63,63,63,63,63,63,49,49,49,49,49,49,59,59,59,31,68,68,68,68,68,68,68,68,54,54,54,54,54,54,59,59,27,71,71,71,85,85,85,85,85,59,59,59,59,44,44,47,47,41,74,74,85,42,0,0],"gold":65,"neow_bonus":"RANDOM_COMMON_RELIC","is_daily":false,"chose_seed":false,"campfire_upgraded":9,"win_rate":0.0,"timestamp":1610565178,"path_taken":["M","M","M","?","$","R","E","M","T","M","R","E","?","?","R","BOSS","M","$","?","?","M","E","R","E","T","E","M","R","M","?","R","BOSS","M","?","$","?","?","E","?","E","T","R","E","?","R","M","R","BOSS","R","$","E","BOSS"],"items_purchased_type":["Card","Relic","Card","Card","Card","Card","Card","Card"],"build_version":"2020-12-22","purchased_purges":2,"victory":false,"max_hp_per_floor":[70,70,70,70,70,70,70,70,70,70,70,70,80,80,80,80,80,80,80,80,80,80,80,80,80,80,80,80,80,80,85,85,85,85,85,85,85,85,85,85,85,85,85,85,85,85,85,85,85,85,85,85,85,85,85,85],"relic_stats":{"counters":[30,149],"PreservedInsect":484,"Whetstone":["Strike_G","Strike_G"],"Orichalcum":[120],"Cursed Key":3,"MawBank":96,"Boot":[0],"Dream Catcher":0,"Ornamental Fan":[80],"MealTicket":25,"obtain_stats":[{"Potion Belt":19,"Ice Cream":31,"Lantern":9,"Pear":13,"SacredBark":34,"PreservedInsect":0,"Whetstone":12,"Orichalcum":23,"Cursed Key":17,"MawBank":45,"Boot":54,"Dream Catcher":25,"Ornamental Fan":42,"MealTicket":26,"Bag of Marbles":27,"StrikeDummy":7,"Unceasing Top":40,"Ring of the Snake":0,"Meat on the Bone":31,"Pocketwatch":43},{"Potion Belt":10,"Ice Cream":19,"Lantern":5,"Pear":7,"SacredBark":20,"PreservedInsect":0,"Whetstone":7,"Orichalcum":13,"Cursed Key":9,"MawBank":25,"Boot":29,"Dream Catcher":14,"Ornamental Fan":24,"MealTicket":14,"Bag of Marbles":15,"StrikeDummy":4,"Unceasing Top":23,"Ring of the Snake":0,"Meat on the Bone":19,"Pocketwatch":24},{"Potion Belt":50,"Ice Cream":91,"Lantern":24,"Pear":32,"SacredBark":99,"PreservedInsect":0,"Whetstone":32,"Orichalcum":63,"Cursed Key":45,"MawBank":120,"Boot":143,"Dream Catcher":68,"Ornamental Fan":115,"MealTicket":68,"Bag of Marbles":74,"StrikeDummy":20,"Unceasing Top":110,"Ring of the Snake":0,"Meat on the Bone":91,"Pocketwatch":115}],"Unceasing Top":[21],"Ring of the Snake":[61],"Meat on the Bone":48,"Pocketwatch":[21]},"card_choices":[{"not_picked":["Flying Knee","PiercingWail"],"picked":"Dash","floor":1.0},{"not_picked":["Dagger Throw","Dash"],"picked":"Masterful Stab","floor":2.0},{"not_picked":["Sucker Punch","Prepared"],"picked":"Acrobatics","floor":3.0},{"not_picked":["Bane","Dodge and Roll","Acrobatics"],"picked":"SKIP","floor":7.0},{"not_picked":["Deadly Poison","Prepared"],"picked":"Well Laid Plans","floor":8.0},{"not_picked":["Bane","Dagger Throw"],"picked":"Backflip","floor":10.0},{"not_picked":["Expertise","Envenom"],"picked":"Venomology","floor":12.0},{"not_picked":["Dagger Spray","Terror"],"picked":"Underhanded Strike","floor":14.0},{"not_picked":["Burst","Night Terror"],"picked":"Tools of the Trade","floor":16.0},{"not_picked":["Quick Slash","Acrobatics"],"picked":"PiercingWail","floor":18.0},{"not_picked":["Acrobatics","Expertise+1"],"picked":"Endless Agony+1","floor":21.0},{"not_picked":["Deflect","All Out Attack"],"picked":"Eviscerate","floor":22.0},{"not_picked":["Dodge and Roll","Slice"],"picked":"Footwork","floor":23.0},{"not_picked":["Sucker Punch","Backflip"],"picked":"Concentrate","floor":25.0},{"not_picked":["Blur","Prepared"],"picked":"Expertise","floor":27.0},{"not_picked":["Slice","Expertise+1"],"picked":"Backstab","floor":28.0},{"not_picked":["Dodge and Roll","Bane"],"picked":"Tactician","floor":30.0},{"not_picked":["Grand Finale","Envenom"],"picked":"Burst","floor":33.0},{"not_picked":["Terror+1","Bane"],"picked":"Underhanded Strike+1","floor":35.0},{"not_picked":["Setup+1","Dodge and Roll","Dagger Spray"],"picked":"SKIP","floor":38.0},{"not_picked":["Bane+1","Setup"],"picked":"Footwork+1","floor":40.0},{"not_picked":["Flechettes","Noxious Fumes"],"picked":"PiercingWail","floor":42.0},{"not_picked":["Escape Plan","Infinite Blades"],"picked":"Eviscerate+1","floor":45.0},{"not_picked":["Dodge and Roll","PiercingWail+1"],"picked":"Reflex+1","floor":46.0},{"not_picked":["PiercingWail","Flechettes","Poisoned Stab"],"picked":"SKIP","floor":48.0},{"not_picked":["Footwork","Backflip"],"picked":"Calculated Gamble+1","floor":54}],"player_experience":949468,"relics_obtained":[{"floor":7.0,"key":"StrikeDummy"},{"floor":9.0,"key":"Lantern"},{"floor":12.0,"key":"Whetstone"},{"floor":13.0,"key":"Pear"},{"floor":23.0,"key":"Orichalcum"},{"floor":25.0,"key":"Dream Catcher"},{"floor":26.0,"key":"MealTicket"},{"floor":27.0,"key":"Bag of Marbles"},{"floor":31.0,"key":"Ice Cream"},{"floor":31.0,"key":"Meat on the Bone"},{"floor":40.0,"key":"Unceasing Top"},{"floor":42.0,"key":"Ornamental Fan"},{"floor":43.0,"key":"Pocketwatch"},{"floor":45.0,"key":"MawBank"},{"floor":54,"key":"Boot"}],"event_choices":[{"damage_healed":0.0,"max_hp_gain":0.0,"max_hp_loss":0.0,"gold_gain":0.0,"event_name":"Wheel of Change","player_choice":"Relic","floor":13.0,"gold_loss":0.0,"damage_taken":0.0},{"damage_healed":0.0,"max_hp_gain":0.0,"max_hp_loss":0.0,"gold_gain":0.0,"event_name":"Designer","player_choice":"Upgraded Two","floor":20.0,"gold_loss":40.0,"damage_taken":0.0,"cards_upgraded":["Defend_G","Tactician"]},{"damage_healed":0.0,"max_hp_gain":0.0,"max_hp_loss":0.0,"gold_gain":0.0,"event_name":"Colosseum","player_choice":"Fight","floor":31.0,"gold_loss":0.0,"damage_taken":0.0},{"damage_healed":0.0,"max_hp_gain":0.0,"max_hp_loss":0.0,"gold_gain":0.0,"event_name":"Colosseum","player_choice":"Fought Nobs","floor":31.0,"gold_loss":0.0,"damage_taken":0.0},{"damage_healed":0.0,"max_hp_gain":0.0,"max_hp_loss":0.0,"gold_gain":0.0,"event_name":"SecretPortal","player_choice":"Ignored","floor":36.0,"gold_loss":0.0,"damage_taken":0.0}],"is_beta":false,"boss_relics":[{"not_picked":["Busted Crown","Pandora\u0027s Box"],"picked":"Cursed Key"},{"not_picked":["Philosopher\u0027s Stone","SlaversCollar"],"picked":"SacredBark"}],"items_purged_floors":[37,53],"is_endless":false,"potions_floor_spawned":[1,8,14,16,18,22,27,30,33,35,42,48],"killed_by":"The Heart","ascension_level":12}}