{"host":"jl3raagrljzztomj","time":1610543875,"event":{"mods":["Aspiration","BaseMod","BetterRewards","Colored Map","Colored Powertips","Custom Start","Hermit","Highlight Path","Minty Spire (QoL Compilation)","Permanent Neow","StSLib","The Runesmith"],"gold_per_floor":[213,230,230,240,240,240,275,275,275,287,287,305,334,353,353,353,353],"floor_reached":16,"language":"ENG","playtime":765,"items_purged":[],"score":112,"play_id":"fdbb72e9-54bd-44e6-aac7-728ff18a1497","local_time":"20210113071755","is_ascension_mode":false,"campfire_choices":[{"data":"hermit:LoneWolf","floor":6,"key":"SMITH"},{"data":"hermit:Snipe","floor":11,"key":"SMITH"},{"floor":15,"key":"REST"}],"circlet_count":0,"master_deck":["hermit:Strike_Hermit","hermit:Strike_Hermit","hermit:Strike_Hermit","hermit:Defend_Hermit","hermit:Defend_Hermit","hermit:Defend_Hermit","hermit:Defend_Hermit","hermit:Snapshot","hermit:Covet","hermit:Deadeye","hermit:LoneWolf+1","Regret","hermit:Enervate","hermit:Snipe+1","hermit:Headshot"],"relics":["hermit:Momento","Ice Cream","Blue Candle","Runesmith:AutoHammer"],"acts_visited":["Exordium"],"potions_floor_usage":[7,13,16],"damage_taken":[{"damage":3,"enemies":"2 Louse","floor":1,"turns":3},{"damage":6,"enemies":"Cultist","floor":2,"turns":4},{"damage":0,"enemies":"Small Slimes","floor":4,"turns":3},{"damage":17,"enemies":"Gremlin Nob","floor":7,"turns":4},{"damage":8,"enemies":"Gremlin Gang","floor":10,"turns":4},{"damage":14,"enemies":"Blue Slaver","floor":12,"turns":4},{"damage":26,"enemies":"Lagavulin","floor":13,"turns":5},{"damage":6,"enemies":"Exordium Wildlife","floor":14,"turns":4},{"damage":36,"enemies":"Slime Boss","floor":16,"turns":7}],"seed_played":"-659637589635626857","potions_obtained":[{"floor":4,"key":"EssenceOfSteel"},{"floor":10,"key":"SmokeBomb"},{"floor":12,"key":"Regen Potion"},{"floor":14,"key":"Weak Potion"}],"is_trial":false,"path_per_floor":["M","M","?","M","?","R","E","?","T","M","R","M","E","M","R","B"],"character_chosen":"HERMIT","items_purchased":[],"campfire_rested":1,"item_purchase_floors":[],"current_hp_per_floor":[72,66,66,66,74,74,57,57,57,49,49,35,18,12,34,0,0],"gold":353,"neow_bonus":"HUNDRED_GOLD","is_daily":false,"chose_seed":false,"campfire_upgraded":2,"win_rate":0.0,"timestamp":1610543875,"path_taken":["M","M","?","?","?","R","E","?","T","M","R","M","E","M","R","BOSS"],"items_purchased_type":[],"build_version":"2020-12-22","purchased_purges":0,"victory":false,"max_hp_per_floor":[75,75,75,75,75,75,75,75,75,75,75,75,75,75,75,75,75],"card_choices":[{"not_picked":["hermit:Ricochet","hermit:DeadMansHand"],"picked":"hermit:Deadeye","floor":1},{"not_picked":["hermit:CursedWeapon","hermit:Dive"],"picked":"hermit:LoneWolf","floor":2},{"not_picked":["hermit:Quickdraw","hermit:FullyLoaded"],"picked":"hermit:Enervate","floor":4},{"not_picked":["hermit:Quickdraw","hermit:Brawl","hermit:Scavenge"],"picked":"SKIP","floor":7},{"not_picked":["hermit:LowProfile","hermit:HighCaliber"],"picked":"hermit:Snipe","floor":10},{"not_picked":["hermit:HeroicBravado","hermit:Combo","hermit:CursedWeapon"],"picked":"SKIP","floor":12},{"not_picked":["hermit:Feint","hermit:Scavenge","hermit:Glare"],"picked":"SKIP","floor":13},{"not_picked":["hermit:BodyArmor","hermit:DeadMansHand"],"picked":"hermit:Headshot","floor":14}],"player_experience":935027,"relics_obtained":[{"floor":7,"key":"Ice Cream"},{"floor":9,"key":"Blue Candle"},{"floor":13,"key":"Runesmith:AutoHammer"}],"event_choices":[{"cards_removed":["hermit:Strike_Hermit"],"damage_healed":0,"gold_gain":0,"player_choice":"Took Card","damage_taken":0,"max_hp_gain":0,"max_hp_loss":0,"event_name":"NoteForYourself","floor":3,"gold_loss":0,"cards_obtained":["Regret"]},{"damage_healed":0,"gold_gain":0,"player_choice":"Bought 0 Potions","damage_taken":0,"max_hp_gain":0,"max_hp_loss":0,"event_name":"The Woman in Blue","floor":8,"gold_loss":0}],"is_beta":false,"boss_relics":[],"items_purged_floors":[],"is_endless":false,"potions_floor_spawned":[4,10,12,14],"killed_by":"Slime Boss","ascension_level":0}}