{"host":"ojme7g6xlqwffsso","time":1610578258,"event":{"mods":["BaseMod","Downfall","Minty Spire (QoL Compilation)","Shop Mod","StSLib"],"gold_per_floor":[99,111,128,128,138,157,182,194,194,208,308,342,357,374,391,496,496,421,441,198,216,216,141,190,210,243,257,257,288,288,300,318,422,422,422,440,458,471,817,834,860,507,525,575,606,531,531,550,550,550,550,550,550,550],"floor_reached":52,"language":"ENG","playtime":3085,"items_purged":["hexamod:SoulSteal+1"],"score":931,"play_id":"ec1eb3fb-a93c-40a4-b5f7-04b356e5d721","local_time":"20210114075058","is_ascension_mode":true,"campfire_choices":[{"data":"hexamod:CatchUp","floor":1.0,"key":"SMITH"},{"data":"hexamod:Float","floor":9.0,"key":"SMITH"},{"floor":18.0,"key":"RECALL"},{"data":"hexamod:SkipABeat","floor":23.0,"key":"SMITH"},{"data":"hexamod:SkipABeat","floor":30.0,"key":"SMITH"},{"data":"hexamod:WildfireWeapon","floor":35.0,"key":"SMITH"},{"floor":46,"key":"REST"}],"circlet_count":0,"master_deck":["hexamod:Strike","hexamod:Strike","hexamod:Defend","hexamod:Float+1","hexamod:CatchUp+1","hexamod:GhostOfSpirePast","hexamod:AdvancingGuard","hexamod:FastForward","hexamod:BacktrackSmack","hexamod:PhantomFireball","hexamod:TimeWarp+1","hexamod:Hexaguard","hexamod:FirstSeal","hexamod:SwordOfDarkness","hexamod:SuperheatedStrike","hexamod:WildfireWeapon+1","hexamod:ShieldOfDarkness","hexamod:SkipABeat+1","hexamod:StepThrough","hexamod:FastForward","hexamod:BacktrackSmack","hexamod:GhostOfSpirePast","hexamod:SkipABeat+1","hexamod:AdvancingGuard","hexamod:TimeWarp","hexamod:SoulSteal+1","hexamod:WildfireWeapon+1","hexamod:FastForward+1","hexamod:EtherealExpedition+1","hexamod:SpectralAdrenaline+1"],"relics":["hexamod:SpiritBrand","Bronze Scales","Orichalcum","Sozu","downfall:HeartBlessingGreen","hexamod:JarOfFuel","downfall:HeartBlessingRed","hexamod:MatchstickCase","Akabeko","Blood Vial","Astrolabe","Old Coin","Strawberry","Medical Kit","Gambling Chip","Ice Cream","Ginger","downfall:HeartBlessingBlue"],"acts_visited":["Exordium","TheCity","TheBeyond","TheEnding"],"potions_floor_usage":[49],"damage_taken":[{"damage":0.0,"enemies":"Cultist","floor":2.0,"turns":3.0},{"damage":1.0,"enemies":"Jaw Worm","floor":3.0,"turns":3.0},{"damage":1.0,"enemies":"Small Slimes","floor":5.0,"turns":3.0},{"damage":0.0,"enemies":"Red Slaver","floor":6.0,"turns":3.0},{"damage":4.0,"enemies":"2 Fungi Beasts","floor":8.0,"turns":3.0},{"damage":0.0,"enemies":"Exordium Wildlife","floor":10.0,"turns":3.0},{"damage":19.0,"enemies":"downfall:Heads","floor":11.0,"turns":6.0},{"damage":0.0,"enemies":"Gremlin Nob","floor":12.0,"turns":3.0},{"damage":0.0,"enemies":"Large Slime","floor":13.0,"turns":4.0},{"damage":0.0,"enemies":"2 Fungi Beasts","floor":14.0,"turns":2.0},{"damage":2.0,"enemies":"Blue Slaver","floor":15.0,"turns":2.0},{"damage":42.0,"enemies":"downfall:Ironclad","floor":16.0,"turns":6.0},{"damage":12.0,"enemies":"3 Byrds","floor":19.0,"turns":3.0},{"damage":0.0,"enemies":"downfall:FleeingMerchant","floor":20.0,"turns":4.0},{"damage":9.0,"enemies":"Centurion and Healer","floor":21.0,"turns":5.0},{"damage":4.0,"enemies":"Snecko","floor":25.0,"turns":5.0},{"damage":23.0,"enemies":"Gremlin Leader","floor":26.0,"turns":5.0},{"damage":25.0,"enemies":"Shelled Parasite and Fungi","floor":27.0,"turns":3.0},{"damage":21.0,"enemies":"Book of Stabbing","floor":29.0,"turns":4.0},{"damage":2.0,"enemies":"Cultist and Chosen","floor":31.0,"turns":4.0},{"damage":3.0,"enemies":"Snecko","floor":32.0,"turns":4.0},{"damage":19.0,"enemies":"downfall:Defect","floor":33.0,"turns":6.0},{"damage":0.0,"enemies":"Orb Walker","floor":36.0,"turns":2.0},{"damage":8.0,"enemies":"3 Darklings","floor":37.0,"turns":3.0},{"damage":9.0,"enemies":"Jaw Worm Horde","floor":38.0,"turns":4.0},{"damage":20.0,"enemies":"2 Orb Walkers","floor":39.0,"turns":4.0},{"damage":0.0,"enemies":"Sphere and 2 Shapes","floor":40.0,"turns":3.0},{"damage":0,"enemies":"downfall:FleeingMerchant","floor":42,"turns":3},{"damage":6,"enemies":"Writhing Mass","floor":43,"turns":3},{"damage":19,"enemies":"Mind Bloom Boss Battle","floor":44,"turns":4},{"damage":23,"enemies":"Reptomancer","floor":45,"turns":5},{"damage":2,"enemies":"Spire Growth","floor":48,"turns":3},{"damage":6,"enemies":"Jaw Worm Horde","floor":49,"turns":2},{"damage":62,"enemies":"downfall:Silent","floor":50,"turns":8},{"damage":88,"enemies":"downfall:CharBossMerchant","floor":52,"turns":7}],"seed_played":"-4122815101828765085","potions_obtained":[{"floor":2.0,"key":"PowerPotion"},{"floor":3.0,"key":"ColorlessPotion"},{"floor":4.0,"key":"SmokeBomb"},{"floor":16.0,"key":"FearPotion"}],"is_trial":false,"path_per_floor":["R","M","M","?","M","M","T","M","R","M","?","E","M","M","M","B",null,"R","M","$","M","?","R","T","M","E","M","?","E","R","M","M","B",null,"R","M","M","M","?","M","T","$","M","?","E","R","?","M","M","B",null,"E"],"character_chosen":"THE_SPIRIT","items_purchased":["hexamod:JarOfFuel","hexamod:SkipABeat","Strawberry","Medical Kit","Gambling Chip"],"campfire_rested":1,"item_purchase_floors":[20,20,42,42,42],"current_hp_per_floor":[70,70,69,69,68,68,68,64,64,64,45,45,52,59,57,22,70,70,65,65,63,63,63,63,66,50,25,48,34,34,34,40,30,70,70,70,69,68,57,66,66,75,71,54,40,76,76,83,79,26,87,0,0,0],"gold":550,"neow_bonus":"TRANSFORM_CARD","is_daily":false,"chose_seed":false,"campfire_upgraded":5,"win_rate":0.0,"timestamp":1610578258,"path_taken":["R","M","?","?","M","M","T","?","R","M","?","E","M","M","M","BOSS","R","M","$","M","?","R","T","?","E","M","?","E","R","M","M","BOSS","R","M","M","M","?","M","T","$","M","?","E","R","?","?","M","BOSS","E"],"items_purchased_type":["Relic","Card","Relic","Relic","Relic"],"build_version":"2020-12-22","purchased_purges":1,"victory":false,"max_hp_per_floor":[70,70,70,70,70,70,70,70,70,70,70,70,70,70,70,70,70,70,70,70,70,70,70,70,70,70,70,70,70,70,70,70,70,70,70,70,70,70,70,70,70,77,77,77,77,87,87,87,87,87,87,87,87,87],"card_choices":[{"not_picked":["hexamod:DynamicBlow","hexamod:NightmareGuise"],"picked":"hexamod:GhostOfSpirePast","floor":2.0},{"not_picked":["hexamod:HauntingEcho","hexamod:NightmareStrike"],"picked":"hexamod:AdvancingGuard","floor":3.0},{"not_picked":["hexamod:NightmareGuise","hexamod:Firestarter"],"picked":"hexamod:FastForward","floor":5.0},{"not_picked":["hexamod:SoulSteal","hexamod:InspiringFlames","hexamod:Hexaguard"],"picked":"SKIP","floor":6.0},{"not_picked":["hexamod:SpectersWail","hexamod:VolcanoVisage"],"picked":"hexamod:BacktrackSmack","floor":8.0},{"not_picked":["hexamod:BacktrackSmack","hexamod:AdvancingGuard"],"picked":"hexamod:PhantomFireball","floor":10.0},{"not_picked":["hexamod:HauntingEcho","hexamod:ChargedBarrage"],"picked":"hexamod:Hexaguard","floor":11.0},{"not_picked":["hexamod:AdvancingGuard","hexamod:GhostflameBarrier"],"picked":"hexamod:FirstSeal","floor":12.0},{"not_picked":["hexamod:RainOfEmbers","hexamod:BacktrackSmack"],"picked":"hexamod:SwordOfDarkness","floor":13.0},{"not_picked":["hexamod:CatchUp","hexamod:RadiantFlame","hexamod:HeatMetal"],"picked":"SKIP","floor":14.0},{"not_picked":["hexamod:GhostOfSpirePresent","hexamod:ApocalypseNow"],"picked":"hexamod:SuperheatedStrike","floor":15.0},{"not_picked":["hexamod:GhostflameInferno","hexamod:CrushingStance"],"picked":"hexamod:WildfireWeapon","floor":16.0},{"not_picked":["hexamod:SpectersWail+1","hexamod:BacktrackSmack"],"picked":"hexamod:ShieldOfDarkness","floor":19.0},{"not_picked":["hexamod:HeatMetal","hexamod:Firestarter+1","hexamod:VolcanoVisage"],"picked":"SKIP","floor":20.0},{"not_picked":["hexamod:ThermalTransfer+1","hexamod:SwordOfDarkness","hexamod:GhostLash"],"picked":"SKIP","floor":21.0},{"not_picked":["hexamod:Hexaguard","hexamod:HauntingEcho+1"],"picked":"hexamod:FastForward","floor":25.0},{"not_picked":["hexamod:BurningTouch","hexamod:HeatMetal+1"],"picked":"hexamod:BacktrackSmack","floor":26.0},{"not_picked":["hexamod:RainOfEmbers","hexamod:SpectralSpark"],"picked":"hexamod:GhostOfSpirePast","floor":27.0},{"not_picked":["hexamod:GhostflameBarrier","hexamod:BacktrackSmack"],"picked":"hexamod:SkipABeat","floor":29.0},{"not_picked":["hexamod:RecurringNightmare","hexamod:BurningTouch"],"picked":"hexamod:AdvancingGuard","floor":31.0},{"not_picked":["hexamod:NightmareStrike","hexamod:PhantomCloak+1","hexamod:HauntingEcho"],"picked":"SKIP","floor":32.0},{"not_picked":["hexamod:EmpoweringStance","hexamod:TurnItUp"],"picked":"hexamod:TimeWarp","floor":33.0},{"not_picked":["hexamod:NightmareGuise+1","hexamod:NightmareStrike+1","hexamod:BacktrackSmack"],"picked":"SKIP","floor":36.0},{"not_picked":["hexamod:Firestarter","hexamod:SecondSeal","hexamod:SuperheatedStrike+1"],"picked":"SKIP","floor":37.0},{"not_picked":["hexamod:NightmareStrike","hexamod:SwordOfDarkness+1","hexamod:AdvancingGuard+1"],"picked":"SKIP","floor":38.0},{"not_picked":["hexamod:BurningTouch+1","hexamod:CatchUp+1"],"picked":"hexamod:FastForward+1","floor":39.0},{"not_picked":["hexamod:EtherealExpedition+1","hexamod:SkipABeat","hexamod:BacktrackSmack"],"picked":"SKIP","floor":40.0},{"not_picked":["hexamod:SkipABeat","hexamod:BacktrackSmack"],"picked":"hexamod:EtherealExpedition+1","floor":40.0},{"not_picked":["hexamod:NightmareStrike","hexamod:HauntingEcho+1","hexamod:CrushingStance"],"picked":"SKIP","floor":42},{"not_picked":["hexamod:PhantomFireball","hexamod:InspiringFlames"],"picked":"hexamod:SpectralAdrenaline+1","floor":43},{"not_picked":["hexamod:SkipABeat","hexamod:RainOfEmbers+1","hexamod:SpectersWail+1"],"picked":"SKIP","floor":45},{"not_picked":["hexamod:InspiringFlames","hexamod:ShieldOfDarkness","hexamod:NightmareStrike+1"],"picked":"SKIP","floor":48}],"player_experience":843032,"relics_obtained":[{"floor":7.0,"key":"Bronze Scales"},{"floor":12.0,"key":"Orichalcum"},{"floor":24.0,"key":"hexamod:MatchstickCase"},{"floor":26.0,"key":"Akabeko"},{"floor":29.0,"key":"Blood Vial"},{"floor":39.0,"key":"Old Coin"},{"floor":44,"key":"Ice Cream"},{"floor":45,"key":"Ginger"}],"event_choices":[{"damage_healed":0.0,"max_hp_gain":0.0,"max_hp_loss":0.0,"gold_gain":0.0,"event_name":"Lab","player_choice":"Got Potions","floor":4.0,"gold_loss":0.0,"damage_taken":0.0},{"damage_healed":23.0,"max_hp_gain":0.0,"max_hp_loss":0.0,"gold_gain":0.0,"event_name":"The Library","player_choice":"Heal","floor":28.0,"gold_loss":0.0,"damage_taken":0.0},{"damage_healed":0.0,"max_hp_gain":0.0,"max_hp_loss":0.0,"gold_gain":0.0,"event_name":"Mysterious Sphere","player_choice":"Fight","floor":39.0,"gold_loss":0.0,"damage_taken":0.0}],"is_beta":false,"boss_relics":[{"not_picked":["hexamod:IceCube","Empty Cage"],"picked":"Sozu"},{"not_picked":["Snecko Eye","Runic Pyramid"],"picked":"Astrolabe"}],"items_purged_floors":[42],"is_endless":false,"potions_floor_spawned":[2,3,10,11,16,21,27,29,31,33,37,40,44,45,48,49],"killed_by":"downfall:CharBossMerchant","ascension_level":4}}