{"host":"hnrafgucdht3qvsp","time":1610565317,"event":{"mods":["BaseMod","Bestiary","Colored Map","Minty Spire (QoL Compilation)","Relic Stats","StSLib"],"gold_per_floor":[115,16,29,45,45,45,76,76,76,89,89,123,123,149,149,246,246,265,116,116,127,127,127,127,127],"floor_reached":24,"language":"ENG","playtime":919,"items_purged":["Bouncing Flask"],"score":276,"play_id":"1702d986-8490-42d5-be01-ab45130dae49","local_time":"20210113141517","is_ascension_mode":true,"campfire_choices":[{"data":"Blade Dance","floor":6,"key":"SMITH"},{"data":"Leg Sweep","floor":8,"key":"SMITH"},{"floor":11,"key":"REST"},{"floor":15,"key":"REST"},{"data":"Noxious Fumes","floor":23,"key":"SMITH"}],"circlet_count":0,"master_deck":["Strike_G","Strike_G","Defend_G","Defend_G","Defend_G","Defend_G","Survivor","Neutralize","Dagger Throw","Blade Dance+1","Leg Sweep+1","Dagger Spray","Adrenaline","Bane","Burst","Noxious Fumes+1","Accuracy","Well Laid Plans","After Image","Accuracy"],"relics":["Sozu","Turnip","Omamori","Question Card","Shuriken","Blood Vial","Empty Cage","Nilry\u0027s Codex"],"acts_visited":["Exordium","TheCity"],"potions_floor_usage":[],"damage_taken":[{"damage":1,"enemies":"Cultist","floor":1,"turns":4},{"damage":0,"enemies":"2 Louse","floor":3,"turns":2},{"damage":0,"enemies":"Jaw Worm","floor":4,"turns":2},{"damage":36,"enemies":"Gremlin Nob","floor":7,"turns":5},{"damage":0,"enemies":"3 Louse","floor":10,"turns":3},{"damage":22,"enemies":"Lagavulin","floor":12,"turns":7},{"damage":10,"enemies":"Gremlin Nob","floor":14,"turns":3},{"damage":19,"enemies":"Hexaghost","floor":16,"turns":7},{"damage":0,"enemies":"Spheric Guardian","floor":18,"turns":3},{"damage":14,"enemies":"2 Thieves","floor":21,"turns":4},{"damage":35,"enemies":"Slavers","floor":24,"turns":3}],"seed_played":"6251890057177800567","potions_obtained":[],"is_trial":false,"path_per_floor":["M","?","M","M","$","R","E","R","T","M","R","E","?","E","R","B",null,"M","$","?","M","?","R","E"],"character_chosen":"THE_SILENT","items_purchased":["Accuracy"],"campfire_rested":2,"item_purchase_floors":[19],"current_hp_per_floor":[62,62,62,62,62,62,26,26,26,26,47,25,25,15,36,19,57,59,59,43,31,31,31,0,0],"gold":127,"neow_bonus":"BOSS_RELIC","is_daily":false,"chose_seed":false,"campfire_upgraded":3,"win_rate":0.0,"timestamp":1610565317,"path_taken":["M","?","M","M","?","R","E","R","T","M","R","E","?","E","R","BOSS","M","$","?","M","?","R","E"],"items_purchased_type":["Card"],"build_version":"2020-12-22","purchased_purges":1,"victory":false,"max_hp_per_floor":[70,70,70,70,70,70,70,70,70,70,70,70,70,70,70,70,70,70,70,70,70,70,70,70,70],"relic_stats":{"Sozu":5,"Blood Vial":8,"counters":[11,43],"Shuriken":[15],"Turnip":[5],"Question Card":6,"obtain_stats":[{"Sozu":0,"Blood Vial":14,"Shuriken":12,"Nilry\u0027s Codex":20,"Turnip":2,"Omamori":7,"Question Card":9,"Empty Cage":17,"Ring of the Snake":0},{"Sozu":0,"Blood Vial":7,"Shuriken":6,"Nilry\u0027s Codex":9,"Turnip":1,"Omamori":4,"Question Card":4,"Empty Cage":8,"Ring of the Snake":0},{"Sozu":0,"Blood Vial":26,"Shuriken":23,"Nilry\u0027s Codex":36,"Turnip":4,"Omamori":13,"Question Card":13,"Empty Cage":33,"Ring of the Snake":0}]},"card_choices":[{"not_picked":["Concentrate","Tactician"],"picked":"Dagger Throw","floor":1},{"not_picked":["Dagger Throw","Backflip"],"picked":"Blade Dance","floor":3},{"not_picked":["Flechettes","Concentrate","Skewer"],"picked":"SKIP","floor":4},{"not_picked":["Riddle With Holes","Outmaneuver"],"picked":"Leg Sweep","floor":7},{"not_picked":["Dagger Throw","Cloak And Dagger","Dodge and Roll"],"picked":"Dagger Spray","floor":10},{"not_picked":["Caltrops","Expertise","Choke"],"picked":"Adrenaline","floor":12},{"not_picked":["Endless Agony","Deflect","Distraction"],"picked":"Bouncing Flask","floor":14},{"not_picked":["Die Die Die","Phantasmal Killer","Envenom"],"picked":"Burst","floor":16},{"not_picked":["Cloak And Dagger+1","Riddle With Holes","Prepared"],"picked":"Noxious Fumes","floor":18},{"not_picked":["Backflip","Flying Knee+1","Poisoned Stab"],"picked":"Well Laid Plans","floor":21}],"player_experience":401906,"relics_obtained":[{"floor":7,"key":"Omamori"},{"floor":9,"key":"Question Card"},{"floor":12,"key":"Shuriken"},{"floor":14,"key":"Blood Vial"},{"floor":20,"key":"Nilry\u0027s Codex"}],"event_choices":[{"damage_healed":0,"gold_gain":0,"player_choice":"Paid Gold","damage_taken":0,"relics_obtained":["Turnip"],"max_hp_gain":0,"max_hp_loss":0,"event_name":"WeMeetAgain","floor":2,"gold_loss":99},{"damage_healed":0,"gold_gain":0,"player_choice":"1 cards matched","damage_taken":0,"max_hp_gain":0,"max_hp_loss":0,"event_name":"Match and Keep!","floor":13,"gold_loss":0,"cards_obtained":["Bane"]},{"damage_healed":0,"gold_gain":0,"player_choice":"Obtained Book","damage_taken":16,"max_hp_gain":0,"max_hp_loss":0,"event_name":"Cursed Tome","floor":20,"gold_loss":0},{"damage_healed":0,"gold_gain":0,"cards_transformed":["Strike_G","Defend_G"],"player_choice":"Became Test Subject","damage_taken":0,"max_hp_gain":0,"max_hp_loss":0,"event_name":"Drug Dealer","floor":22,"gold_loss":0,"cards_obtained":["After Image","Accuracy"]}],"is_beta":false,"boss_relics":[{"not_picked":["Tiny House","Snecko Eye"],"picked":"Empty Cage"}],"items_purged_floors":[19],"is_endless":false,"potions_floor_spawned":[1,4,7,12,16],"killed_by":"Slavers","ascension_level":6}}