{"host":"fkig9nrckec4xsh0","time":1610522075,"event":{"mods":["BaseMod","Colored Map","Minty Spire (QoL Compilation)","Quick Restart","Replay The Spire","StSLib"],"gold_per_floor":[117,117,136,147,163,189,189,224,247,281,261,280,53,82,82,154,154,167,167,178,197,35,64,64,97,97,97,126,40,70,80,80,158,158,177,14,14,26,26,26,56,56,56,56,81,113,113,141,141,141,141],"floor_reached":50,"language":"ENG","playtime":2142,"items_purged":[],"score":1258,"play_id":"9b3f6fee-7fde-4b67-9499-1997eacb6805","local_time":"20210113021435","is_ascension_mode":true,"campfire_choices":[{"floor":15,"key":"REST"},{"data":"Inflame","floor":24,"key":"SMITH"},{"data":"ReplayTheSpireMod:Corrosion Curse","floor":27,"key":"SMITH"},{"data":"Perfected Strike","floor":32,"key":"SMITH"},{"data":"ReplayTheSpireMod:Private Reserves","floor":40,"key":"SMITH"},{"data":"Trip","floor":42,"key":"SMITH"},{"data":"Pommel Strike","floor":47,"key":"SMITH"},{"data":"Replay:Undeath\u0027s Touch","floor":49,"key":"SMITH"}],"circlet_count":0,"master_deck":["AscendersBane","Strike_R+1","Strike_R","Strike_R","Strike_R+1","Strike_R","Defend_R+1","Defend_R","Defend_R","Bash","Replay:Undeath\u0027s Touch+1","Headbutt","Pommel Strike+1","Perfected Strike+1","Offering+1","Replay:Undeath\u0027s Touch","ReplayTheSpireMod:Strike From Hell","Spot Weakness+1","Flex+1","Feed","Twin Strike","Replay:Undeath\u0027s Touch","Inflame+1","ReplayTheSpireMod:Corrosion Curse+1","Iron Wave+1","ReplayTheSpireMod:Corrosion Curse","Replay:Undeath\u0027s Touch+1","Feed","Iron Wave","Trip+1","ReplayTheSpireMod:Private Reserves+1","Heavy Blade+1","ReplayTheSpireMod:Stacked+1","Inflame+1","ReplayTheSpireMod:Strike From Hell"],"relics":["Black Blood","NeowsBlessing","Bag of Marbles","Centennial Puzzle","Vajra","Omamori","Guide Book","ReplayTheSpireMod:Shallot","Anchor","Sling","Gremlin Horn","Matryoshka","Simple Rune","Darkstone Periapt","War Paint","ReplayTheSpireMod:Ninjato","SacredBark","Brimstone","White Beast Statue","Toy Ornithopter","Blue Candle","Replay:PocketPolymizer","Regal Pillow","Replay:Towering Pillar of Hats"],"acts_visited":["Exordium","TheCity","TheBeyond"],"potions_floor_usage":[6,12,28,30,33,46,50],"damage_taken":[{"damage":0,"enemies":"Jaw Worm","floor":1,"turns":1},{"damage":0,"enemies":"Cultist","floor":3,"turns":1},{"damage":0,"enemies":"Small Slimes","floor":4,"turns":1},{"damage":23,"enemies":"Exordium Thugs","floor":5,"turns":5},{"damage":25,"enemies":"Lagavulin","floor":6,"turns":5},{"damage":14,"enemies":"Gremlin Nob","floor":8,"turns":3},{"damage":16,"enemies":"3 Sentries","floor":10,"turns":5},{"damage":7,"enemies":"Large Slime","floor":12,"turns":5},{"damage":6,"enemies":"Gremlin Nob","floor":14,"turns":2},{"damage":27,"enemies":"Hexaghost","floor":16,"turns":5},{"damage":15,"enemies":"Spheric Guardian","floor":18,"turns":3},{"damage":6,"enemies":"3 Byrds","floor":20,"turns":3},{"damage":6,"enemies":"Centurion and Healer","floor":21,"turns":3},{"damage":6,"enemies":"Slavers","floor":23,"turns":2},{"damage":28,"enemies":"Gremlin Leader","floor":25,"turns":3},{"damage":0,"enemies":"Slavers","floor":28,"turns":2},{"damage":9,"enemies":"Book of Stabbing","floor":30,"turns":3},{"damage":6,"enemies":"3 Cultists","floor":31,"turns":2},{"damage":7,"enemies":"Pondfish","floor":33,"turns":6},{"damage":24,"enemies":"3 Shapes","floor":35,"turns":3},{"damage":6,"enemies":"Orb Walker","floor":38,"turns":1},{"damage":6,"enemies":"Giant Head","floor":41,"turns":3},{"damage":18,"enemies":"Mind Bloom Boss Battle","floor":45,"turns":3},{"damage":19,"enemies":"Nemesis","floor":46,"turns":5},{"damage":4,"enemies":"Giant Head","floor":48,"turns":4},{"damage":112,"enemies":"Time Eater","floor":50,"turns":5}],"seed_played":"-4181611071561655188","potions_obtained":[{"floor":1,"key":"Elixir"},{"floor":4,"key":"Weak Potion"},{"floor":5,"key":"LiquidMemories"},{"floor":11,"key":"Ancient Potion"},{"floor":16,"key":"Cursed Concoction"},{"floor":23,"key":"Dexterity Potion"},{"floor":25,"key":"LifebloodPotion"},{"floor":28,"key":"Swift Potion"},{"floor":30,"key":"LiquidBronze"},{"floor":33,"key":"Languid Potion"},{"floor":35,"key":"Energy Potion"},{"floor":38,"key":"SteroidPotion"},{"floor":45,"key":"Fire Potion"},{"floor":46,"key":"FearPotion"},{"floor":48,"key":"PowerPotion"}],"is_trial":false,"path_per_floor":["M","?","M","M","M","E","?","E","T","E","?","M","$","E","R","B",null,"M","?","M","M","$","E","R","E","T","R","E","$","E","M","R","B",null,"M","$","?","M","?","R","E","R","T","$","?","E","R","E","R","B"],"character_chosen":"IRONCLAD","items_purchased":["Guide Book","Flex","Sling","ReplayTheSpireMod:Corrosion Curse","Brimstone"],"campfire_rested":1,"item_purchase_floors":[13,13,22,29,36],"current_hp_per_floor":[74,74,75,75,58,39,32,24,24,14,14,13,13,13,35,14,60,57,57,66,75,75,84,84,71,71,71,83,83,86,90,90,93,93,84,84,79,85,85,85,91,91,91,91,85,83,83,91,91,0,0],"gold":141,"neow_bonus":"THREE_ENEMY_KILL","is_daily":false,"chose_seed":false,"campfire_upgraded":7,"win_rate":0.0,"timestamp":1610522075,"path_taken":["M","?","?","M","M","E","?","E","T","E","?","?","$","E","R","BOSS","M","?","?","M","$","E","R","E","T","R","E","?","E","M","R","BOSS","M","?","?","M","?","R","E","R","T","$","?","E","R","E","R","BOSS"],"items_purchased_type":["Relic","Card","Relic","Card","Relic"],"build_version":"2020-12-22","purchased_purges":0,"victory":false,"max_hp_per_floor":[75,75,75,75,75,75,75,75,75,75,75,75,75,75,75,75,75,75,75,78,81,81,84,84,87,87,87,87,87,87,90,90,93,93,96,96,96,96,96,96,96,96,96,96,96,96,96,96,96,96,96],"card_choices":[{"not_picked":["ReplayTheSpireMod:LeadingStrike","Massacre"],"picked":"Replay:Undeath\u0027s Touch","floor":1},{"not_picked":["Feel No Pain","Pommel Strike"],"picked":"Headbutt","floor":3},{"not_picked":["ReplayTheSpireMod:Strike From Hell","Clash"],"picked":"Pommel Strike","floor":4},{"not_picked":["Clash","Wild Strike"],"picked":"Perfected Strike","floor":5},{"not_picked":["Pommel Strike","Infernal Blade"],"picked":"Offering","floor":6},{"not_picked":["Second Wind","Offering"],"picked":"Replay:Undeath\u0027s Touch","floor":8},{"not_picked":["Massacre","Burning Pact"],"picked":"ReplayTheSpireMod:Strike From Hell","floor":10},{"not_picked":["Sword Boomerang","Bloodletting"],"picked":"Spot Weakness","floor":12},{"not_picked":["Rampage","Fire Breathing","Warcry"],"picked":"SKIP","floor":14},{"not_picked":["Exhume","Demonic Infusion"],"picked":"Feed","floor":16},{"not_picked":["Shockwave","Cleave"],"picked":"Twin Strike","floor":18},{"not_picked":["Searing Blow","ReplayTheSpireMod:Stacked"],"picked":"Replay:Undeath\u0027s Touch","floor":20},{"not_picked":["Body Slam","Anger","Second Wind"],"picked":"SKIP","floor":21},{"not_picked":["Dark Embrace","Hemokinesis"],"picked":"Inflame","floor":23},{"not_picked":["Headbutt","Abandon"],"picked":"ReplayTheSpireMod:Corrosion Curse","floor":25},{"not_picked":["ReplayTheSpireMod:Stacked","Flex"],"picked":"Iron Wave+1","floor":28},{"not_picked":["Bloodletting","Reaper"],"picked":"Replay:Undeath\u0027s Touch","floor":30},{"not_picked":["True Grit","Shrug It Off","Abandon"],"picked":"SKIP","floor":31},{"not_picked":["Barricade","Berserk"],"picked":"Feed","floor":33},{"not_picked":["Body Slam","True Grit"],"picked":"Iron Wave","floor":35},{"not_picked":["Replay:Bootleg Shield Generator","Replay:Parry"],"picked":"Trip","floor":37},{"not_picked":["The Bomb","Bandage Up"],"picked":"ReplayTheSpireMod:Private Reserves","floor":37},{"not_picked":["Run Through","Fire Breathing","Anger"],"picked":"SKIP","floor":38},{"not_picked":["Battle Trance","Anger"],"picked":"Heavy Blade+1","floor":41},{"not_picked":["Clash","Abandon"],"picked":"ReplayTheSpireMod:Stacked+1","floor":45},{"not_picked":["Flex","ReplayTheSpireMod:Strike From Hell"],"picked":"Inflame+1","floor":46},{"not_picked":["Dark Embrace","Warcry"],"picked":"ReplayTheSpireMod:Strike From Hell","floor":48}],"player_experience":313271,"relics_obtained":[{"floor":6,"key":"Bag of Marbles"},{"floor":8,"key":"Centennial Puzzle"},{"floor":9,"key":"Vajra"},{"floor":10,"key":"Omamori"},{"floor":14,"key":"ReplayTheSpireMod:Shallot"},{"floor":23,"key":"Gremlin Horn"},{"floor":25,"key":"Matryoshka"},{"floor":26,"key":"Simple Rune"},{"floor":26,"key":"Darkstone Periapt"},{"floor":28,"key":"War Paint"},{"floor":30,"key":"ReplayTheSpireMod:Ninjato"},{"floor":41,"key":"White Beast Statue"},{"floor":43,"key":"Toy Ornithopter"},{"floor":43,"key":"Blue Candle"},{"floor":45,"key":"Replay:PocketPolymizer"},{"floor":46,"key":"Regal Pillow"},{"floor":48,"key":"Replay:Towering Pillar of Hats"}],"event_choices":[{"damage_healed":0,"gold_gain":0,"player_choice":"Upgraded","damage_taken":0,"max_hp_gain":0,"max_hp_loss":0,"event_name":"Upgrade Shrine","floor":2,"gold_loss":0,"cards_upgraded":["Replay:Undeath\u0027s Touch"]},{"cards_removed":["Defend_R"],"damage_healed":0,"gold_gain":0,"player_choice":"Card Removal","damage_taken":7,"max_hp_gain":0,"max_hp_loss":0,"event_name":"Golden Wing","floor":7,"gold_loss":0},{"damage_healed":0,"gold_gain":0,"player_choice":"Bought 1 Potion","damage_taken":0,"max_hp_gain":0,"max_hp_loss":0,"event_name":"The Woman in Blue","floor":11,"gold_loss":0},{"damage_healed":0,"gold_gain":0,"player_choice":"Gave Potion","damage_taken":0,"relics_obtained":["Anchor"],"max_hp_gain":0,"max_hp_loss":0,"event_name":"WeMeetAgain","floor":19,"gold_loss":0},{"damage_healed":0,"gold_gain":0,"player_choice":"Memory 2","damage_taken":5,"max_hp_gain":0,"max_hp_loss":0,"event_name":"SensoryStone","floor":37,"gold_loss":0},{"damage_healed":0,"gold_gain":0,"player_choice":"Fight","damage_taken":0,"max_hp_gain":0,"max_hp_loss":0,"event_name":"MindBloom","floor":45,"gold_loss":0}],"is_beta":false,"boss_relics":[{"not_picked":["Pandora\u0027s Box","ReplayTheSpireMod:DimensionalGlitch"],"picked":"Black Blood"},{"not_picked":["Velvet Choker","Ring of Chaos"],"picked":"SacredBark"}],"items_purged_floors":[],"is_endless":false,"potions_floor_spawned":[1,4,5,16,23,25,28,30,33,35,38,41,45,46,48],"killed_by":"Time Eater","ascension_level":16}}