{"host":"fnk117zi8wf5078t","time":1610528420,"event":{"mods":["AchievementEnabler","BaseMod","Colored Map","Minty Spire (QoL Compilation)","Rare Cards Sparkle","SuperFastMode","everything is the same but u backflip on backflip"],"gold_per_floor":[119,134,146,110,110,110,128,128,128,128,203,128,128,83,83,156,156,76,94,94,94,94,94,112,112,135,135,164,164,178,201,201,201,201],"floor_reached":33,"language":"KOR","playtime":1053,"items_purged":["Regret"],"score":498,"play_id":"95265478-4986-482a-b35f-75dbe589059e","local_time":"20210113180020","is_ascension_mode":true,"campfire_choices":[{"floor":6.0,"key":"DIG"},{"floor":8.0,"key":"DIG"},{"floor":10.0,"key":"DIG"},{"floor":13.0,"key":"DIG"},{"floor":15.0,"key":"REST"},{"floor":23.0,"key":"DIG"},{"floor":25.0,"key":"REST"},{"floor":29,"key":"REST"},{"floor":32,"key":"REST"}],"circlet_count":0,"master_deck":["AscendersBane","Strike_R","Strike_R","Strike_R","Defend_R","Defend_R","Defend_R+1","Defend_R","Bash","Fire Breathing","Dark Embrace","Spot Weakness","Feel No Pain","Dual Wield","Power Through+1","Rampage","Offering","Carnage+1","Body Slam","Power Through","Offering","Wild Strike","Dark Embrace","Wild Strike","Seeing Red"],"relics":["Burning Blood","Regal Pillow","Shovel","Prayer Wheel","Art of War","Singing Bowl","Juzu Bracelet","War Paint","Nloth\u0027s Gift","Smiling Mask","Toy Ornithopter","Blood Vial","Bag of Marbles"],"acts_visited":["Exordium","TheCity"],"potions_floor_usage":[28],"damage_taken":[{"damage":4.0,"enemies":"Small Slimes","floor":1.0,"turns":4.0},{"damage":12.0,"enemies":"Jaw Worm","floor":2.0,"turns":2.0},{"damage":6.0,"enemies":"Cultist","floor":3.0,"turns":3.0},{"damage":30.0,"enemies":"Gremlin Gang","floor":7.0,"turns":6.0},{"damage":10.0,"enemies":"Slime Boss","floor":16.0,"turns":7.0},{"damage":23.0,"enemies":"2 Thieves","floor":18.0,"turns":4.0},{"damage":10.0,"enemies":"Chosen","floor":19.0,"turns":5.0},{"damage":54.0,"enemies":"Snecko","floor":24.0,"turns":9.0},{"damage":51,"enemies":"Slavers","floor":28,"turns":6},{"damage":30,"enemies":"Cultist and Chosen","floor":30,"turns":4},{"damage":117,"enemies":"Collector","floor":33,"turns":7}],"seed_played":"-7322396521948830218","potions_obtained":[{"floor":2.0,"key":"Strength Potion"},{"floor":3.0,"key":"FairyPotion"},{"floor":24.0,"key":"Block Potion"}],"is_trial":false,"path_per_floor":["M","M","M","$","?","R","M","R","T","R","?","$","R","$","R","B",null,"M","M","$","?","?","R","M","R","T","$","E","R","M","T","R","B"],"character_chosen":"IRONCLAD","items_purchased":["Feel No Pain","Rampage"],"campfire_rested":4,"item_purchase_floors":[4,14],"current_hp_per_floor":[70,64,64,64,64,64,40,40,40,40,29,29,29,29,66,62,72,57,53,53,53,53,53,31,69,69,69,29,67,45,45,79,0,0],"gold":201,"neow_bonus":"RANDOM_COMMON_RELIC","is_daily":false,"chose_seed":false,"campfire_upgraded":0,"win_rate":0.0,"timestamp":1610528420,"path_taken":["M","M","M","$","?","R","M","R","T","R","?","?","R","$","R","BOSS","M","M","$","?","?","R","M","R","T","?","E","R","M","?","R","BOSS"],"items_purchased_type":["Card","Card"],"build_version":"2020-12-22","purchased_purges":1,"victory":false,"max_hp_per_floor":[75,75,75,75,75,75,75,75,75,75,75,75,75,75,75,75,75,77,77,77,77,77,77,79,79,79,79,79,79,79,79,79,79,79],"card_choices":[{"not_picked":["True Grit","Rage"],"picked":"Fire Breathing","floor":1.0},{"not_picked":["Sever Soul","Rupture"],"picked":"Dark Embrace","floor":2.0},{"not_picked":["Spot Weakness","Havoc","Anger"],"picked":"SKIP","floor":3.0},{"not_picked":["Havoc","Anger"],"picked":"Spot Weakness","floor":3.0},{"not_picked":["True Grit","Armaments"],"picked":"Dual Wield","floor":7.0},{"not_picked":["Pommel Strike","Anger"],"picked":"Power Through","floor":7.0},{"not_picked":["Fiend Fire","Double Tap"],"picked":"Offering","floor":16.0},{"not_picked":["Shrug It Off","Perfected Strike","Warcry"],"picked":"Singing Bowl","floor":18.0},{"not_picked":["Iron Wave","Heavy Blade"],"picked":"Carnage+1","floor":18.0},{"not_picked":["Sentinel","Pommel Strike"],"picked":"Body Slam","floor":19.0},{"not_picked":["Ghostly Armor","Clash"],"picked":"Power Through","floor":19.0},{"not_picked":["Hemokinesis+1","True Grit"],"picked":"Wild Strike","floor":24.0},{"not_picked":["Shrug It Off","Metallicize","Sever Soul"],"picked":"Singing Bowl","floor":24.0},{"not_picked":["Blood for Blood","Rupture+1"],"picked":"Dark Embrace","floor":28},{"not_picked":["Pommel Strike","Carnage"],"picked":"Wild Strike","floor":30},{"not_picked":["Thunderclap","Bloodletting"],"picked":"Seeing Red","floor":30}],"player_experience":389679,"relics_obtained":[{"floor":6.0,"key":"Prayer Wheel"},{"floor":8.0,"key":"Art of War"},{"floor":9.0,"key":"Singing Bowl"},{"floor":10.0,"key":"Juzu Bracelet"},{"floor":13.0,"key":"War Paint"},{"floor":23.0,"key":"Smiling Mask"},{"floor":26.0,"key":"Toy Ornithopter"},{"floor":28,"key":"Blood Vial"},{"floor":31,"key":"Bag of Marbles"}],"event_choices":[{"damage_healed":0.0,"max_hp_gain":0.0,"max_hp_loss":0.0,"gold_gain":0.0,"event_name":"Big Fish","player_choice":"Box","floor":5.0,"gold_loss":0.0,"damage_taken":0.0,"relics_obtained":["Shovel"],"cards_obtained":["Regret"]},{"damage_healed":0.0,"max_hp_gain":0.0,"max_hp_loss":0.0,"gold_gain":75.0,"event_name":"World of Goop","player_choice":"Gather Gold","floor":11.0,"gold_loss":0.0,"damage_taken":11.0},{"damage_healed":0.0,"max_hp_gain":0.0,"max_hp_loss":0.0,"gold_gain":0.0,"event_name":"Duplicator","player_choice":"Copied","floor":21.0,"gold_loss":0.0,"damage_taken":0.0,"cards_obtained":["Offering"]},{"damage_healed":0.0,"max_hp_gain":0.0,"max_hp_loss":0.0,"gold_gain":0.0,"event_name":"N\u0027loth","player_choice":"Traded Relic","floor":22.0,"relics_lost":["Empty Cage"],"gold_loss":0.0,"damage_taken":0.0,"relics_obtained":["Nloth\u0027s Gift"]}],"is_beta":false,"boss_relics":[{"not_picked":["Tiny House","Black Star"],"picked":"Empty Cage"}],"items_purged_floors":[12],"is_endless":false,"potions_floor_spawned":[2,3,24],"killed_by":"Collector","ascension_level":20}}