{"host":"sq533724ysd7e9og","time":1610507236,"event":{"mods":["Act Like it!","Aspiration","Astrologer","BaseMod","Better Third Choice","CapriCore","Colored Map","Conspire","Custom Start","Dio Mod","Dota2Spire","Friendly Minions","Gensokyo","Halation","Hermit","HololiveMod","Hubris","Infinite Spire","Koishi","KomeijiMod","LagranYue(?????)","Lobotomy","LobotomyExtend","Mad Scientist","Marisa????????","Minty Spire (QoL Compilation)","MostiFishMod","Replay The Spire","SOS???????","Shade Mod","Small Relic Pack","StSLib","The Administrix","The Animator","The Cursed","The Forsaken","The Gatherer","The Servant 0.9.4","The Wild Card","Waifu the Spire","Yakumo Yukari mod","Yuyuko","??????REMEMod"],"gold_per_floor":[116,116,116,130,130,155,173,173,224,304,149,149,149,161,161,257,257,270,284,303,303,303,303],"floor_reached":21,"language":"ENG","playtime":1232,"items_purged":[],"score":189,"play_id":"388b8367-6e72-432f-8222-80021cc9240c","local_time":"25640113100716","daily_mods":["Chimera"],"is_ascension_mode":false,"metric_token":2769,"campfire_choices":[{"floor":12.0,"key":"REST"},{"floor":15.0,"key":"REST"}],"circlet_count":0,"master_deck":["Bash","Survivor","Zap","Eruption","Strike_R","Strike_G","Strike_B","Defend_R","Defend_G","Defend_P","astrologer:Radiance","MadScienceMod:AutoStrike+1","theWildCard:EnergizedStroke","CUTE","CommonCold","WindmillStrike","MostiFishMod:PushDownKick","BlazingStar","MadScienceMod:Retarget","astrologer:Moonlight+1","hermit:Vantage+1"],"relics":["Unceasing Top","Ring of Chaos","DaveBox","REME_ComplimentaryCards","LagranYue:RandomDrawCardRelic","PrismaticShard","SynthV","SynthV:TestCard","LetterFromLob","infinitespire:CheckeredPen","ReplayTheSpireMod:Ring of Challenge","ReplayTheSpireMod:Ring of Exchange","halation:LettersToHer","LagranYue:GuidanceLightRelic","aspiration:Lifesprig","aspiration:DefectSkillbook"],"acts_visited":["Gensokyo:Gensokyo","Gensokyo:Gensokyoer"],"potions_floor_usage":[20,21],"damage_taken":[{"damage":8.0,"enemies":"Gensokyo:2_Kodama","floor":1.0,"turns":2.0},{"damage":10.0,"enemies":"Gensokyo:Gryphon","floor":4.0,"turns":2.0},{"damage":1.0,"enemies":"Gensokyo:Mamizou","floor":6.0,"turns":5.0},{"damage":0.0,"enemies":"Gensokyo:Python","floor":7.0,"turns":2.0},{"damage":14.0,"enemies":"Gensokyo:Cirno","floor":10.0,"turns":4.0},{"damage":6.0,"enemies":"Gensokyo:5_Fairies","floor":14.0,"turns":3.0},{"damage":64.0,"enemies":"Gensokyo:Yukari","floor":16.0,"turns":7.0},{"damage":0.0,"enemies":"Gensokyo:2_Gloops","floor":18.0,"turns":2.0},{"damage":46.0,"enemies":"Gensokyo:3_Dogs","floor":19.0,"turns":4.0},{"damage":18,"enemies":"Gensokyo:Slime_Group","floor":20,"turns":5},{"damage":11,"enemies":"Gensokyo:3_Gloops","floor":21,"turns":3}],"seed_played":"-2985564153711182948","potions_obtained":[{"floor":1.0,"key":"EssenceOfSteel"},{"floor":10.0,"key":"Languid Potion"},{"floor":16.0,"key":"Languid Potion"},{"floor":20,"key":"LifebloodPotion"}],"is_trial":true,"path_per_floor":["M","?","$","M","$","E","M","?","T","E","$","R","?","M","R","B",null,"M","M","M","M"],"character_chosen":"THE_GATHERER","items_purchased":["aspiration:Lifesprig"],"campfire_rested":2,"item_purchase_floors":[11],"current_hp_per_floor":[64,64,64,54,54,53,53,53,53,39,39,60,60,54,72,8,72,72,26,8,0,0,0],"gold":303,"neow_bonus":"","is_daily":false,"chose_seed":false,"campfire_upgraded":0,"win_rate":0.0,"timestamp":1610507236,"path_taken":["M","?","$","M","?","E","M","?","T","E","$","R","?","M","R","BOSS","M","?","M","M"],"items_purchased_type":["Relic"],"build_version":"2020-12-22","purchased_purges":0,"victory":false,"max_hp_per_floor":[72,72,72,72,72,72,72,72,72,72,72,72,72,72,72,72,72,72,72,72,72,72,72],"card_choices":[{"not_picked":["hermit:Roulette","TheCursedMod:Torture"],"picked":"astrologer:Radiance","floor":1.0},{"not_picked":["Suicide","NingyouChiyari+1","NingyouKisou+1","LagranYue:AttackDevilCard"],"picked":"MadScienceMod:AutoStrike","floor":4.0},{"not_picked":["hermit:Feint","Gatherer:FeelingFine","animator:Hakurou","FreezeTouchMe"],"picked":"theWildCard:EnergizedStroke","floor":6.0},{"not_picked":["theWildCard:Proficiency","hermit:HeroicBravado","dioMod:Hiss","NingyouShinki+1"],"picked":"CUTE","floor":7.0},{"not_picked":["BloodCleaner","BadLadyScramble","MadScienceMod:ParticleBeam","TheCursedMod:SmokeScreen"],"picked":"WindmillStrike","floor":10.0},{"not_picked":["BodyStrengthen","hermit:Manifest","animator:Laby","AlicesGift"],"picked":"MostiFishMod:PushDownKick","floor":14.0},{"not_picked":["hermit:HeroicBravado","MostiFishMod:BrokenBlackCloak","theWildCard:Overwhelm","Dying Dream"],"picked":"BlazingStar","floor":16.0},{"not_picked":["theWildCard:ArchaicAssault","hermit:Misfire","Rebellion","Elegance","dioMod:SecretPlan"],"picked":"MadScienceMod:Retarget","floor":18.0},{"not_picked":["theWildCard:Odin","Hololive_CandyCastle","Nihility+1","Sanctity+1","OpenUniverse"],"picked":"astrologer:Moonlight+1","floor":19},{"not_picked":["Concentrate","astrologer:TheHangedMan","MysteriousBeam","TheCursedMod:RavingStaff","Gone+1"],"picked":"hermit:Vantage+1","floor":20}],"player_experience":147397,"relics_obtained":[{"floor":1.0,"key":"SynthV:TestCard"},{"floor":1.0,"key":"LetterFromLob"},{"floor":6.0,"key":"infinitespire:CheckeredPen"},{"floor":8.0,"key":"ReplayTheSpireMod:Ring of Challenge"},{"floor":8.0,"key":"ReplayTheSpireMod:Ring of Exchange"},{"floor":9.0,"key":"halation:LettersToHer"},{"floor":10.0,"key":"LagranYue:GuidanceLightRelic"}],"event_choices":[],"is_beta":false,"boss_relics":[{"not_picked":["Velvet Choker","hubris:Stopwatch"],"picked":"aspiration:DefectSkillbook"}],"items_purged_floors":[],"is_endless":false,"potions_floor_spawned":[1,10,16,20],"killed_by":"Gensokyo:3_Gloops","ascension_level":0}}