{"host":"0tyekvnd8380d52o","time":1610553034,"event":{"mods":["Arknights The Spire","BaseMod","Minty Spire (QoL Compilation)","Shop Mod","StSLib","simple"],"gold_per_floor":[113,113,129,129,148,148,148,183,208,208,208,31,102,102,102,225,225,241,241,241,260,260,260,295,295,342,342,376,129,129,152,152,152,152],"floor_reached":33,"language":"ZHS","playtime":1226,"items_purged":[],"score":352,"play_id":"eb870492-1aec-46ed-886b-fa9ef81a71a4","local_time":"20210113235034","daily_mods":["Heirloom","Flight"],"is_ascension_mode":false,"campfire_choices":[{"data":"ats:Closed Bolt Burst Fire","floor":6.0,"key":"SMITH"},{"data":"ats:Emotion Absorption","floor":7.0,"key":"SMITH"},{"floor":10.0,"key":"REST"},{"data":"ats:Closed Bolt Burst Fire","floor":11.0,"key":"SMITH"},{"data":"Apotheosis","floor":15.0,"key":"SMITH"},{"data":"ats:Echo Reverb","floor":23.0,"key":"SMITH"},{"data":"ats:Overload","floor":25.0,"key":"SMITH"},{"floor":32.0,"key":"REST"}],"circlet_count":0,"master_deck":["ats:Strike C","ats:Strike G","ats:Strike S","ats:Strike V","ats:Armor Crushing Shot","ats:Defend","ats:Defend","ats:Defend","ats:Defend","ats:Emotion Absorption+1","ats:Closed Bolt Burst Fire+1","ats:Curse Doll","ats:Closed Bolt Burst Fire+1","ats:Cat Scratch","ats:Calcification","ats:Overload+1","ats:Healing Drone","Apotheosis+1","ats:Overload","ats:Echo Reverb+1","ats:Sword Rain+1","Writhe","ats:Ambush","ats:Overload+1"],"relics":["ats:Sanity","Prayer Wheel","Golden Idol","ats:Originium","Orichalcum","PreservedInsect","Calipers","Gambling Chip","Busted Crown","MutagenicStrength","Bronze Scales","Potion Belt","Molten Egg 2","MerchantsRug","Frozen Egg 2"],"acts_visited":["Exordium","TheCity"],"potions_floor_usage":[],"damage_taken":[{"damage":6.0,"enemies":"Jaw Worm","floor":1.0,"turns":5.0},{"damage":0.0,"enemies":"Cultist","floor":3.0,"turns":3.0},{"damage":15.0,"enemies":"Small Slimes","floor":5.0,"turns":3.0},{"damage":31.0,"enemies":"Lagavulin","floor":8.0,"turns":8.0},{"damage":19.0,"enemies":"Lagavulin Event","floor":13.0,"turns":7.0},{"damage":0.0,"enemies":"Slime Boss","floor":16.0,"turns":7.0},{"damage":14.0,"enemies":"2 Thieves","floor":18.0,"turns":3.0},{"damage":18.0,"enemies":"Shell Parasite","floor":21.0,"turns":3.0},{"damage":23.0,"enemies":"Book of Stabbing","floor":24.0,"turns":4.0},{"damage":0.0,"enemies":"Gremlin Leader","floor":28.0,"turns":3.0},{"damage":23.0,"enemies":"Snake Plant","floor":31.0,"turns":3.0},{"damage":59,"enemies":"Collector","floor":33,"turns":6}],"seed_played":"-7275886852514312683","potions_obtained":[{"floor":1.0,"key":"LiquidBronze"},{"floor":8.0,"key":"PowerPotion"},{"floor":20.0,"key":"Fruit Juice"},{"floor":20.0,"key":"PowerPotion"},{"floor":20.0,"key":"Explosive Potion"},{"floor":31.0,"key":"ats:Emergency Sanity Potion"}],"is_trial":true,"path_per_floor":["M","?","M","?","M","R","R","E","T","R","R","$","?","?","R","B",null,"M","?","?","M","?","R","E","R","T","?","E","$","T","M","R","B"],"character_chosen":"DOCTOR_CLASS","items_purchased":["Apotheosis","ats:Ambush","ats:Overload+1","MerchantsRug"],"campfire_rested":2,"item_purchase_floors":[12,29,29,29],"current_hp_per_floor":[66,66,66,48,33,33,33,4,4,25,25,25,22,15,15,30,72,58,58,63,46,46,46,31,31,31,31,32,32,32,9,32,0,0],"gold":152,"neow_bonus":"","is_daily":false,"chose_seed":false,"campfire_upgraded":6,"win_rate":0.0,"timestamp":1610553034,"path_taken":["M","?","?","?","M","R","R","E","T","R","R","$","?","?","R","BOSS","M","?","?","?","?","R","E","R","T","?","E","$","?","M","R","BOSS"],"items_purchased_type":["Card","Card","Card","Relic"],"build_version":"2020-12-22","purchased_purges":0,"victory":false,"max_hp_per_floor":[72,72,72,72,72,72,72,72,72,72,72,72,72,72,72,72,72,72,72,77,77,77,77,77,77,77,77,77,77,77,77,77,77,77],"card_choices":[{"not_picked":["ats:Flame Of Heaven","ats:Shell Defense"],"picked":"ats:Closed Bolt Burst Fire","floor":1.0},{"not_picked":["ats:Thorns","ats:Poison Spread"],"picked":"ats:Curse Doll","floor":1.0},{"not_picked":["ats:Cat Scratch","ats:Explosion Area Strengthen"],"picked":"ats:Closed Bolt Burst Fire","floor":3.0},{"not_picked":["ats:Explosion Area Strengthen","ats:Spore Proliferation"],"picked":"ats:Cat Scratch","floor":3.0},{"not_picked":["ats:Hammer On","ats:Ignite"],"picked":"ats:Calcification","floor":5.0},{"not_picked":["ats:Defend Order","ats:Leaping Hammer"],"picked":"ats:Overload","floor":5.0},{"not_picked":["ats:Assault Order","ats:Shell Defense"],"picked":"ats:Healing Drone","floor":8.0},{"not_picked":["ats:Cat Scratch","ats:Poison Spread"],"picked":"ats:Overload","floor":13.0},{"not_picked":["ats:Disruption Kick","ats:Nebulous Foxfire"],"picked":"ats:Echo Reverb","floor":16.0},{"not_picked":["ats:Childhood Dance+1"],"picked":"SKIP","floor":18.0},{"not_picked":["ats:Ignite"],"picked":"SKIP","floor":18.0},{"not_picked":["ats:Cat Scratch"],"picked":"SKIP","floor":21.0},{"not_picked":["ats:Shell Defense"],"picked":"SKIP","floor":21.0},{"not_picked":[],"picked":"ats:Sword Rain+1","floor":24.0},{"not_picked":["ats:Childhood Dance"],"picked":"SKIP","floor":28.0},{"not_picked":["ats:Childhood Dance"],"picked":"SKIP","floor":31.0},{"not_picked":["ats:Childhood Dance"],"picked":"SKIP","floor":31.0}],"player_experience":162794,"relics_obtained":[{"floor":8.0,"key":"ats:Originium"},{"floor":8.0,"key":"Orichalcum"},{"floor":9.0,"key":"PreservedInsect"},{"floor":13.0,"key":"Calipers"},{"floor":24.0,"key":"ats:Originium"},{"floor":24.0,"key":"Bronze Scales"},{"floor":28.0,"key":"ats:Originium"},{"floor":28.0,"key":"Molten Egg 2"},{"floor":30.0,"key":"Frozen Egg 2"}],"event_choices":[{"damage_healed":0.0,"max_hp_gain":0.0,"max_hp_loss":0.0,"gold_gain":0.0,"event_name":"NoteForYourself","player_choice":"Ignored","floor":2.0,"gold_loss":0.0,"damage_taken":0.0},{"damage_healed":0.0,"max_hp_gain":0.0,"max_hp_loss":0.0,"gold_gain":0.0,"event_name":"Golden Idol","player_choice":"Take Damage","floor":4.0,"gold_loss":0.0,"damage_taken":18.0,"relics_obtained":["Golden Idol"]},{"damage_healed":0.0,"max_hp_gain":0.0,"max_hp_loss":0.0,"gold_gain":0.0,"event_name":"Dead Adventurer","player_choice":"Searched \u00272\u0027 times","floor":13.0,"gold_loss":0.0,"damage_taken":0.0},{"damage_healed":0.0,"max_hp_gain":0.0,"max_hp_loss":0.0,"gold_gain":0.0,"event_name":"Scrap Ooze","player_choice":"Success","floor":14.0,"gold_loss":0.0,"damage_taken":7.0,"relics_obtained":["Gambling Chip"]},{"damage_healed":0.0,"max_hp_gain":0.0,"max_hp_loss":0.0,"gold_gain":0.0,"event_name":"Vampires","player_choice":"Ignored","floor":19.0,"gold_loss":0.0,"damage_taken":0.0},{"damage_healed":0.0,"max_hp_gain":0.0,"max_hp_loss":0.0,"gold_gain":0.0,"event_name":"Lab","player_choice":"Got Potions","floor":20.0,"gold_loss":0.0,"damage_taken":0.0},{"damage_healed":0.0,"max_hp_gain":0.0,"max_hp_loss":0.0,"gold_gain":0.0,"event_name":"Drug Dealer","player_choice":"Inject Mutagens","floor":22.0,"gold_loss":0.0,"damage_taken":0.0,"relics_obtained":["MutagenicStrength"]},{"damage_healed":0.0,"max_hp_gain":0.0,"max_hp_loss":0.0,"gold_gain":0.0,"event_name":"The Mausoleum","player_choice":"Opened","floor":27.0,"gold_loss":0.0,"damage_taken":0.0,"relics_obtained":["Potion Belt"],"cards_obtained":["Writhe"]}],"is_beta":false,"boss_relics":[{"not_picked":["Runic Dome","Fusion Hammer"],"picked":"Busted Crown"}],"items_purged_floors":[],"is_endless":false,"potions_floor_spawned":[1,8,24,31],"killed_by":"Collector","ascension_level":0}}