{"host":"fuszjwm6fqgjjp4d","time":1610524752,"event":{"mods":["BaseMod","Bestiary","Colored Map","DeckTracker","Minty Spire (QoL Compilation)","Permanent Neow","Relic Sorter","Relic Stats","StSLib"],"gold_per_floor":[109,159,179,329,344,344,370,370,421,431,431,75,91,106,106,106,106],"floor_reached":16,"language":"ENG","playtime":441,"items_purged":["Doubt"],"score":204,"play_id":"a0b2d1e2-0275-4252-8935-e8bdab2d49d1","local_time":"20210113015912","is_ascension_mode":true,"campfire_choices":[{"data":"Riddle With Holes","floor":6.0,"key":"SMITH"},{"data":"All Out Attack","floor":8.0,"key":"SMITH"},{"data":"Cloak And Dagger","floor":15,"key":"SMITH"}],"circlet_count":0,"master_deck":["AscendersBane","Strike_G","Strike_G","Strike_G","Strike_G","Strike_G","Defend_G","Defend_G","Defend_G","Defend_G","Defend_G","Survivor","Neutralize","Riddle With Holes+1","Cloak And Dagger+1","All Out Attack+1","All Out Attack+1","Quick Slash"],"relics":["Ring of the Snake","Anchor","MealTicket","Juzu Bracelet","Matryoshka"],"acts_visited":["Exordium"],"potions_floor_usage":[16],"damage_taken":[{"damage":2.0,"enemies":"Jaw Worm","floor":1.0,"turns":4.0},{"damage":1.0,"enemies":"Cultist","floor":3.0,"turns":4.0},{"damage":17.0,"enemies":"Small Slimes","floor":5.0,"turns":5.0},{"damage":24.0,"enemies":"3 Sentries","floor":7.0,"turns":11.0},{"damage":0.0,"enemies":"2 Fungi Beasts","floor":10.0,"turns":4.0},{"damage":0.0,"enemies":"Blue Slaver","floor":13.0,"turns":2.0},{"damage":0,"enemies":"Exordium Wildlife","floor":14,"turns":2},{"damage":30,"enemies":"Slime Boss","floor":16,"turns":4}],"seed_played":"6456269728892675712","potions_obtained":[{"floor":1.0,"key":"EssenceOfSteel"},{"floor":5.0,"key":"Poison Potion"},{"floor":14,"key":"SpeedPotion"}],"is_trial":false,"path_per_floor":["M","?","M","?","M","R","E","R","T","M","?","$","M","M","R","B"],"character_chosen":"THE_SILENT","items_purchased":["Matryoshka"],"campfire_rested":0,"item_purchase_floors":[12],"current_hp_per_floor":[57,51,50,50,33,33,9,9,9,9,9,24,24,24,24,0,0],"gold":106,"neow_bonus":"RANDOM_COMMON_RELIC","is_daily":false,"chose_seed":false,"campfire_upgraded":3,"win_rate":0.0,"timestamp":1610524752,"path_taken":["M","?","?","?","M","R","E","R","T","M","?","?","M","M","R","BOSS"],"items_purchased_type":["Relic"],"build_version":"2020-12-22","purchased_purges":1,"victory":false,"max_hp_per_floor":[66,66,66,66,66,66,66,66,66,66,66,66,66,66,66,66,66],"relic_stats":{"counters":[8,36],"MealTicket":15,"Juzu Bracelet":0,"obtain_stats":[{"Anchor":0,"Matryoshka":12,"MealTicket":7,"Juzu Bracelet":9,"Ring of the Snake":0},{"Anchor":0,"Matryoshka":5,"MealTicket":4,"Juzu Bracelet":4,"Ring of the Snake":0},{"Anchor":0,"Matryoshka":28,"MealTicket":24,"Juzu Bracelet":24,"Ring of the Snake":0}],"Ring of the Snake":[16]},"card_choices":[{"not_picked":["Prepared","Outmaneuver"],"picked":"Riddle With Holes","floor":1.0},{"not_picked":["Prepared","Slice","Bane"],"picked":"SKIP","floor":3.0},{"not_picked":["Endless Agony","Blade Dance"],"picked":"Cloak And Dagger","floor":5.0},{"not_picked":["Flying Knee","Underhanded Strike"],"picked":"All Out Attack","floor":7.0},{"not_picked":["Prepared","Acrobatics"],"picked":"All Out Attack","floor":10.0},{"not_picked":["Accuracy","Finisher","Wraith Form v2"],"picked":"SKIP","floor":13.0},{"not_picked":["Accuracy","Finisher","Wraith Form v2"],"picked":"SKIP","floor":13.0},{"not_picked":["Caltrops","Crippling Poison"],"picked":"Quick Slash","floor":14}],"player_experience":1287000,"relics_obtained":[{"floor":7.0,"key":"MealTicket"},{"floor":9.0,"key":"Juzu Bracelet"}],"event_choices":[{"damage_healed":0.0,"max_hp_gain":0.0,"max_hp_loss":0.0,"gold_gain":50.0,"event_name":"FaceTrader","player_choice":"Touch","floor":2.0,"gold_loss":0.0,"damage_taken":6.0},{"damage_healed":0.0,"max_hp_gain":0.0,"max_hp_loss":0.0,"gold_gain":150.0,"event_name":"Liars Game","player_choice":"AGREE","floor":4.0,"gold_loss":0.0,"damage_taken":0.0,"cards_obtained":["Doubt"]},{"damage_healed":0.0,"max_hp_gain":0.0,"max_hp_loss":0.0,"gold_gain":0.0,"event_name":"Living Wall","player_choice":"Grow","floor":11.0,"gold_loss":0.0,"damage_taken":0.0,"cards_upgraded":["All Out Attack"]}],"is_beta":false,"boss_relics":[],"items_purged_floors":[12],"is_endless":false,"potions_floor_spawned":[1,5,14],"killed_by":"Slime Boss","ascension_level":20}}