{"host":"7f01flv6y0vhl3vt","time":1610508898,"event":{"mods":["Act Like it!","BaseMod","Downfall","Minty Spire (QoL Compilation)","StSLib"],"gold_per_floor":[199,211,221,2,13,13,13,32,17,27,27,60,70,86,102,102,102],"floor_reached":16,"language":"ENG","playtime":2817,"items_purged":[],"score":106,"play_id":"a1e4a1e4-1c10-4b12-b6f6-813aa952b242","local_time":"20210112223458","is_ascension_mode":false,"campfire_choices":[{"floor":1,"key":"RECALL"},{"floor":11,"key":"REST"}],"circlet_count":0,"master_deck":["sneckomod:Strike","sneckomod:Strike","sneckomod:Defend","sneckomod:Defend","sneckomod:Defend","sneckomod:TailWhip","sneckomod:SnekBite","sneckomod:Unknown","sneckomod:Unknown","sneckomod:UnknownClassSLIMEBOUND","sneckomod:UnknownEthereal","sneckomod:SnakeSap","sneckomod:SoulRoll","hexamod:FirstSeal","sneckomod:UnknownCommonSkill","sneckomod:SnakeSap","sneckomod:UnknownRarePower","sneckomod:IronFang","sneckomod:UnknownClassTHE_CHAMP_GRAY","hexamod:FirstSeal","sneckomod:UnknownClassSLIMEBOUND","sneckomod:ImprovisedAttack","sneckomod:UnknownCommonAttack"],"relics":["sneckomod:SneckoSoul","Chemical X","Juzu Bracelet"],"acts_visited":["Exordium"],"potions_floor_usage":[8,9,12,15,16,16,16,16],"damage_taken":[{"damage":6,"enemies":"Small Slimes","floor":2,"turns":3},{"damage":16,"enemies":"2 Louse","floor":3,"turns":3},{"damage":11,"enemies":"downfall:FleeingMerchant","floor":4,"turns":4},{"damage":17,"enemies":"Cultist","floor":5,"turns":5},{"damage":22,"enemies":"Large Slime","floor":8,"turns":7},{"damage":17,"enemies":"downfall:FleeingMerchant","floor":9,"turns":4},{"damage":0,"enemies":"2 Fungi Beasts","floor":10,"turns":4},{"damage":27,"enemies":"Gremlin Nob","floor":12,"turns":4},{"damage":26,"enemies":"Exordium Wildlife","floor":13,"turns":4},{"damage":18,"enemies":"Lots of Slimes","floor":14,"turns":5},{"damage":6,"enemies":"Blue Slaver","floor":15,"turns":1},{"damage":27,"enemies":"downfall:Watcher","floor":16,"turns":4}],"seed_played":"-1422462155590421094","potions_obtained":[{"floor":3,"key":"Energy Potion"},{"floor":8,"key":"Swift Potion"},{"floor":10,"key":"champ:CounterPotion"},{"floor":14,"key":"SteroidPotion"},{"floor":15,"key":"EntropicBrew"}],"is_trial":false,"path_per_floor":["R","M","M","$","M","?","T","M","$","M","R","E","M","M","M","B"],"character_chosen":"THE_SNECKO","items_purchased":["Chemical X","sneckomod:SoulRoll"],"campfire_rested":1,"item_purchase_floors":[4,4],"current_hp_per_floor":[90,85,70,59,43,43,43,28,21,28,56,37,19,15,10,0,0],"gold":102,"neow_bonus":"HUNDRED_GOLD","is_daily":false,"chose_seed":false,"campfire_upgraded":0,"win_rate":0.0,"timestamp":1610508898,"path_taken":["R","M","M","$","M","?","T","M","$","M","R","E","M","M","M","BOSS"],"items_purchased_type":["Relic","Card"],"build_version":"2020-12-22","purchased_purges":0,"victory":false,"max_hp_per_floor":[90,91,92,92,93,93,93,93,94,94,94,95,96,96,97,97,97],"card_choices":[{"not_picked":["sneckomod:UnknownExhaust","sneckomod:Unknown1Cost"],"picked":"sneckomod:UnknownClassSLIMEBOUND","floor":2},{"not_picked":["sneckomod:UnknownCommonAttack","sneckomod:UnknownX"],"picked":"sneckomod:UnknownEthereal","floor":3},{"not_picked":["sneckomod:Unknown1Cost","sneckomod:QuickMove"],"picked":"sneckomod:SnakeSap","floor":4},{"not_picked":["hexamod:SecondSeal","hexamod:FourthSeal"],"picked":"hexamod:FirstSeal","floor":5},{"not_picked":["sneckomod:QuickBite","sneckomod:WideSting"],"picked":"sneckomod:UnknownCommonSkill","floor":5},{"not_picked":["sneckomod:UnknownCommonAttack","sneckomod:UnknownWeak"],"picked":"sneckomod:SnakeSap","floor":8},{"not_picked":["sneckomod:SoulRoll","sneckomod:CheapStock"],"picked":"sneckomod:UnknownRarePower","floor":9},{"not_picked":["sneckomod:UnknownCommonSkill","sneckomod:UnknownWeak"],"picked":"sneckomod:IronFang","floor":10},{"not_picked":["sneckomod:DiceBlock","sneckomod:IronFang"],"picked":"sneckomod:UnknownClassTHE_CHAMP_GRAY","floor":12},{"not_picked":["hexamod:ThirdSeal","hexamod:SecondSeal"],"picked":"hexamod:FirstSeal","floor":13},{"not_picked":["sneckomod:CheapStock","sneckomod:QuickMove"],"picked":"sneckomod:UnknownClassSLIMEBOUND","floor":13},{"not_picked":["sneckomod:UnknownClassGREEN","sneckomod:WideSting"],"picked":"sneckomod:ImprovisedAttack","floor":14},{"not_picked":["sneckomod:DiceCrush","sneckomod:RainOfDice"],"picked":"sneckomod:UnknownCommonAttack","floor":15}],"player_experience":1214199,"relics_obtained":[{"floor":12,"key":"Juzu Bracelet"}],"event_choices":[],"is_beta":false,"boss_relics":[],"items_purged_floors":[],"is_endless":false,"potions_floor_spawned":[3,8,10,14,15],"killed_by":"downfall:Watcher","ascension_level":0}}