{"host":"x7xd4wkamhrqrrvw","time":1610581509,"event":{"mods":["BaseMod","Minty Spire (QoL Compilation)","StSLib"],"gold_per_floor":[118,118,193,118,138,138,179,179,179,179,179],"floor_reached":10,"language":"ENG","playtime":271,"items_purged":["Strike_G"],"score":120,"play_id":"84a871df-965d-407b-86a2-b1487da999a7","local_time":"20210113214509","is_ascension_mode":true,"campfire_choices":[{"data":"Quick Slash","floor":6,"key":"SMITH"},{"data":"Neutralize","floor":8,"key":"SMITH"}],"circlet_count":0,"master_deck":["Strike_G","Strike_G","Strike_G","Strike_G","Defend_G","Defend_G","Defend_G","Defend_G","Defend_G","Survivor","Neutralize+1","Quick Slash+1","Dagger Throw","Backflip"],"relics":["Ring of the Snake","NeowsBlessing","Golden Idol","Nunchaku","Tough Bandages"],"acts_visited":["Exordium"],"potions_floor_usage":[],"damage_taken":[{"damage":0,"enemies":"Small Slimes","floor":1,"turns":1},{"damage":0,"enemies":"Jaw Worm","floor":5,"turns":1},{"damage":0,"enemies":"3 Sentries","floor":7,"turns":1},{"damage":42,"enemies":"Lagavulin","floor":10,"turns":12}],"seed_played":"-2444229666756305837","potions_obtained":[],"is_trial":false,"path_per_floor":["M","?","?","$","M","R","E","R","T","E"],"character_chosen":"THE_SILENT","items_purchased":[],"campfire_rested":0,"item_purchase_floors":[],"current_hp_per_floor":[63,46,35,35,35,35,35,35,35,0,0],"gold":179,"neow_bonus":"THREE_ENEMY_KILL","is_daily":false,"chose_seed":false,"campfire_upgraded":2,"win_rate":0.0,"timestamp":1610581509,"path_taken":["M","?","?","$","M","R","E","R","T","E"],"items_purchased_type":[],"build_version":"2020-12-22","purchased_purges":1,"victory":false,"max_hp_per_floor":[70,70,70,70,70,70,70,70,70,70,70],"card_choices":[{"not_picked":["Slice","Dagger Spray"],"picked":"Quick Slash","floor":1},{"not_picked":["Slice","Flechettes"],"picked":"Dagger Throw","floor":5},{"not_picked":["Blade Dance","Reflex"],"picked":"Backflip","floor":7}],"player_experience":307688,"relics_obtained":[{"floor":7,"key":"Nunchaku"},{"floor":9,"key":"Tough Bandages"}],"event_choices":[{"damage_healed":0,"gold_gain":0,"player_choice":"Take Damage","damage_taken":17,"relics_obtained":["Golden Idol"],"max_hp_gain":0,"max_hp_loss":0,"event_name":"Golden Idol","floor":2,"gold_loss":0},{"damage_healed":0,"gold_gain":75,"player_choice":"Gather Gold","damage_taken":11,"max_hp_gain":0,"max_hp_loss":0,"event_name":"World of Goop","floor":3,"gold_loss":0}],"is_beta":false,"boss_relics":[],"items_purged_floors":[4],"is_endless":false,"potions_floor_spawned":[],"killed_by":"Lagavulin","ascension_level":7}}