{"host":"e52c7hvho6xny3hd","time":1610524423,"event":{"mods":["AchievementEnabler","BaseMod","Colored Map","DeckTracker","Minty Spire (QoL Compilation)","Permanent Neow","StSLib"],"gold_per_floor":[112,112,37,47,60,60,79,79,79,79,25,36,54,65,65,139,139,153,153,153],"floor_reached":19,"language":"KOR","playtime":1007,"items_purged":["Strike_B"],"score":266,"play_id":"b29fd0c5-5c1f-4d38-8502-10bf8d1d4894","local_time":"20210113165343","is_ascension_mode":true,"campfire_choices":[{"data":"Gash","floor":6,"key":"SMITH"},{"data":"Coolheaded","floor":8,"key":"SMITH"},{"data":"Hologram","floor":15,"key":"SMITH"}],"circlet_count":0,"master_deck":["AscendersBane","Strike_B","Strike_B","Strike_B","Defend_B","Defend_B","Defend_B","Defend_B","Gash","Beam Cell+1","Gash+1","Cold Snap","Coolheaded+1","Hologram+1","Defragment","Coolheaded","Core Surge"],"relics":["Cracked Core","Bottled Flame","Empty Cage"],"acts_visited":["Exordium","TheCity"],"potions_floor_usage":[19,19],"damage_taken":[{"damage":0,"enemies":"2 Louse","floor":1,"turns":2},{"damage":1,"enemies":"Cultist","floor":4,"turns":3},{"damage":6,"enemies":"Small Slimes","floor":5,"turns":3},{"damage":9,"enemies":"2 Fungi Beasts","floor":7,"turns":3},{"damage":1,"enemies":"Blue Slaver","floor":12,"turns":4},{"damage":10,"enemies":"3 Louse","floor":13,"turns":4},{"damage":8,"enemies":"Looter","floor":14,"turns":4},{"damage":2,"enemies":"The Guardian","floor":16,"turns":11},{"damage":6,"enemies":"Shell Parasite","floor":18,"turns":6},{"damage":43,"enemies":"Masked Bandits","floor":19,"turns":4}],"seed_played":"-2556063422453501989","potions_obtained":[{"floor":5,"key":"SkillPotion"},{"floor":13,"key":"SkillPotion"}],"is_trial":false,"path_per_floor":["M","?","$","M","M","R","M","R","T","?","$","M","M","M","R","B",null,"M","?"],"character_chosen":"DEFECT","items_purchased":["Hologram"],"campfire_rested":0,"item_purchase_floors":[11],"current_hp_per_floor":[68,68,68,67,61,61,52,52,52,52,52,51,41,33,33,31,64,58,15,15],"gold":153,"neow_bonus":"THREE_CARDS","is_daily":false,"chose_seed":false,"campfire_upgraded":3,"win_rate":0.0,"timestamp":1610524423,"path_taken":["M","?","?","M","M","R","M","R","T","?","$","M","M","M","R","BOSS","M","?"],"items_purchased_type":["Card"],"build_version":"2020-12-22","purchased_purges":1,"victory":false,"max_hp_per_floor":[75,75,75,75,75,75,75,75,75,75,75,75,75,75,75,75,75,75,75,75],"card_choices":[{"not_picked":["Conserve Battery","Streamline"],"picked":"Gash","floor":0},{"not_picked":["Streamline","Fusion"],"picked":"Beam Cell","floor":1},{"not_picked":["Compile Driver","Redo"],"picked":"Gash","floor":4},{"not_picked":["Stack","Hologram"],"picked":"Cold Snap","floor":5},{"not_picked":["Steam","Undo"],"picked":"Coolheaded","floor":7},{"not_picked":["Steam","Barrage"],"picked":"Defragment","floor":12},{"not_picked":["Sweeping Beam","Multi-Cast"],"picked":"Coolheaded","floor":13},{"not_picked":["Rebound","Coolheaded","Redo"],"picked":"SKIP","floor":14},{"not_picked":["Electrodynamics","Rainbow"],"picked":"Core Surge","floor":16},{"not_picked":["Static Discharge","Stack","Rebound+1"],"picked":"SKIP","floor":18}],"player_experience":665533,"relics_obtained":[{"floor":9,"key":"Bottled Flame"}],"event_choices":[{"damage_healed":0,"gold_gain":0,"player_choice":"Forge","damage_taken":0,"max_hp_gain":0,"max_hp_loss":0,"event_name":"Accursed Blacksmith","floor":2,"gold_loss":0,"cards_upgraded":["Beam Cell"]},{"damage_healed":0,"gold_gain":0,"cards_transformed":["Zap"],"player_choice":"Change","damage_taken":0,"max_hp_gain":0,"max_hp_loss":0,"event_name":"Living Wall","floor":10,"gold_loss":0,"cards_obtained":["Multi-Cast"]},{"damage_healed":0,"gold_gain":0,"player_choice":"Fought Bandits","damage_taken":0,"max_hp_gain":0,"max_hp_loss":0,"event_name":"Masked Bandits","floor":19,"gold_loss":0}],"is_beta":false,"boss_relics":[{"not_picked":["Busted Crown","Velvet Choker"],"picked":"Empty Cage"}],"items_purged_floors":[3],"is_endless":false,"potions_floor_spawned":[5,13,14],"killed_by":"Masked Bandits","ascension_level":13}}