{"host":"lh9qfzqeqctr28d2","time":1610521566,"event":{"mods":["BaseMod","Luminous","Minty Spire (QoL Compilation)","Quick Restart","Relic Stats","Remilia£®¿Ÿ√◊¿Ú—«£©","StSLib"],"gold_per_floor":[109,126,143,153,153,184,184,201,201,216,249,249,259,279,279,383,383,402,161,176,194,204,239,13,13,38,38,66,78,104,118,118,218,218,229,248,593,593,593,593,623,636,684,684,364,364,378,392,392,392],"floor_reached":51,"language":"ZHS","playtime":2706,"items_purged":["Strike_RM"],"score":1034,"play_id":"45b86591-aec2-49c9-a268-9a237a155d84","local_time":"20210113150606","is_ascension_mode":true,"campfire_choices":[{"data":"BloodHunter","floor":7.0,"key":"SMITH"},{"data":"ScarletNetherworld","floor":12.0,"key":"SMITH"},{"data":"BloodyHallows","floor":15.0,"key":"SMITH"},{"floor":25.0,"key":"REST"},{"data":"EternalNight","floor":27.0,"key":"SMITH"},{"data":"ForecastOfChange","floor":32.0,"key":"SMITH"},{"data":"MiserableFate","floor":40.0,"key":"SMITH"},{"data":"CeilingFear","floor":44,"key":"SMITH"},{"data":"Metamorphosis","floor":49,"key":"SMITH"}],"circlet_count":0,"master_deck":["RedMoon","ScarletShoot","HunterOfTheNight+1","ScarletCoffin+1","BombardNight+1","BloodHunter+1","ScarletNetherworld+1","DiffusionOfMisfortune","MastersStateliness+1","BloodyHallows+1","KillingBlow+1","UnstableMagic+1","EternalNight+1","BloodAndWine+1","StarOfDavid+1","ForecastOfChange+1","ForecastOfChange","RedRainbow","ChainGang","MillenniumVampire","UnderTheZenith","VampirishNight","TricksterDevil","CeilingFear+1","MiserableFate+1","LeisurelyOfLord+1","Master of Strategy+1","RedRainbow+1","Metamorphosis+1","ScarletNetherworld+1"],"relics":["ScarletHat","NeowsBlessing","White Beast Statue","RedBat","Thread and Needle","Pear","Matryoshka","Lantern","Torii","Strawberry","Nunchaku","SlaversCollar","Boot","InkBottle","Mummified Hand","Dream Catcher","Omamori","Toy Ornithopter","Ornamental Fan","Blood Vial","Pandora\u0027s Box","Old Coin","ScarletDevilRocket","PreservedInsect","Potion Belt"],"acts_visited":["Exordium","TheCity","TheBeyond"],"potions_floor_usage":[50,50,50],"damage_taken":[{"damage":0.0,"enemies":"Cultist","floor":1.0,"turns":1.0},{"damage":0.0,"enemies":"Jaw Worm","floor":2.0,"turns":1.0},{"damage":0.0,"enemies":"Small Slimes","floor":3.0,"turns":1.0},{"damage":0.0,"enemies":"Blue Slaver","floor":4.0,"turns":4.0},{"damage":12.0,"enemies":"3 Sentries","floor":6.0,"turns":8.0},{"damage":4.0,"enemies":"Large Slime","floor":8.0,"turns":8.0},{"damage":0.0,"enemies":"Gremlin Gang","floor":10.0,"turns":2.0},{"damage":1.0,"enemies":"Gremlin Nob","floor":11.0,"turns":4.0},{"damage":0.0,"enemies":"Red Slaver","floor":13.0,"turns":3.0},{"damage":0.0,"enemies":"Exordium Thugs","floor":14.0,"turns":2.0},{"damage":54.0,"enemies":"The Guardian","floor":16.0,"turns":8.0},{"damage":8.0,"enemies":"2 Thieves","floor":18.0,"turns":3.0},{"damage":0.0,"enemies":"Chosen","floor":20.0,"turns":6.0},{"damage":12.0,"enemies":"3 Cultists","floor":21.0,"turns":6.0},{"damage":0.0,"enemies":"Chosen and Byrds","floor":22.0,"turns":3.0},{"damage":15.0,"enemies":"Book of Stabbing","floor":23.0,"turns":5.0},{"damage":6.0,"enemies":"Slavers","floor":28.0,"turns":3.0},{"damage":0.0,"enemies":"Sentry and Sphere","floor":29.0,"turns":3.0},{"damage":8.0,"enemies":"Book of Stabbing","floor":30.0,"turns":4.0},{"damage":1.0,"enemies":"3 Cultists","floor":31.0,"turns":4.0},{"damage":23.0,"enemies":"Collector","floor":33.0,"turns":5.0},{"damage":0.0,"enemies":"3 Shapes","floor":35.0,"turns":1.0},{"damage":12.0,"enemies":"3 Darklings","floor":36.0,"turns":3.0},{"damage":1.0,"enemies":"2 Orb Walkers","floor":37.0,"turns":4.0},{"damage":0.0,"enemies":"Reptomancer","floor":41.0,"turns":2.0},{"damage":1,"enemies":"Jaw Worm Horde","floor":42,"turns":2},{"damage":39,"enemies":"Spire Growth","floor":47,"turns":3},{"damage":0,"enemies":"3 Darklings","floor":48,"turns":1},{"damage":44,"enemies":"Time Eater","floor":50,"turns":11}],"seed_played":"5953648555673100910","potions_obtained":[{"floor":1.0,"key":"Swift Potion"},{"floor":3.0,"key":"SteroidPotion"},{"floor":6.0,"key":"Energy Potion"},{"floor":8.0,"key":"BlessingOfTheForge"},{"floor":11.0,"key":"Regen Potion"},{"floor":14.0,"key":"CultistPotion"},{"floor":16.0,"key":"Fire Potion"},{"floor":22.0,"key":"Explosive Potion"},{"floor":30.0,"key":"DestinyDice"},{"floor":31.0,"key":"Fire Potion"},{"floor":47,"key":"Strength Potion"},{"floor":48,"key":"SpeedPotion"}],"is_trial":false,"path_per_floor":["M","M","M","M","?","E","R","M","T","M","E","R","M","M","R","B",null,"M","$","M","M","M","E","$","R","T","R","E","M","E","M","R","B",null,"M","M","?","?","?","R","E","M","T","R","$","?","M","M","R","B",null],"character_chosen":"REMILIA","items_purchased":["InkBottle","Dream Catcher","Potion Belt","Metamorphosis"],"campfire_rested":1,"item_purchase_floors":[19,24,45,45],"current_hp_per_floor":[75,75,75,75,75,73,73,71,71,71,78,78,78,78,78,71,92,92,92,92,92,92,77,77,92,92,92,86,89,85,90,90,92,92,92,86,92,92,87,87,92,91,91,91,91,87,87,87,87,60],"gold":392,"neow_bonus":"THREE_ENEMY_KILL","is_daily":false,"chose_seed":false,"campfire_upgraded":8,"win_rate":0.0,"timestamp":1610521566,"path_taken":["M","M","M","M","?","E","R","M","T","?","E","R","M","M","R","BOSS","M","$","M","M","M","E","$","R","T","R","E","M","E","M","R","BOSS","M","M","?","?","?","R","E","M","T","R","$","?","M","M","R","BOSS"],"items_purchased_type":["Relic","Relic","Relic","Card"],"build_version":"2020-12-22","purchased_purges":1,"victory":true,"max_hp_per_floor":[75,75,75,75,75,85,85,85,85,85,92,92,92,92,92,92,92,92,92,92,92,92,92,92,92,92,92,92,92,92,92,92,92,92,92,92,92,92,92,92,92,92,92,92,92,87,87,87,87,87],"relic_stats":{"Torii":15,"counters":[29,111],"PreservedInsect":0,"Boot":[104],"Blood Vial":8,"Nunchaku":[16],"Dream Catcher":1,"Mummified Hand":[38],"Ornamental Fan":[80],"Pandora\u0027s Box":["RedRainbow","ChainGang","MillenniumVampire","UnderTheZenith","VampirishNight","TricksterDevil","CeilingFear"],"obtain_stats":[{"Lantern":9,"ScarletDevilRocket":41,"Torii":9,"Boot":18,"ScarletHat":0,"RedBat":5,"Old Coin":37,"Blood Vial":30,"Nunchaku":13,"Dream Catcher":24,"Matryoshka":8,"Mummified Hand":23,"Strawberry":11,"InkBottle":19,"Potion Belt":45,"Pear":6,"NeowsBlessing":0,"Thread and Needle":6,"PreservedInsect":43,"Omamori":26,"White Beast Statue":4,"SlaversCollar":17,"Ornamental Fan":28,"Pandora\u0027s Box":34,"Toy Ornithopter":26},{"Lantern":6,"ScarletDevilRocket":25,"Torii":6,"Boot":12,"ScarletHat":0,"RedBat":4,"Old Coin":24,"Blood Vial":19,"Nunchaku":9,"Dream Catcher":16,"Matryoshka":6,"Mummified Hand":16,"Strawberry":8,"InkBottle":12,"Potion Belt":26,"Pear":5,"NeowsBlessing":0,"Thread and Needle":5,"PreservedInsect":26,"Omamori":16,"White Beast Statue":4,"SlaversCollar":11,"Ornamental Fan":17,"Pandora\u0027s Box":21,"Toy Ornithopter":16},{"Lantern":23,"ScarletDevilRocket":94,"Torii":23,"Boot":45,"ScarletHat":0,"RedBat":7,"Old Coin":92,"Blood Vial":75,"Nunchaku":32,"Dream Catcher":65,"Matryoshka":23,"Mummified Hand":65,"Strawberry":29,"InkBottle":45,"Potion Belt":96,"Pear":15,"NeowsBlessing":0,"Thread and Needle":15,"PreservedInsect":96,"Omamori":65,"White Beast Statue":7,"SlaversCollar":42,"Ornamental Fan":68,"Pandora\u0027s Box":84,"Toy Ornithopter":65}],"InkBottle":[27],"Toy Ornithopter":0},"card_choices":[{"not_picked":["ForbiddenFruit","BloodyMagicSquare"],"picked":"Stigmanizer","floor":1.0},{"not_picked":["CharismaGuard","ChainGang"],"picked":"HunterOfTheNight","floor":2.0},{"not_picked":["StarOfDavid","RedRainbow"],"picked":"ScarletCoffin","floor":3.0},{"not_picked":["ScarletDevil","FavorOfDestiny"],"picked":"BombardNight","floor":4.0},{"not_picked":["BloodAndWine","NightLord"],"picked":"BloodHunter","floor":6.0},{"not_picked":["ScarletSymphony","TricksterDevil"],"picked":"ScarletNetherworld","floor":8.0},{"not_picked":["SuperhumanBloodyKnife","BloodyTrap"],"picked":"DiffusionOfMisfortune","floor":10.0},{"not_picked":["ScarletDevil","UltimateOffering","Septette"],"picked":"SKIP","floor":11.0},{"not_picked":["GlobalNightmare","BlasphemousPunishment"],"picked":"MastersStateliness","floor":13.0},{"not_picked":["UnstableMagic","NightDance"],"picked":"BloodyHallows","floor":14.0},{"not_picked":["ScarletCoffin","CeilingFear"],"picked":"KillingBlow","floor":16.0},{"not_picked":["NightDance+1","ScarletDevil+1"],"picked":"UnstableMagic+1","floor":18.0},{"not_picked":["VampireKiss","BlasphemousPunishment+1","CharismaGuard+1"],"picked":"SKIP","floor":20.0},{"not_picked":["NightDance+1","BloodyTrap+1"],"picked":"EternalNight","floor":21.0},{"not_picked":["BloodHunter","EndlessAdversity","HellCatastrophe"],"picked":"SKIP","floor":22.0},{"not_picked":["NightDance","EndlessAdversity"],"picked":"BloodAndWine+1","floor":23.0},{"not_picked":["ScarletImprint","BloodHunter"],"picked":"StarOfDavid+1","floor":25.0},{"not_picked":["UnderTheZenith","ForbiddenFruit","BlasphemousPunishment"],"picked":"SKIP","floor":28.0},{"not_picked":["CharismaGuard+1","MillenniumVampire+1"],"picked":"ForecastOfChange","floor":29.0},{"not_picked":["BlasphemousPunishment+1","RedRainbow","FavorOfDestiny"],"picked":"SKIP","floor":30.0},{"not_picked":["MastersStateliness","StarOfDavid","MiserableFate"],"picked":"SKIP","floor":31.0},{"not_picked":["CurseOfVladTepes","ScarletCoffin"],"picked":"ForecastOfChange","floor":33.0},{"not_picked":["Stigmanizer","VampireKiss"],"picked":"MiserableFate","floor":35.0},{"not_picked":["StarOfDavid+1","Stigmanizer"],"picked":"LeisurelyOfLord+1","floor":36.0},{"not_picked":["Dramatic Entrance","Panacea"],"picked":"Master of Strategy","floor":39.0},{"not_picked":["HunterOfTheNight","VampirishNight","RedRainbow+1"],"picked":"SKIP","floor":41.0},{"not_picked":["ForbiddenFruit","DevilSight"],"picked":"RedRainbow+1","floor":42},{"not_picked":["UnstableMagic","ScarletDevil","BloodAndWine"],"picked":"SKIP","floor":47},{"not_picked":["Ultimatum","RedRainbow+1"],"picked":"ScarletNetherworld+1","floor":48}],"player_experience":371967,"relics_obtained":[{"floor":4.0,"key":"White Beast Statue"},{"floor":6.0,"key":"Thread and Needle"},{"floor":6.0,"key":"Pear"},{"floor":8.0,"key":"Matryoshka"},{"floor":9.0,"key":"Lantern"},{"floor":9.0,"key":"Torii"},{"floor":11.0,"key":"Strawberry"},{"floor":13.0,"key":"Nunchaku"},{"floor":18.0,"key":"Boot"},{"floor":23.0,"key":"Mummified Hand"},{"floor":26.0,"key":"Omamori"},{"floor":26.0,"key":"Toy Ornithopter"},{"floor":28.0,"key":"Ornamental Fan"},{"floor":30.0,"key":"Blood Vial"},{"floor":37.0,"key":"Old Coin"},{"floor":41.0,"key":"ScarletDevilRocket"},{"floor":43,"key":"PreservedInsect"}],"event_choices":[{"cards_removed":["Stigmanizer"],"damage_healed":0.0,"max_hp_gain":0.0,"max_hp_loss":0.0,"gold_gain":0.0,"event_name":"WeMeetAgain","player_choice":"Gave Card","floor":5.0,"gold_loss":0.0,"damage_taken":0.0,"relics_obtained":["RedBat"]},{"damage_healed":0.0,"max_hp_gain":0.0,"max_hp_loss":0.0,"gold_gain":0.0,"event_name":"Mysterious Sphere","player_choice":"Fight","floor":37.0,"gold_loss":0.0,"damage_taken":0.0},{"damage_healed":0.0,"max_hp_gain":0.0,"max_hp_loss":0.0,"gold_gain":0.0,"event_name":"Tomb of Lord Red Mask","player_choice":"Ignored","floor":38.0,"gold_loss":0.0,"damage_taken":0.0},{"damage_healed":0.0,"max_hp_gain":0.0,"max_hp_loss":0.0,"gold_gain":0.0,"event_name":"SensoryStone","player_choice":"Memory 2","floor":39.0,"gold_loss":0.0,"damage_taken":5.0},{"damage_healed":0,"gold_gain":0,"player_choice":"Max HP","damage_taken":0,"max_hp_gain":0,"max_hp_loss":5,"event_name":"Winding Halls","floor":46,"gold_loss":0}],"is_beta":false,"boss_relics":[{"not_picked":["Coffee Dripper","Snecko Eye"],"picked":"SlaversCollar"},{"not_picked":["Runic Dome","Busted Crown"],"picked":"Pandora\u0027s Box"}],"items_purged_floors":[24],"is_endless":false,"potions_floor_spawned":[1,3,6,8,10,11,13,14,16,18,20,21,22,23,28,29,30,31,33,35,36,37,41,42,47,48],"ascension_level":4}}