{"host":"1q1wpq6df472foxy","time":1610526059,"event":{"mods":["BaseMod","DeckTracker","Highlight Path","Minty Spire (QoL Compilation)","Quick Restart","StSLib","SuperFastMode"],"gold_per_floor":[111,111,36,56,56,91,107,7,7,7,7,7,26,46,46,148,148,164,164,16,33,51,51,51,51,51,70,0,14,14,34,34,131,131,151,151,151],"floor_reached":36,"language":"KOR","playtime":745,"items_purged":["Strike_R","Strike_R"],"score":429,"play_id":"9d7c1935-0734-4308-9890-300261ffdbdd","local_time":"20210113172059","is_ascension_mode":true,"campfire_choices":[{"floor":15,"key":"REST"},{"floor":32,"key":"REST"}],"circlet_count":0,"master_deck":["Strike_R+1","Defend_R","Defend_R","Defend_R+1","Bash","Whirlwind+1","Corruption+1","Inflame","Clash+1","Flex","Disarm","Flex","Inflame","Berserk"],"relics":["Burning Blood","NeowsBlessing","Pantograph","Lizard Tail","Pear","Lantern","Empty Cage","HandDrill","White Beast Statue","Magic Flower","Fusion Hammer"],"acts_visited":["Exordium","TheCity","TheBeyond"],"potions_floor_usage":[16,16,16,16,16,23,33,33,33],"damage_taken":[{"damage":0,"enemies":"Jaw Worm","floor":1,"turns":1},{"damage":0,"enemies":"Cultist","floor":4,"turns":1},{"damage":0,"enemies":"Gremlin Nob","floor":6,"turns":1},{"damage":0,"enemies":"Small Slimes","floor":7,"turns":3},{"damage":10,"enemies":"Looter","floor":13,"turns":2},{"damage":10,"enemies":"Large Slime","floor":14,"turns":4},{"damage":89,"enemies":"Hexaghost","floor":16,"turns":10},{"damage":24,"enemies":"Chosen","floor":18,"turns":6},{"damage":30,"enemies":"Spheric Guardian","floor":21,"turns":5},{"damage":0,"enemies":"3 Cultists","floor":22,"turns":3},{"damage":12,"enemies":"Book of Stabbing","floor":23,"turns":3},{"damage":13,"enemies":"Snake Plant","floor":27,"turns":3},{"damage":15,"enemies":"Centurion and Healer","floor":29,"turns":5},{"damage":35,"enemies":"Sentry and Sphere","floor":31,"turns":5},{"damage":85,"enemies":"Champ","floor":33,"turns":8},{"damage":36,"enemies":"Orb Walker","floor":35,"turns":3},{"damage":71,"enemies":"2 Orb Walkers","floor":36,"turns":3}],"seed_played":"5114348842679389742","potions_obtained":[{"floor":1,"key":"Weak Potion"},{"floor":4,"key":"EntropicBrew"},{"floor":7,"key":"Weak Potion"},{"floor":13,"key":"Regen Potion"},{"floor":16,"key":"SneckoOil"},{"floor":18,"key":"Strength Potion"},{"floor":27,"key":"Energy Potion"},{"floor":31,"key":"AttackPotion"},{"floor":33,"key":"Swift Potion"},{"floor":35,"key":"FearPotion"}],"is_trial":false,"path_per_floor":["M","?","$","M","?","E","M","$","T","?","?","?","M","M","R","B",null,"M","?","$","M","M","E","$","T","T","M","$","M","$","M","R","B",null,"M","?"],"character_chosen":"IRONCLAD","items_purchased":["HandDrill","Disarm"],"campfire_rested":2,"item_purchase_floors":[20,28],"current_hp_per_floor":[80,80,80,80,80,80,80,80,90,78,60,60,56,52,79,22,90,72,72,72,48,54,48,48,48,48,44,44,38,38,12,39,77,90,63,0,0],"gold":151,"neow_bonus":"THREE_ENEMY_KILL","is_daily":false,"chose_seed":false,"campfire_upgraded":0,"win_rate":0.0,"timestamp":1610526059,"path_taken":["M","?","$","?","?","E","M","$","T","?","?","?","?","M","R","BOSS","M","?","?","M","M","E","$","?","T","M","$","M","?","?","R","BOSS","M","?"],"items_purchased_type":["Relic","Card"],"build_version":"2020-12-22","purchased_purges":2,"victory":false,"max_hp_per_floor":[80,80,80,80,80,80,80,80,90,90,90,90,90,90,90,90,90,90,90,90,90,90,90,90,90,90,90,90,90,90,90,90,90,90,90,90,90],"card_choices":[{"not_picked":["Twin Strike","Warcry"],"picked":"Whirlwind","floor":1},{"not_picked":["Seeing Red","Cleave","Ghostly Armor"],"picked":"SKIP","floor":4},{"not_picked":["Havoc","Whirlwind","Wild Strike"],"picked":"SKIP","floor":6},{"not_picked":["Shockwave","Havoc","Headbutt"],"picked":"SKIP","floor":7},{"not_picked":["Anger","Clash","True Grit"],"picked":"SKIP","floor":13},{"not_picked":["Body Slam","Uppercut","Juggernaut"],"picked":"SKIP","floor":14},{"not_picked":["Dark Embrace","Flex","Cleave"],"picked":"SKIP","floor":18},{"not_picked":["Evolve","Dual Wield"],"picked":"Inflame","floor":21},{"not_picked":["Iron Wave","Havoc"],"picked":"Clash+1","floor":22},{"not_picked":["Warcry","Cleave+1"],"picked":"Flex","floor":27},{"not_picked":["Wild Strike","Sword Boomerang"],"picked":"Flex","floor":29},{"not_picked":["Blood for Blood","Battle Trance"],"picked":"Inflame","floor":31},{"not_picked":["Offering","Corruption"],"picked":"Berserk","floor":33},{"not_picked":["Anger+1","Thunderclap","Sword Boomerang"],"picked":"SKIP","floor":35}],"player_experience":174204,"relics_obtained":[{"floor":6,"key":"Lizard Tail"},{"floor":9,"key":"Pear"},{"floor":25,"key":"White Beast Statue"},{"floor":26,"key":"Magic Flower"}],"event_choices":[{"damage_healed":0,"gold_gain":0,"player_choice":"Gave Potion","damage_taken":0,"relics_obtained":["Pantograph"],"max_hp_gain":0,"max_hp_loss":0,"event_name":"WeMeetAgain","floor":2,"gold_loss":0},{"damage_healed":0,"gold_gain":0,"player_choice":"Grow","damage_taken":0,"max_hp_gain":0,"max_hp_loss":0,"event_name":"Living Wall","floor":5,"gold_loss":0,"cards_upgraded":["Whirlwind"]},{"damage_healed":0,"gold_gain":0,"player_choice":"Success","damage_taken":12,"relics_obtained":["Lantern"],"max_hp_gain":0,"max_hp_loss":0,"event_name":"Scrap Ooze","floor":10,"gold_loss":0},{"damage_healed":0,"gold_gain":0,"player_choice":"Entered Light","damage_taken":18,"max_hp_gain":0,"max_hp_loss":0,"event_name":"Shining Light","floor":11,"gold_loss":0,"cards_upgraded":["Defend_R","Strike_R"]},{"damage_healed":0,"gold_gain":0,"cards_transformed":["Strike_R"],"player_choice":"Transformed","damage_taken":0,"max_hp_gain":0,"max_hp_loss":0,"event_name":"Transmorgrifier","floor":12,"gold_loss":0,"cards_obtained":["Corruption"]},{"damage_healed":0,"gold_gain":0,"player_choice":"Upgraded","damage_taken":0,"max_hp_gain":0,"max_hp_loss":0,"event_name":"Upgrade Shrine","floor":19,"gold_loss":0,"cards_upgraded":["Corruption"]},{"damage_healed":0,"gold_gain":0,"player_choice":"Fight","damage_taken":0,"max_hp_gain":0,"max_hp_loss":0,"event_name":"Mysterious Sphere","floor":36,"gold_loss":0}],"is_beta":false,"boss_relics":[{"not_picked":["Snecko Eye","Runic Pyramid"],"picked":"Empty Cage"},{"not_picked":["Coffee Dripper","Busted Crown"],"picked":"Fusion Hammer"}],"items_purged_floors":[3,8],"is_endless":false,"potions_floor_spawned":[1,4,7,13,16,18,21,27,29,31,33,35],"killed_by":"2 Orb Walkers","ascension_level":1}}