{"host":"6q3xrfxx8iswq9mh","time":1610538683,"event":{"mods":["BaseMod","Colored Powertips","Downfall","Lobotomy","Marisa£®ÏF”Í°°ƒß¿Ì…≥£©","Minty Spire (QoL Compilation)","Quick Restart","Remilia£®¿Ÿ√◊¿Ú—«£©","Replay The Spire","StSLib","The Bug Knight","The Cursed","The Runesmith","The Servant 0.9.4"],"gold_per_floor":[110,110,110,123,123,157,157,176,176,25,25,58,76,102,102,197,197,209,222,232,247,172,205,205,130,156,126,143,162,162,189,189,284,284,300,300,300,311,65,65,99,99,167,184,184,196,46,62,62,62],"floor_reached":51,"language":"ZHS","playtime":2109,"items_purged":["Strike_R","Wraith"],"score":1063,"play_id":"7eec0aa0-6b29-4317-8d66-d94eb190f3b1","local_time":"20210113195123","is_ascension_mode":true,"campfire_choices":[{"data":"Flex","floor":7.0,"key":"SMITH"},{"data":"Inflame","floor":11.0,"key":"SMITH"},{"floor":15.0,"key":"DIG"},{"floor":24.0,"key":"REST"},{"data":"Armaments","floor":30.0,"key":"SMITH"},{"floor":32.0,"key":"REST"},{"floor":42,"key":"REST"},{"floor":45,"key":"DIG"},{"floor":49,"key":"DIG"}],"circlet_count":0,"master_deck":["Strike_R","Strike_R","Strike_R+2","Defend_R+1","Defend_R","Defend_R","Bash","Flex+1","ReplayTheSpireMod:Stacked+1","Perfected Strike","Inflame+1","Inflame","Spot Weakness","Armaments+1","Heavy Blade","Offering","Heavy Blade","Twin Strike","Armaments","Reaper","Intimidate+1","Abandon+1","Finesse","Offering","Rupture","Heavy Blade+1","Twin Strike"],"relics":["Burning Blood","Torii","Divine Protection","Charon\u0027s Ashes","DollysMirror","Shovel","MealTicket","Kunai","Black Star","Replay:Rubber Ducky","Lizard Tail","Vajra","Potion Belt","Bronze Scales","Honey Jar","ReplayTheSpireMod:Ring of Challenge","Brimstone","Simple Rune","Replay:Ringing Soul","Self Forming Clay","CaptainsWheel","Cauldron","Replay:Baseball"],"acts_visited":["Exordium","TheCity","TheBeyond"],"potions_floor_usage":[41,46,50,50,50,50],"damage_taken":[{"damage":7.0,"enemies":"Small Slimes","floor":1.0,"turns":4.0},{"damage":7.0,"enemies":"Jaw Worm","floor":4.0,"turns":3.0},{"damage":12.0,"enemies":"Lagavulin","floor":6.0,"turns":5.0},{"damage":0.0,"enemies":"Cultist","floor":8.0,"turns":3.0},{"damage":8.0,"enemies":"3 Sentries","floor":12.0,"turns":6.0},{"damage":1.0,"enemies":"Looter","floor":13.0,"turns":2.0},{"damage":0.0,"enemies":"HollowMod:MossKnight","floor":14.0,"turns":5.0},{"damage":24.0,"enemies":"Slime Boss","floor":16.0,"turns":10.0},{"damage":31.0,"enemies":"3 Byrds","floor":18.0,"turns":6.0},{"damage":16.0,"enemies":"Snake Plant","floor":19.0,"turns":4.0},{"damage":20.0,"enemies":"Sentry and Sphere","floor":20.0,"turns":4.0},{"damage":14.0,"enemies":"Centurion and Healer","floor":21.0,"turns":7.0},{"damage":33.0,"enemies":"Slavers","floor":23.0,"turns":4.0},{"damage":0.0,"enemies":"Chosen and Byrds","floor":28.0,"turns":4.0},{"damage":0.0,"enemies":"Snecko","floor":29.0,"turns":2.0},{"damage":27.0,"enemies":"HollowMod:Nosk","floor":31.0,"turns":6.0},{"damage":101.0,"enemies":"Automaton","floor":33.0,"turns":10.0},{"damage":10.0,"enemies":"Orb Walker","floor":35.0,"turns":3.0},{"damage":24,"enemies":"3 Darklings","floor":38,"turns":5},{"damage":11,"enemies":"Giant Head","floor":41,"turns":5},{"damage":5,"enemies":"Sphere and 2 Shapes","floor":44,"turns":3},{"damage":5,"enemies":"Maw","floor":46,"turns":5},{"damage":4,"enemies":"Spire Growth","floor":48,"turns":2},{"damage":31,"enemies":"Donu and Deca","floor":50,"turns":5}],"seed_played":"556165189520917717","potions_obtained":[{"floor":4.0,"key":"SteroidPotion"},{"floor":12.0,"key":"Reflective Coating"},{"floor":13.0,"key":"BloodPotion"},{"floor":14.0,"key":"AttackPotion"},{"floor":20.0,"key":"Fire Potion"},{"floor":23.0,"key":"FairyPotion"},{"floor":27.0,"key":"Block Potion"},{"floor":27.0,"key":"Death Potion"},{"floor":31.0,"key":"SkillPotion"},{"floor":33.0,"key":"Weak Potion"},{"floor":38,"key":"Venom Potion"},{"floor":47,"key":"Languid Potion"},{"floor":47,"key":"BlessingOfTheForge"},{"floor":47,"key":"BloodPotion"},{"floor":47,"key":"FearPotion"},{"floor":47,"key":"Adrenaline Potion"}],"is_trial":false,"path_per_floor":["M","?","?","M","?","E","R","M","T","$","R","E","M","E","R","B",null,"M","M","M","M","$","E","R","?","T","?","M","M","R","E","R","B",null,"M","?","?","M","$","?","E","R","T","M","R","M","$","M","R","B",null],"character_chosen":"IRONCLAD","items_purchased":["DollysMirror","Brimstone","Cauldron"],"campfire_rested":3,"item_purchase_floors":[10,39,47],"current_hp_per_floor":[76,73,73,72,55,49,49,55,55,55,55,53,58,64,64,46,75,67,57,43,35,50,23,48,48,48,48,54,60,60,39,64,9,66,62,62,62,44,59,59,57,83,83,87,87,91,94,97,97,72],"gold":62,"neow_bonus":"RANDOM_EVENT","is_daily":false,"chose_seed":false,"campfire_upgraded":3,"win_rate":0.0,"timestamp":1610538683,"path_taken":["M","?","?","M","?","E","R","M","T","?","R","E","?","E","R","BOSS","M","M","M","?","$","E","R","?","T","?","?","M","R","E","R","BOSS","M","?","?","M","$","?","E","R","T","M","R","M","$","M","R","BOSS"],"items_purchased_type":["Relic","Relic","Relic"],"build_version":"2020-12-22","purchased_purges":2,"victory":true,"max_hp_per_floor":[85,85,85,85,85,85,85,85,85,85,85,85,85,85,85,85,85,85,85,85,85,85,85,85,85,85,85,85,85,85,85,85,85,85,85,85,85,85,85,85,88,88,88,91,91,94,94,97,97,97],"card_choices":[{"not_picked":["Cleave","Heavy Blade"],"picked":"Flex","floor":1.0},{"not_picked":["Clash","Bludgeon"],"picked":"ReplayTheSpireMod:Stacked","floor":4.0},{"not_picked":["Run Through","Rupture"],"picked":"Perfected Strike","floor":6.0},{"not_picked":["Headbutt","True Grit"],"picked":"Inflame","floor":8.0},{"not_picked":["Anger","Rupture"],"picked":"Spot Weakness","floor":12.0},{"not_picked":["Wild Strike","Cleave"],"picked":"Armaments","floor":13.0},{"not_picked":["Blood for Blood","Feel No Pain"],"picked":"Heavy Blade","floor":14.0},{"not_picked":["Bludgeon","Impervious"],"picked":"Offering","floor":16.0},{"not_picked":["Fire Breathing+1","Clothesline+1"],"picked":"Heavy Blade","floor":18.0},{"not_picked":["Iron Wave","Havoc","ReplayReversal"],"picked":"SKIP","floor":19.0},{"not_picked":["Perfected Strike+1","Entrench+1"],"picked":"Twin Strike","floor":20.0},{"not_picked":["Dropkick","Anger+1","Second Wind+1"],"picked":"SKIP","floor":21.0},{"not_picked":["Evolve+1","Perfected Strike+1","Defy Death"],"picked":"SKIP","floor":23.0},{"not_picked":["Wild Strike","Clash"],"picked":"Armaments","floor":28.0},{"not_picked":["Bloodletting","Replay:Undeath\u0027s Touch","Run Through"],"picked":"SKIP","floor":29.0},{"not_picked":["Havoc+1","Hemokinesis","Shockwave"],"picked":"SKIP","floor":31.0},{"not_picked":["Bludgeon","Impervious"],"picked":"Reaper","floor":33.0},{"not_picked":["Clash+1","Carnage","ReplayTheSpireMod:Corrosion Curse"],"picked":"Intimidate+1","floor":35.0},{"not_picked":["Entrench+1","True Grit","ReplayTheSpireMod:Strike From Hell+1"],"picked":"Abandon+1","floor":38},{"not_picked":["ReplayTheSpireMod:Necrogeddon","expansioncontent:PrepareCrush","expansioncontent:AwakenDeath"],"picked":"Finesse","floor":40},{"not_picked":["Replay:Undeath\u0027s Touch+1","Perfected Strike","Burning Pact+1"],"picked":"Offering","floor":41},{"not_picked":["Run Through+1","Blood for Blood+1","Disarm+1"],"picked":"Rupture","floor":44},{"not_picked":["ReplayReversal+1","Havoc","Spot Weakness+1"],"picked":"Heavy Blade+1","floor":46},{"not_picked":["Wild Strike","Thunderclap","Clothesline"],"picked":"Twin Strike","floor":48}],"player_experience":286846,"relics_obtained":[{"floor":6.0,"key":"Divine Protection"},{"floor":9.0,"key":"Charon\u0027s Ashes"},{"floor":12.0,"key":"Shovel"},{"floor":14.0,"key":"MealTicket"},{"floor":15.0,"key":"Kunai"},{"floor":23.0,"key":"Replay:Rubber Ducky"},{"floor":23.0,"key":"Lizard Tail"},{"floor":26.0,"key":"Vajra"},{"floor":31.0,"key":"Potion Belt"},{"floor":31.0,"key":"Bronze Scales"},{"floor":36.0,"key":"ReplayTheSpireMod:Ring of Challenge"},{"floor":41,"key":"Simple Rune"},{"floor":41,"key":"Replay:Ringing Soul"},{"floor":43,"key":"Self Forming Clay"},{"floor":45,"key":"CaptainsWheel"},{"floor":49,"key":"Replay:Baseball"}],"event_choices":[{"damage_healed":0.0,"max_hp_gain":5.0,"max_hp_loss":0.0,"gold_gain":0.0,"event_name":"Big Fish","player_choice":"Donut","floor":0.0,"gold_loss":0.0,"damage_taken":0.0},{"damage_healed":0.0,"max_hp_gain":0.0,"max_hp_loss":0.0,"gold_gain":0.0,"event_name":"Scrap Ooze","player_choice":"Success","floor":2.0,"gold_loss":0.0,"damage_taken":3.0,"relics_obtained":["Torii"]},{"damage_healed":0.0,"max_hp_gain":0.0,"max_hp_loss":0.0,"gold_gain":0.0,"event_name":"Shining Light","player_choice":"Entered Light","floor":5.0,"gold_loss":0.0,"damage_taken":17.0,"cards_upgraded":["Strike_R","ReplayTheSpireMod:Stacked"]},{"cards_removed":["Strike_R"],"damage_healed":0.0,"max_hp_gain":0.0,"max_hp_loss":0.0,"gold_gain":0.0,"event_name":"Beggar","player_choice":"Gave Gold","floor":25.0,"gold_loss":75.0,"damage_taken":0.0},{"damage_healed":0.0,"max_hp_gain":0.0,"max_hp_loss":0.0,"gold_gain":0.0,"event_name":"The Woman in Blue","player_choice":"Bought 2 Potions","floor":27.0,"gold_loss":0.0,"damage_taken":0.0},{"damage_healed":0,"gold_gain":0,"player_choice":"Ignored","damage_taken":0,"max_hp_gain":0,"max_hp_loss":0,"event_name":"OrinTheCat","floor":37,"gold_loss":0},{"damage_healed":0,"gold_gain":0,"player_choice":"Memory 1","damage_taken":0,"max_hp_gain":0,"max_hp_loss":0,"event_name":"SensoryStone","floor":40,"gold_loss":0}],"is_beta":false,"boss_relics":[{"not_picked":["Philosopher\u0027s Stone","SacredBark"],"picked":"Black Star"},{"not_picked":["ReplayTheSpireMod:DimensionalGlitch","Painkiller Herb"],"picked":"Honey Jar"}],"items_purged_floors":[22,39],"is_endless":false,"potions_floor_spawned":[4,12,13,14,20,23,31,33,38],"ascension_level":6}}