{"host":"17xjy7b7ubl548g2","time":1610500264,"event":{"mods":["2.2 Compatiblity","Act Like it!","Aspiration","Astrologer","Bard","BaseMod","Bestiary","Challenge The Spire","ChefMod","Colored Map","Conspire","Elementarium","Energized Spire","Gensokyo","GifTheSpireLib","Halation","Hallownest","Hubris","Infinite Spire","Jedi Mod","Jorbs\u0027s Wanderer Trilogy","Marisa（霧雨　魔理沙）","Marked Mod","Menagerie","Minty Spire (QoL Compilation)","Pale of the Ancients","Permanent Neow","Puzzle Mod","Replay The Spire","Robot Space Explorer","Spicy Shops","StSLib","Stuff the Spire","The Blue Laboratory","The Bug Knight","The Construct","The Disciple","The Factory","The Hayseed","The Hierophant","The Marked","The Runesmith","The Sage","TheFirefly"],"gold_per_floor":[109,109,126,137,37,37,71,89,112,112,138,138,165,165,165,491,491,508,528,292,392,392,422,422,438,438,438,449,449,481,481,481,576,576,593,603,334,334,352,387,387,418,441,105,105,105,105,131,131,131,131,131],"floor_reached":51,"language":"ENG","playtime":6643,"items_purged":["chefmod:Strike","chefmod:Strike"],"score":1247,"play_id":"fd0c1669-a3b8-4c03-a15b-9750a76f71cc","local_time":"20210112201104","is_ascension_mode":true,"campfire_choices":[{"data":"chefmod:TodaysSpecial","floor":6,"key":"SMITH"},{"data":"chefmod:BleedOut","floor":10,"key":"SMITH"},{"data":"chefmod:FullBurn","floor":12,"key":"SMITH"},{"data":"chefmod:QuickThaw","floor":15,"key":"SMITH"},{"data":"chefmod:SushiPlatter","floor":24,"key":"SMITH"},{"data":"Gensokyo:MenInBlack","floor":27,"key":"SMITH"},{"data":"chefmod:RisingDough","floor":29,"key":"SMITH"},{"data":"StuffTheSpire:Innocence","floor":32,"key":"SMITH"},{"data":"infinitespire:Punishment","floor":41,"key":"SMITH"},{"floor":45,"key":"RECALL"},{"data":"chefmod:FrozenTuna","floor":49,"key":"SMITH"}],"circlet_count":0,"master_deck":["chefmod:QuickThaw+1","chefmod:Defend","chefmod:Defend","chefmod:Defend","chefmod:TodaysSpecial+1","chefmod:DinoKale","chefmod:FullBurn+1","chefmod:AllYouCanEat","chefmod:BleedOut+1","chefmod:PotatoGratin","chefmod:FireUp","chefmod:Bruschetta","chefmod:Fillet","Gensokyo:MenInBlack+1","chefmod:NewMenu+1","chefmod:Chop+1","chefmod:Ratatouille+1","chefmod:RisingDough+1","chefmod:DinoKale","StuffTheSpire:Innocence+1","chefmod:FrozenTuna+1","chefmod:Julienne+1","chefmod:Escargot+1","infinitespire:Punishment+1","chefmod:BaoBuns","chefmod:CleanHouse","chefmod:Puree","chefmod:DinoKale+1"],"relics":["chefmod:TrustyPot","Gensokyo:OccultBall","hubris:MysteriousPyramids","hubris:TenFootPole","infinitespire:FocusingShard","jedi:bottledfury","Velvet Choker","infinitespire:Joker Card","Replay:Towering Pillar of Hats","jedi:heavyjacket","Mummified Hand","Omamori","infinitespire:CheckeredPen","hubris:ScarierMask","OrangePellets","Gensokyo:EmptyGrave","jedi:shrinkray","Turnip","aspiration:HiddenCompartment","hubris:ToyBattleship","halation:BottledLove","Pear","paleoftheancients:Timepiece","paleoftheancients:KeyRelic","Bronze Scales","CultistMask"],"acts_visited":["Exordium","Gensokyo:Gensokyo","Gensokyo:Gensokyoer","Gensokyo:Gensokyoest"],"potions_floor_usage":[7,16,19,21,33,40],"damage_taken":[{"damage":4,"enemies":"Gensokyo:Python","floor":1,"turns":3},{"damage":1,"enemies":"Gensokyo:2_Kodama","floor":3,"turns":6},{"damage":0,"enemies":"Gensokyo:3_Fairies","floor":4,"turns":3},{"damage":4,"enemies":"Gensokyo:Cirno","floor":7,"turns":5},{"damage":0,"enemies":"Gensokyo:3_Kodama","floor":8,"turns":1},{"damage":5,"enemies":"Gensokyo:Aya","floor":11,"turns":3},{"damage":4,"enemies":"Gensokyo:Mamizou","floor":13,"turns":5},{"damage":23,"enemies":"Gensokyo:Yukari","floor":16,"turns":4},{"damage":0,"enemies":"Gensokyo:AngelMirror","floor":18,"turns":1},{"damage":2,"enemies":"Gensokyo:3_Dogs","floor":19,"turns":3},{"damage":18,"enemies":"Gensokyo:3_Dogs","floor":21,"turns":7},{"damage":0,"enemies":"Gensokyo:Tenshi","floor":23,"turns":5},{"damage":0,"enemies":"Gensokyo:Slime_Group","floor":25,"turns":3},{"damage":0,"enemies":"Gensokyo:Wraith","floor":28,"turns":3},{"damage":0,"enemies":"Gensokyo:Reisen","floor":30,"turns":5},{"damage":0,"enemies":"Gensokyo:Eiki","floor":33,"turns":5},{"damage":0,"enemies":"Gensokyo:3_Bats","floor":35,"turns":1},{"damage":0,"enemies":"Gensokyo:AncientGuardian","floor":36,"turns":3},{"damage":0,"enemies":"Gensokyo:3_Boulders","floor":39,"turns":2},{"damage":21,"enemies":"Nightmare","floor":40,"turns":9},{"damage":0,"enemies":"Gensokyo:Doremy","floor":42,"turns":4},{"damage":0,"enemies":"Gensokyo:Marisa","floor":48,"turns":4},{"damage":0,"enemies":"Gensokyo:Yuyuko","floor":50,"turns":7},{"damage":29,"enemies":"Gensokyo:Yuyuko","floor":51,"turns":9}],"seed_played":"424566065882674900","potions_obtained":[{"floor":1,"key":"Regen Potion"},{"floor":4,"key":"blueLaboratory:FruitPunch"},{"floor":13,"key":"blueLaboratory:BubblePotion"},{"floor":16,"key":"blueLaboratory:LouseDecoction"},{"floor":19,"key":"ColorlessPotion"},{"floor":21,"key":"SneckoOil"},{"floor":23,"key":"FearPotion"},{"floor":33,"key":"blueLaboratory:SavagePotion"},{"floor":42,"key":"blueLaboratory:BottledHope"}],"is_trial":false,"path_per_floor":["M","?","M","M","?","R","E","M","T","R","E","R","E","?","R","B",null,"M","M","COS","?","?","E","R","M","T","R","M","R","E","?","R","B",null,"M","M","COS","?","M","NM","R","E","T","$","R","?","?","E","R","B","M"],"character_chosen":"THE_CHEF","items_purchased":["halation:BottledLove","chefmod:Puree"],"campfire_rested":0,"item_purchase_floors":[44,44],"current_hp_per_floor":[73,73,72,72,72,72,70,70,70,70,65,65,61,46,46,23,79,79,77,77,59,59,59,59,59,59,59,59,59,59,59,59,59,79,79,79,79,73,73,52,73,73,73,73,73,73,73,83,83,83,54,54],"gold":131,"neow_bonus":"RANDOM_COLORLESS","is_daily":false,"chose_seed":false,"campfire_upgraded":10,"win_rate":0.0,"timestamp":1610500264,"path_taken":["M","?","M","M","?","R","E","?","T","R","E","R","E","?","R","BOSS","M","M","COS","?","?","E","R","?","T","R","?","R","E","?","R","BOSS","M","M","COS","?","M","NM","R","E","T","$","R","?","?","E","R","BOSS","M"],"items_purchased_type":["Relic","Card"],"build_version":"2020-12-22","purchased_purges":2,"victory":false,"max_hp_per_floor":[77,77,77,77,77,77,79,79,79,79,79,79,79,79,79,79,79,79,79,79,79,79,79,79,79,79,79,79,79,79,79,79,79,79,79,79,79,73,73,73,73,73,73,73,73,73,73,83,83,83,83,83],"card_choices":[{"not_picked":["Replay:BasicMightCard","hubris:Ssssneak"],"picked":"conspire:Banana","floor":0},{"not_picked":["chefmod:Sorbet","chefmod:Defrost"],"picked":"chefmod:DinoKale","floor":1},{"not_picked":["chefmod:Granita","chefmod:GroceryDelivery"],"picked":"chefmod:FullBurn","floor":3},{"not_picked":["chefmod:ZaruSoba","chefmod:BananaSplit"],"picked":"chefmod:AllYouCanEat","floor":4},{"not_picked":["chefmod:FreezerBurn","chefmod:DinoKale"],"picked":"chefmod:BleedOut","floor":7},{"not_picked":["chefmod:Cleavers","chefmod:ColdSteel"],"picked":"chefmod:PotatoGratin","floor":8},{"not_picked":["chefmod:Flambe","chefmod:KnifeFlurry"],"picked":"chefmod:FireUp","floor":11},{"not_picked":["chefmod:Chop","chefmod:Sorbet","chefmod:Granita"],"picked":"SKIP","floor":13},{"not_picked":["chefmod:OrderUp","chefmod:TwoForOne"],"picked":"chefmod:SushiPlatter","floor":16},{"not_picked":["chefmod:SliceAndDice","chefmod:ZaruSoba"],"picked":"chefmod:Bruschetta","floor":18},{"not_picked":["chefmod:Granita","chefmod:Defrost+1"],"picked":"chefmod:Fillet","floor":19},{"not_picked":["chefmod:DoubleChop","chefmod:SliceAndDice"],"picked":"chefmod:NewMenu+1","floor":21},{"not_picked":["chefmod:NewMenu","chefmod:OldCookbook"],"picked":"chefmod:Chop+1","floor":23},{"not_picked":["chefmod:Gelato","chefmod:FrozenTuna"],"picked":"chefmod:Ratatouille+1","floor":25},{"not_picked":["chefmod:Fillet","chefmod:Cleavers"],"picked":"chefmod:RisingDough","floor":28},{"not_picked":["chefmod:Defrost","chefmod:FreezerBurn+1"],"picked":"chefmod:DinoKale","floor":30},{"not_picked":["StuffTheSpire:Perfection","StuffTheSpire:Rapture"],"picked":"StuffTheSpire:Innocence","floor":31},{"not_picked":["chefmod:Mince","chefmod:BananaSplit"],"picked":"chefmod:FrozenTuna","floor":33},{"not_picked":["chefmod:BaoBuns","chefmod:HotSoup+1"],"picked":"chefmod:Julienne+1","floor":35},{"not_picked":["chefmod:Ratatouille","chefmod:Leftovers","chefmod:Defrost"],"picked":"SKIP","floor":36},{"not_picked":["chefmod:Defrost+1","chefmod:TastyDistraction"],"picked":"chefmod:Escargot+1","floor":39},{"not_picked":["infinitespire:NeuralNetwork","infinitespire:SealOfDarkness+"],"picked":"infinitespire:Punishment","floor":40},{"not_picked":["chefmod:Chop","chefmod:Defrost"],"picked":"chefmod:BaoBuns","floor":40},{"not_picked":["chefmod:Fillet+1","chefmod:Leftovers"],"picked":"chefmod:CleanHouse","floor":42},{"not_picked":["chefmod:Gelato+1","chefmod:Chop"],"picked":"chefmod:DinoKale+1","floor":48}],"player_experience":1754511,"relics_obtained":[{"floor":7,"key":"hubris:TenFootPole"},{"floor":11,"key":"infinitespire:FocusingShard"},{"floor":13,"key":"Gensokyo:OccultBall"},{"floor":13,"key":"jedi:bottledfury"},{"floor":16,"key":"Gensokyo:OccultBall"},{"floor":21,"key":"infinitespire:Joker Card"},{"floor":21,"key":"Replay:Towering Pillar of Hats"},{"floor":23,"key":"Mummified Hand"},{"floor":26,"key":"infinitespire:CheckeredPen"},{"floor":30,"key":"Blue Doll"},{"floor":33,"key":"Gensokyo:OccultBall"},{"floor":39,"key":"Gensokyo:OccultBall"},{"floor":40,"key":"jedi:shrinkray"},{"floor":42,"key":"aspiration:HiddenCompartment"},{"floor":43,"key":"hubris:ToyBattleship"},{"floor":48,"key":"Pear"}],"event_choices":[{"damage_healed":0,"gold_gain":0,"player_choice":"Leave","damage_taken":0,"max_hp_gain":0,"max_hp_loss":0,"event_name":"conspire:Investor","floor":46,"gold_loss":0}],"is_beta":false,"boss_relics":[{"not_picked":["ReplayTheSpireMod:SealedPack","energizedSpire:SpiderWeb"],"picked":"Velvet Choker"},{"not_picked":["Honey Jar","aspiration:PoetsPen_weak"],"picked":"hubris:ScarierMask"}],"items_purged_floors":[44,44],"is_endless":false,"potions_floor_spawned":[1,4,13,16,19,21,23,33,36,39,42],"killed_by":"Gensokyo:Yuyuko","ascension_level":3}}