{"host":"ve4jblr3b80flk7t","time":1610558680,"event":{"mods":["Act Like it!","BaseMod","CapriCore","Chen","Marisa£¨ìFÓê¡¡Ä§ÀíÉ³£©","Minty Spire (QoL Compilation)","Prisma Mod","Reimu£¨²©ÀöÁéÃÎ£©","Remilia£¨ÀÙÃ×ÀòÑÇ£©","Replay The Spire","RumiaBox-Â¶Ã×æ«µÄÉñÃØºÐ×Ó","StSLib","The Servant 0.9.4","UnlockEverythingMod","Youmu£¨»êÆÇÑýÃÎ£©","óô»ðÖ¸ÄÏ"],"gold_per_floor":[99,24,124,156,156,156,156,206,206,248,102,102,156,31,31,152,152,168,210,210,125,125,158,209,209,209,62,62,107,139,99,99,99,99],"floor_reached":33,"language":"ZHS","playtime":1283,"items_purged":["Conserve Battery","Turbo","Gash"],"score":403,"play_id":"e3ffd6c4-f4ce-45fc-a629-2313b72bc2a2","local_time":"20210114012440","daily_mods":["Draft","Red Cards","Green Cards","Blue Cards","Purple Cards","Colorless Cards","Heirloom","Time Dilation","Flight","Lethality"],"is_ascension_mode":false,"campfire_choices":[{"data":"FantasyBorder:ReiMu","floor":6,"key":"SMITH"},{"data":"PowerUp","floor":7,"key":"SMITH"},{"data":"WitchOfGreed","floor":12,"key":"SMITH"},{"data":"Bloodletting","floor":15,"key":"SMITH"},{"data":"ManaRampage","floor":25,"key":"SMITH"},{"data":"Turbo","floor":28,"key":"SMITH"}],"circlet_count":0,"master_deck":["PowerUp+1","NonDirectionalLaser","Flex","EmergencyTakeOff:ReiMu","Quick Slash","WitchOfGreed+1","Intuition:ReiMu","Slice","AirStrike:ReiMu","LeisurelyOfLord","FantasyBorder:ReiMu+1","Bloodletting+1","SporeBomb","ManaRampage+1","Necronomicurse","Impatience","Turbo+1","Finesse","PowerUp","Rage","BloodyMagicSquare"],"relics":["Unceasing Top","replay:Trail_Library","Pocketwatch","Replay:Bottled Flurry","Replay:Mystery Machine","Gambling Chip","Replay:Rubber Ducky","Bronze Scales","Coffee Dripper","White Beast Statue","Necronomicon","Blue Candle","ZombieArmy","Akabeko","Orichalcum","ZunR:ReiMu"],"acts_visited":["Exordium","TheCity"],"potions_floor_usage":[19],"damage_taken":[{"damage":11,"enemies":"2 Louse","floor":4,"turns":2},{"damage":9,"enemies":"3 Sentries","floor":8,"turns":2},{"damage":3,"enemies":"Lagavulin","floor":10,"turns":2},{"damage":6,"enemies":"Hexaghost","floor":16,"turns":2},{"damage":3,"enemies":"Chosen","floor":18,"turns":1},{"damage":0,"enemies":"Shell Parasite","floor":19,"turns":1},{"damage":4,"enemies":"Book of Stabbing","floor":23,"turns":1},{"damage":42,"enemies":"Gremlin Leader","floor":24,"turns":3},{"damage":0,"enemies":"3 Cultists","floor":29,"turns":2},{"damage":29,"enemies":"Slavers","floor":30,"turns":2},{"damage":5,"enemies":"Collector","floor":33,"turns":1}],"seed_played":"7537858549485374918","potions_obtained":[{"floor":4,"key":"FearPotion"},{"floor":8,"key":"Reflective Coating"},{"floor":10,"key":"EntropicBrew"},{"floor":19,"key":"FairyPotion"},{"floor":30,"key":"Strength Potion"}],"is_trial":true,"path_per_floor":["?","$","?","M","?","R","R","E","T","E","$","R","T","$","R","B",null,"M","M","?","?","?","E","E","R","T","R","R","M","E","?","R","B"],"character_chosen":"MARISA","items_purchased":["SporeBomb","Turbo","Finesse"],"campfire_rested":0,"item_purchase_floors":[11,27,27],"current_hp_per_floor":[75,75,75,64,61,61,61,52,52,49,49,49,49,49,49,43,75,72,72,72,72,56,52,10,10,10,10,10,10,3,3,3,0,0],"gold":99,"neow_bonus":"","is_daily":false,"chose_seed":false,"campfire_upgraded":6,"win_rate":0.0,"timestamp":1610558680,"path_taken":["?","$","?","?","?","R","R","E","T","E","?","R","?","$","R","BOSS","M","M","?","?","?","E","E","R","T","R","R","M","E","?","R","BOSS"],"items_purchased_type":["Card","Card","Card"],"build_version":"2020-12-22","purchased_purges":3,"victory":false,"max_hp_per_floor":[75,75,75,75,75,75,75,75,75,75,75,75,75,75,75,75,75,75,75,75,75,75,75,75,75,75,75,75,75,75,75,75,75,75],"card_choices":[{"not_picked":["Wild Strike","Flex"],"picked":"PowerUp","floor":0},{"not_picked":["Streamline","Redo"],"picked":"SuperhumanBloodyKnife","floor":0},{"not_picked":["OctopathBindingBorder2:ReiMu","NineCharacters:ReiMu"],"picked":"NonDirectionalLaser","floor":0},{"not_picked":["Replay:Sssssssssstrike","ChainGang"],"picked":"Flex","floor":0},{"not_picked":["Battle Trance","Coolheaded"],"picked":"Turbo","floor":0},{"not_picked":["Anger","Amulet:ReiMu"],"picked":"EmergencyTakeOff:ReiMu","floor":0},{"not_picked":["Flying Knee","Leap"],"picked":"Conserve Battery","floor":0},{"not_picked":["BloodyTrap","PayForSelf:ReiMu"],"picked":"Quick Slash","floor":0},{"not_picked":["Hologram","WitchLeyline"],"picked":"WitchOfGreed","floor":0},{"not_picked":["Replay:Sssssssssshield","EnergyRecoil"],"picked":"Intuition:ReiMu","floor":0},{"not_picked":["SubAcupoint:ReiMu","Sword Boomerang"],"picked":"Slice","floor":0},{"not_picked":["Tactician","Headbutt"],"picked":"AirStrike:ReiMu","floor":0},{"not_picked":["ScarletDevil","Thunderclap"],"picked":"LeisurelyOfLord","floor":0},{"not_picked":["UnderTheZenith","Beam Cell"],"picked":"FantasyBorder:ReiMu","floor":0},{"not_picked":["Clothesline","DiffusionOfMisfortune"],"picked":"Bloodletting","floor":0},{"not_picked":["Replay:Sssssssssshield","UnderTheZenith","Enchanting:ReiMu"],"picked":"SKIP","floor":4},{"not_picked":["Magnetism","SpreadBorder2:ReiMu","SealNeedle:ReiMu"],"picked":"SKIP","floor":8},{"not_picked":["Wild Strike","IllusionStar","DC"],"picked":"SKIP","floor":10},{"not_picked":["Chrysalis","Replay:Bag of Tricks"],"picked":"ManaRampage","floor":16},{"not_picked":["Sucker Punch","StarOfDavid","Quick Slash+1"],"picked":"SKIP","floor":18},{"not_picked":["Havoc","GravityBeat+1","Sword Boomerang+1"],"picked":"SKIP","floor":19},{"not_picked":["Mountainwind:ReiMu+1","ShootingEcho","Hidden Blade+1"],"picked":"SKIP","floor":23},{"not_picked":["ReplayTheSpireMod:The Works","Rebound+1","AlertArray:ReiMu+1"],"picked":"SKIP","floor":24},{"not_picked":["Replay:Sssssssssshield+1","Burning Pact+1"],"picked":"PowerUp","floor":29},{"not_picked":["CeilingFear","Phantasmal Killer"],"picked":"Rage","floor":30}],"player_experience":58638,"relics_obtained":[{"floor":8,"key":"Replay:Mystery Machine"},{"floor":9,"key":"Gambling Chip"},{"floor":10,"key":"Replay:Rubber Ducky"},{"floor":13,"key":"Bronze Scales"},{"floor":22,"key":"Necronomicon"},{"floor":23,"key":"Blue Candle"},{"floor":24,"key":"ZombieArmy"},{"floor":26,"key":"Akabeko"},{"floor":30,"key":"Orichalcum"}],"event_choices":[{"damage_healed":0,"gold_gain":100,"player_choice":"Pray","damage_taken":0,"max_hp_gain":0,"max_hp_loss":0,"event_name":"Golden Shrine","floor":3,"gold_loss":0},{"damage_healed":0,"gold_gain":0,"player_choice":"Success","damage_taken":3,"relics_obtained":["Replay:Bottled Flurry"],"max_hp_gain":0,"max_hp_loss":0,"event_name":"Scrap Ooze","floor":5,"gold_loss":0},{"damage_healed":0,"gold_gain":0,"player_choice":"Obtained Relic","damage_taken":0,"relics_obtained":["White Beast Statue"],"max_hp_gain":0,"max_hp_loss":0,"event_name":"Addict","floor":21,"gold_loss":85},{"damage_healed":0,"gold_gain":0,"player_choice":"Obtained Book","damage_taken":16,"max_hp_gain":0,"max_hp_loss":0,"event_name":"Cursed Tome","floor":22,"gold_loss":0},{"damage_healed":0,"gold_gain":0,"player_choice":"¹ºÂòÉñ¾Æ","damage_taken":0,"relics_obtained":["ZunR:ReiMu"],"max_hp_gain":0,"max_hp_loss":0,"event_name":"ZunEvent","floor":31,"gold_loss":40}],"is_beta":false,"boss_relics":[{"not_picked":["Calling Bell","SacredBark"],"picked":"Coffee Dripper"}],"items_purged_floors":[2,11,14],"is_endless":true,"potions_floor_spawned":[10,18,19,23,24,29,30],"killed_by":"Collector","ascension_level":0}}