{"host":"whe4vf9w0yuhsr02","time":1610560444,"event":{"mods":["Act Like it!","Ascension Reborn","BaseMod","Bestiary","Better Altar","Better Match","Better Note","Better Sensory Stone","Better Skull","Better Third Choice","Colored Map","Dark Map","Hallownest","Hermit","Highlight Path","Hubris","Lobotomy","LobotomyExtend","Minty Spire (QoL Compilation)","Poor People Problems","Quick Restart","Replay The Spire","StSLib","The Animator","The Bug Knight","The Factory","The Judge","The Jungle","The Necromancer","everything is the same but u backflip on backflip","vexMod"],"gold_per_floor":[364,90,108,137,137,154,187,203,229,229,229,242,242,253,253,352,352,362,362,162,162,180,180,22,39,63,100,125,137,149,161,173,281,293,321,333,270,347,120,154,154,166,191,106,121,155,80,111,111,111,111,111,111,33,67,67,67],"floor_reached":56,"language":"ENG","playtime":3377,"items_purged":["hermit:CursedWeapon","hermit:ItchyTrigger","hermit:Strike_Hermit","Hallownest:curseDreamersLament"],"score":811,"play_id":"64fbf2eb-1a5e-4da1-8a04-191a05c8ddb0","local_time":"20210113195404","is_ascension_mode":true,"campfire_choices":[{"data":"ReplayTheSpireMod:Uncanny Aura","floor":11.0,"key":"SMITH"},{"data":"hermit:GoldenBullet","floor":13.0,"key":"SMITH"},{"floor":15.0,"key":"DIG"},{"data":"hermit:Dive","floor":23.0,"key":"SMITH"},{"data":"hermit:Vantage","floor":30.0,"key":"SMITH"},{"data":"Hallownest:pwrSporeShroom","floor":32.0,"key":"SMITH"},{"floor":41.0,"key":"RECALL"},{"data":"hermit:FlashPowder","floor":49.0,"key":"SMITH"},{"data":"Hallownest:skillKingdomsEdgeMap","floor":53.0,"key":"SMITH"}],"circlet_count":0,"master_deck":["hermit:Strike_Hermit","hermit:Strike_Hermit","hermit:Strike_Hermit","hermit:Defend_Hermit","hermit:Defend_Hermit","hermit:Defend_Hermit","hermit:Defend_Hermit+1","hermit:Snapshot+1","hermit:Covet+1","Writhe","hermit:Vantage+1","hermit:CursedWeapon+1","hermit:TrackingShot+1","hermit:FlashPowder+1","Voices","hermit:Dive+1","ReplayTheSpireMod:Uncanny Aura+1","hermit:FromBeyond+1","hermit:HighCaliber+1","hermit:Misfire+1","hermit:Virtue+1","Hallownest:pwrSporeShroom+1","hermit:Enervate+1","hermit:FlashPowder+1","hermit:RoundhouseKick","hermit:Deadeye+1","Hallownest:skillKingdomsEdgeMap+1","hermit:Snipe+1","hermit:Reprieve","hubris:DuctTapeCard"],"relics":["hermit:Momento","LetterFromLob","Pen Nib","Blood Vial","ReplayTheSpireMod:Ring of Exchange","vexMod:HeadHunter","HollowMod:PaleOreRelic","ReplayFunnel","hubris:ScarierMask","MawBank","Juzu Bracelet","vexMod:ImprovementManual","Hallownest:BeastSealRelic","TungstenRod","Garlic","Replay:Towering Pillar of Hats","hubris:DuctTape","The Courier","ReplayTheSpireMod:Lightbulb"],"acts_visited":["Exordium","Hallownest:Greenpath","Hallownest:CityofTears","TheEnding"],"potions_floor_usage":[56,56],"damage_taken":[{"damage":2.0,"enemies":"Hallownest:2_Tiktiks_and_1_Crawlid","floor":1.0,"turns":4.0},{"damage":3.0,"enemies":"Hallownest:2_MossCreeps","floor":3.0,"turns":4.0},{"damage":11.0,"enemies":"Hallownest:eliteVengeflyKing","floor":4.0,"turns":11.0},{"damage":2.0,"enemies":"Hallownest:2_Baldur","floor":6.0,"turns":4.0},{"damage":8.0,"enemies":"Hallownest:eliteMossKnight","floor":7.0,"turns":14.0},{"damage":2.0,"enemies":"Hallownest:monsterAspidMother","floor":8.0,"turns":6.0},{"damage":6.0,"enemies":"Hallownest:monsterFoolEater","floor":12.0,"turns":5.0},{"damage":2.0,"enemies":"Hallownest:Wandering_and_Horned","floor":14.0,"turns":3.0},{"damage":22.0,"enemies":"Hallownest:BossFalseKnight","floor":16.0,"turns":10.0},{"damage":8.0,"enemies":"Hallownest:3_Youths","floor":18.0,"turns":8.0},{"damage":0.0,"enemies":"Hallownest:Guard_and_Sentry","floor":22.0,"turns":3.0},{"damage":2.0,"enemies":"Hallownest:Warrior_and_Youth","floor":25.0,"turns":3.0},{"damage":9.0,"enemies":"Hallownest:eliteSoulWarrior","floor":27.0,"turns":6.0},{"damage":2.0,"enemies":"Hallownest:3_Mistakes","floor":28.0,"turns":4.0},{"damage":44.0,"enemies":"Hallownest:BossSoulMaster","floor":33.0,"turns":14.0},{"damage":2.0,"enemies":"Hallownest:Shield_Heavy","floor":35.0,"turns":2.0},{"damage":15.0,"enemies":"Hallownest:2_Primals","floor":38.0,"turns":3.0},{"damage":18.0,"enemies":"Hallownest:StalkingDevout","floor":40.0,"turns":9.0},{"damage":5.0,"enemies":"Hallownest:2_Littles","floor":42.0,"turns":3.0},{"damage":2.0,"enemies":"Hallownest:2_Soldiers_and_1_Guardian","floor":45.0,"turns":3.0},{"damage":2.0,"enemies":"Hallownest:eliteCollector","floor":46.0,"turns":5.0},{"damage":1.0,"enemies":"Hallownest:StalkingDevout","floor":48.0,"turns":5.0},{"damage":44.0,"enemies":"Hallownest:BossHollowKnight","floor":50.0,"turns":16.0},{"damage":2.0,"enemies":"Shield and Spear","floor":55.0,"turns":4.0},{"damage":92,"enemies":"The Heart","floor":56,"turns":7}],"seed_played":"4494823064410272132","potions_obtained":[{"floor":1.0,"key":"Reflective Coating"},{"floor":3.0,"key":"DuplicationPotion"},{"floor":6.0,"key":"Regen Potion"},{"floor":14.0,"key":"hermit:Tonic"},{"floor":22.0,"key":"SteroidPotion"},{"floor":35.0,"key":"SkillPotion"},{"floor":40.0,"key":"Swift Potion"},{"floor":45.0,"key":"ColorlessPotion"}],"is_trial":false,"path_per_floor":["M","$","M","?","?","M","E","M","T","?","R","M","R","M","R_BF","B",null,"M","?","$","?","M","R","$","M","T","E","M","?","R","$","R","B",null,"M","?","?","?","$","E","R","M","T","?","M","E","?","E","R","B",null,null,"R","$","E","B"],"character_chosen":"HERMIT","items_purchased":["Pen Nib","hermit:CursedWeapon","hermit:FromBeyond+1","hermit:Misfire+1","Death Potion","Flashbang"],"campfire_rested":0,"item_purchase_floors":[2,2,20,24,39,54],"current_hp_per_floor":[73,73,70,59,59,59,53,53,53,53,53,49,49,49,49,43,75,67,67,67,67,69,69,69,69,69,62,62,62,62,62,62,22,75,73,73,73,60,60,46,46,43,43,43,43,45,45,46,46,10,10,75,75,75,73,0,0],"gold":67,"neow_bonus":"TWO_FIFTY_GOLD","is_daily":false,"chose_seed":false,"campfire_upgraded":7,"win_rate":0.0,"timestamp":1610560444,"path_taken":["M","$","M","?","?","M","E","M","T","?","R","M","R","M","R_BF","BOSS","M","?","$","?","M","R","?","M","T","E","M","?","R","$","R","BOSS","M","?","?","?","$","E","R","M","T","?","M","E","?","E","R","BOSS","R","$","E","BOSS"],"items_purchased_type":["Relic","Card","Card","Card","Potion","Potion"],"build_version":"2020-12-22","purchased_purges":4,"victory":false,"max_hp_per_floor":[75,75,75,75,75,75,75,75,75,75,75,75,75,75,75,75,75,75,75,75,75,75,75,75,75,75,75,75,75,75,75,75,75,75,75,75,75,75,75,75,75,75,75,75,75,75,75,75,75,75,75,75,75,75,75,75,75],"card_choices":[{"not_picked":["hermit:ItchyTrigger","hermit:Grudge"],"picked":"hermit:Vantage","floor":1.0},{"not_picked":["hermit:Cheat","hermit:SprayPray"],"picked":"hermit:TrackingShot","floor":3.0},{"not_picked":["hermit:Vantage","hermit:Grudge"],"picked":"hermit:FlashPowder","floor":4.0},{"not_picked":["hermit:CalledShot","hermit:EternalForm"],"picked":"hermit:ItchyTrigger","floor":6.0},{"not_picked":["hermit:CalledShot","hermit:Shortfuse"],"picked":"hermit:GoldenBullet","floor":7.0},{"not_picked":["hermit:Feint","hermit:Cheat"],"picked":"hermit:Dive","floor":8.0},{"not_picked":["Midas Touch","Jack Of All Trades"],"picked":"ReplayTheSpireMod:Uncanny Aura","floor":10.0},{"not_picked":["hermit:Dive","hermit:BodyArmor","hermit:Shortfuse"],"picked":"SKIP","floor":12.0},{"not_picked":["hermit:Quickdraw","hermit:TrackingShot","hermit:Virtue"],"picked":"SKIP","floor":14.0},{"not_picked":["hermit:Dissolve","hermit:Purgatory"],"picked":"hermit:Roughhouse","floor":16.0},{"not_picked":["hermit:Gestalt","hermit:CalledShot","hermit:WideOpen"],"picked":"SKIP","floor":18.0},{"not_picked":["hermit:Glare","hermit:Snipe"],"picked":"hermit:HighCaliber+1","floor":22.0},{"not_picked":["hermit:Vantage","hermit:Misfire","hermit:HighCaliber"],"picked":"SKIP","floor":25.0},{"not_picked":["hermit:Dissolve","hermit:FatalDesire","hermit:FromBeyond"],"picked":"SKIP","floor":27.0},{"not_picked":["hermit:OverwhelmingPower","hermit:Glare","hermit:Determination"],"picked":"SKIP","floor":27.0},{"not_picked":["hermit:Misfire","hermit:TrackingShot"],"picked":"hermit:Virtue+1","floor":28.0},{"not_picked":["hermit:Glare","hermit:Vantage"],"picked":"hermit:Enervate+1","floor":35.0},{"not_picked":["hermit:HighCaliber","hermit:ItchyTrigger+1"],"picked":"hermit:FlashPowder","floor":38.0},{"not_picked":["hermit:Reprieve","hermit:FatalDesire"],"picked":"hermit:RoundhouseKick","floor":40.0},{"not_picked":["hermit:PistolWhip+1","hermit:HeroicBravado","hermit:Misfire+1"],"picked":"SKIP","floor":40.0},{"not_picked":["hermit:LowProfile","hermit:PistolWhip+1"],"picked":"hermit:Deadeye+1","floor":42.0},{"not_picked":["hermit:LowProfile","hermit:Vantage","hermit:HoleUp"],"picked":"SKIP","floor":45.0},{"not_picked":["hermit:LowProfile","hermit:Vantage","hermit:HoleUp"],"picked":"SKIP","floor":45.0},{"not_picked":["hermit:PistolWhip+1","hermit:LowProfile+1"],"picked":"hermit:Snipe+1","floor":46.0},{"not_picked":["hermit:Adapt","hermit:FromBeyond","hermit:FinalCanter"],"picked":"SKIP","floor":46.0},{"not_picked":["hermit:FromBeyond","hermit:EternalForm","hermit:Purgatory"],"picked":"SKIP","floor":48.0},{"not_picked":["hermit:SprayPray+1","hermit:FullyLoaded","hermit:RoundhouseKick"],"picked":"SKIP","floor":48.0},{"not_picked":["hermit:Dive+1","hermit:Midnight+1"],"picked":"hermit:Reprieve","floor":55.0},{"not_picked":["hermit:FromBeyond","hermit:FinalCanter","hermit:Magnum"],"picked":"SKIP","floor":55.0}],"player_experience":482298,"relics_obtained":[{"floor":1.0,"key":"LetterFromLob"},{"floor":4.0,"key":"Blood Vial"},{"floor":5.0,"key":"ReplayTheSpireMod:Ring of Exchange"},{"floor":7.0,"key":"vexMod:HeadHunter"},{"floor":9.0,"key":"HollowMod:PaleOreRelic"},{"floor":15.0,"key":"ReplayFunnel"},{"floor":26.0,"key":"MawBank"},{"floor":27.0,"key":"Juzu Bracelet"},{"floor":38.0,"key":"TungstenRod"},{"floor":40.0,"key":"Garlic"},{"floor":46.0,"key":"Replay:Towering Pillar of Hats"},{"floor":48.0,"key":"The Courier"},{"floor":55.0,"key":"ReplayTheSpireMod:Lightbulb"}],"event_choices":[{"damage_healed":0.0,"max_hp_gain":0.0,"max_hp_loss":0.0,"gold_gain":1.0,"event_name":"betterStone:BetterStone","player_choice":"1","floor":10.0,"gold_loss":0.0,"damage_taken":0.0},{"damage_healed":0.0,"max_hp_gain":0.0,"max_hp_loss":0.0,"gold_gain":0.0,"event_name":"betterMatch:BetterMatch","player_choice":"1","floor":37.0,"gold_loss":0.0,"damage_taken":0.0,"cards_obtained":["betterMatch:ColorlessUncommonCard"]}],"is_beta":false,"boss_relics":[{"not_picked":["vexMod:TanglingVine","OrangePellets"],"picked":"hubris:ScarierMask"},{"not_picked":["hubris:CrackedHourglass","ReplayTheSpireMod:ShopPack"],"picked":"vexMod:ImprovementManual"}],"items_purged_floors":[2,20,24,39],"is_endless":false,"potions_floor_spawned":[1,3,6,14,22,35,40,45],"killed_by":"The Heart","ascension_level":0}}