{"host":"95i1gxnztdrdyvhi","time":1610535096,"event":{"mods":["100% Spire Juice","AchievementEnabler","Act Like it!","BaseMod","Minty Spire (QoL Compilation)","Quick Restart","StSLib"],"gold_per_floor":[119,73,73,73,87,119,119,119,119],"floor_reached":8,"language":"ENG","playtime":273,"items_purged":[],"score":54,"play_id":"759f40a1-5e53-45e5-9837-d05458dc43e5","local_time":"20210113105136","is_ascension_mode":false,"campfire_choices":[{"data":"Moonworks:JonathanRush","floor":7,"key":"SMITH"}],"circlet_count":0,"master_deck":["Moonworks:Strike","Moonworks:Strike","Moonworks:Defend+1","Moonworks:Defend+1","Moonworks:Defend","Moonworks:Defend","Moonworks:Ambush","Moonworks:LongDistanceShot","Moonworks:TreasureThief","Moonworks:JonathanRush+1","Moonworks:AwakeningOfTalent","Moonworks:JonathanRush"],"relics":["Moonworks:BrokenBomb","Moonworks:Homemark","War Paint"],"acts_visited":["Exordium"],"potions_floor_usage":[6],"damage_taken":[{"damage":6,"enemies":"2 Louse","floor":1,"turns":3},{"damage":2,"enemies":"Cultist","floor":5,"turns":4},{"damage":25,"enemies":"Gremlin Nob","floor":6,"turns":4},{"damage":3,"enemies":"3 Sentries","floor":8,"turns":4}],"seed_played":"-5732366037746216281","potions_obtained":[{"floor":1,"key":"AttackPotion"}],"is_trial":false,"path_per_floor":["M","$","?","$","M","E","R","E"],"character_chosen":"THE_STARBREAKER","items_purchased":["Moonworks:JonathanRush"],"campfire_rested":0,"item_purchase_floors":[2],"current_hp_per_floor":[48,48,48,48,46,21,21,18,18],"gold":119,"neow_bonus":"REMOVE_TWO","is_daily":false,"chose_seed":false,"campfire_upgraded":1,"win_rate":0.0,"timestamp":1610535096,"path_taken":["M","$","?","$","M","E","R","E"],"items_purchased_type":["Card"],"build_version":"2020-12-22","purchased_purges":0,"victory":false,"max_hp_per_floor":[54,54,54,54,54,54,54,54,54],"card_choices":[{"not_picked":["Moonworks:Dash","Moonworks:CompletionReward"],"picked":"Moonworks:TreasureThief","floor":1},{"not_picked":["Moonworks:ExtendedPhotonRifle","Moonworks:DeployBits","Moonworks:SakisCookie"],"picked":"SKIP","floor":5},{"not_picked":["Moonworks:SweetBattle","Moonworks:FinalBattle"],"picked":"Moonworks:JonathanRush","floor":6}],"player_experience":643106,"relics_obtained":[{"floor":6,"key":"War Paint"}],"event_choices":[{"damage_healed":0,"gold_gain":0,"player_choice":"1 cards matched","damage_taken":0,"max_hp_gain":0,"max_hp_loss":0,"event_name":"Match and Keep!","floor":3,"gold_loss":0,"cards_obtained":["Moonworks:AwakeningOfTalent"]}],"is_beta":false,"boss_relics":[],"items_purged_floors":[],"is_endless":false,"potions_floor_spawned":[1],"killed_by":"3 Sentries","ascension_level":0}}