{"host":"egwexuw5uvnxf11j","time":1610501363,"event":{"mods":["2.2 Compatiblity","Aspiration","BaseMod","Better Altar","Better Note","Better Sensory Stone","Better Third Choice","Displayed Cursed Tome","Downfall","Hermit","Key Reminder","Koishi","Marisa????????","Minty Spire (QoL Compilation)","Quick Restart","Shade Mod","Spicy Shops","StSLib","The Construct","The Cursed","The Hierophant","The Runesmith","The Senshi","The Servant 0.9.4","Transform Curses"],"gold_per_floor":[117,117,119,123,142,142,154,154,181,181,181,202,234,236,236,311,311,308,133,169,48,48,48,99,99,122,189,189,277,277],"floor_reached":29,"language":"ENG","playtime":1397,"items_purged":[],"score":375,"play_id":"a521c544-7f9d-406a-964d-e735478a21a3","local_time":"20210112202923","is_ascension_mode":true,"campfire_choices":[{"floor":6,"key":"REST"},{"data":"hierophant:Mercenaries","floor":8,"key":"SMITH"},{"data":"hierophant:Embezzle","floor":11,"key":"SMITH"},{"floor":15,"key":"REST"},{"floor":23,"key":"REST"},{"floor":28,"key":"REST"}],"circlet_count":0,"master_deck":["hierophant:Strike_Hierophant","hierophant:Strike_Hierophant","hierophant:Strike_Hierophant","hierophant:Strike_Hierophant","hierophant:Punish","hierophant:Defend_Hierophant","hierophant:Defend_Hierophant","hierophant:Defend_Hierophant","hierophant:Defend_Hierophant","hierophant:ChurchCoffers","hierophant:OrnateBuckler","hierophant:AuricBeam","expansioncontent:Flail","hierophant:EyeForCoin","hierophant:Doubloon","hierophant:OrnateBuckler","hierophant:Mercenaries+1","hierophant:Embezzle+1","hierophant:Doubloon","hierophant:Encroach","hierophant:Doubloon+1","hierophant:Glossolalia","hierophant:Doubloon","hierophant:Embezzle","hierophant:Doubloon","hierophant:Doubloon","hierophant:Generosity","hierophant:Doubloon+1","hierophant:FlamingChariot","hierophant:Smite","hierophant:CoinFling","hierophant:Doubloon","hierophant:Sermon+1","hierophant:Purify"],"relics":["hierophant:PropheticMaskRelic","Singing Bowl","Omamori","WarpedTongs","Smiling Mask","keyreminder:keyreminder","aspiration:PoetsPen_weak","aspiration:ChemicalBlood","Blue Candle","theSenshi:SuperSailorFukuRelic","Juzu Bracelet","Bag of Marbles"],"acts_visited":["TheCity"],"potions_floor_usage":[7,14,24,27,29,29],"damage_taken":[{"damage":7,"enemies":"Jaw Worm","floor":1,"turns":4},{"damage":4,"enemies":"Small Slimes","floor":3,"turns":3},{"damage":11,"enemies":"Cultist","floor":4,"turns":5},{"damage":0,"enemies":"3 Louse","floor":5,"turns":3},{"damage":4,"enemies":"Gremlin Nob","floor":7,"turns":3},{"damage":6,"enemies":"Lots of Slimes","floor":12,"turns":3},{"damage":5,"enemies":"Red Slaver","floor":13,"turns":3},{"damage":24,"enemies":"Lagavulin","floor":14,"turns":4},{"damage":16,"enemies":"The Guardian","floor":16,"turns":8},{"damage":14,"enemies":"2 Thieves","floor":18,"turns":3},{"damage":7,"enemies":"Chosen","floor":20,"turns":2},{"damage":35,"enemies":"Gremlin Leader","floor":24,"turns":5},{"damage":23,"enemies":"Book of Stabbing","floor":27,"turns":4},{"damage":45,"enemies":"Slavers","floor":29,"turns":3}],"seed_played":"5044353382443593172","potions_obtained":[{"floor":3,"key":"SkillPotion"},{"floor":4,"key":"champ:CounterPotion"},{"floor":5,"key":"Ancient Potion"},{"floor":12,"key":"SteroidPotion"},{"floor":20,"key":"construct:ShiftPotion"},{"floor":27,"key":"Slimebound:ThreeZeroPotion"},{"floor":29,"key":"SkillPotion"},{"floor":29,"key":"PowerPotion"}],"is_trial":false,"path_per_floor":["M","?","M","M","M","R","E","R","T","?","R","M","M","E","R","B",null,"M","$","M","$","?","R","E","$","T","E","R","E"],"character_chosen":"HIEROPHANT","items_purchased":["hierophant:Smite","aspiration:ChemicalBlood","hierophant:CoinFling"],"campfire_rested":4,"item_purchase_floors":[19,19,21],"current_hp_per_floor":[68,68,64,53,53,75,71,71,71,71,71,65,60,36,58,42,75,61,61,56,56,56,77,42,42,42,19,42,0,0],"gold":277,"neow_bonus":"THREE_CARDS","is_daily":false,"chose_seed":false,"campfire_upgraded":2,"win_rate":0.0,"timestamp":1610501363,"path_taken":["M","?","M","M","?","R","E","R","T","?","R","?","M","E","R","BOSS","M","$","?","?","?","R","E","?","T","E","R","E"],"items_purchased_type":["Card","Relic","Card"],"build_version":"2020-12-22","purchased_purges":0,"victory":false,"max_hp_per_floor":[75,75,75,75,75,75,75,75,75,75,75,75,75,75,75,75,75,75,75,77,77,77,77,77,77,77,77,77,77,77],"card_choices":[{"not_picked":["hierophant:Bribe","hierophant:MorningPrayer"],"picked":"hierophant:OrnateBuckler","floor":0},{"not_picked":["hierophant:Rebuild","hierophant:Prophecy"],"picked":"hierophant:AuricBeam","floor":1},{"not_picked":["Discovery","Violence"],"picked":"expansioncontent:Flail","floor":2},{"not_picked":["hierophant:Purify","hierophant:Repentance"],"picked":"hierophant:EyeForCoin","floor":3},{"not_picked":["hierophant:Bribe","hierophant:DisplayOfPower"],"picked":"hierophant:OrnateBuckler","floor":4},{"not_picked":["hierophant:MorningPrayer","hierophant:Invocation"],"picked":"hierophant:Mercenaries","floor":5},{"not_picked":["hierophant:AuricBeam","hierophant:FieryStrike"],"picked":"hierophant:Embezzle","floor":7},{"not_picked":["hierophant:Zeal","hierophant:OrnateBuckler"],"picked":"hierophant:Encroach","floor":12},{"not_picked":["hierophant:FieryStrike","hierophant:RepressedViolence"],"picked":"hierophant:Glossolalia","floor":13},{"not_picked":["hierophant:ThreeLashes","hierophant:MorningPrayer"],"picked":"hierophant:Embezzle","floor":14},{"not_picked":["hierophant:DivineIntervention","hierophant:LocustPlague"],"picked":"hierophant:Generosity","floor":16},{"not_picked":["hierophant:RepressedViolence+1","hierophant:Rebuild+1"],"picked":"hierophant:FlamingChariot","floor":18},{"not_picked":["hierophant:Glossolalia","hierophant:Shelter","hierophant:FaithHealing+1"],"picked":"Singing Bowl","floor":20},{"not_picked":["hierophant:MirrorShield","hierophant:AuricBeam"],"picked":"hierophant:Sermon+1","floor":24},{"not_picked":["hierophant:CoinFling","hierophant:TollTheBells+1"],"picked":"hierophant:Purify","floor":27}],"player_experience":2218773,"relics_obtained":[{"floor":7,"key":"Singing Bowl"},{"floor":9,"key":"Omamori"},{"floor":14,"key":"Smiling Mask"},{"floor":24,"key":"theSenshi:SuperSailorFukuRelic"},{"floor":26,"key":"Juzu Bracelet"},{"floor":27,"key":"Bag of Marbles"}],"event_choices":[{"damage_healed":0,"gold_gain":1,"player_choice":"1","damage_taken":0,"max_hp_gain":0,"max_hp_loss":0,"event_name":"betterStone:BetterStone","floor":2,"gold_loss":0},{"damage_healed":0,"gold_gain":0,"player_choice":"Rummage","damage_taken":0,"relics_obtained":["WarpedTongs"],"max_hp_gain":0,"max_hp_loss":0,"event_name":"Accursed Blacksmith","floor":10,"gold_loss":0,"cards_obtained":["Pain"]},{"damage_healed":0,"gold_gain":0,"player_choice":"Stole Relic","damage_taken":0,"relics_obtained":["Blue Candle"],"max_hp_gain":0,"max_hp_loss":0,"event_name":"Addict","floor":22,"gold_loss":0,"cards_obtained":["Shame"]}],"is_beta":false,"boss_relics":[{"not_picked":["Philosopher\u0027s Stone","Sozu"],"picked":"aspiration:PoetsPen_weak"}],"items_purged_floors":[],"is_endless":false,"potions_floor_spawned":[3,4,5,12,20,27],"killed_by":"Slavers","ascension_level":4}}