{"host":"91ruqvp7hiryodqd","time":1610557123,"event":{"mods":["AchievementEnabler","BaseMod","Colored Map","Colored Powertips","Filter the Spire","Minty Spire (QoL Compilation)","Relic Stats","StSLib"],"gold_per_floor":[109,126,140,90,90,90,124,49,75,96,96,131,131,155,155,274,274,295,195,216,235,235,235],"floor_reached":22,"language":"ENG","playtime":1061,"items_purged":["Study+1","Defend_P"],"score":196,"play_id":"55346d34-8e85-424a-8978-d9cff4ea067c","local_time":"20210113235843","is_ascension_mode":false,"campfire_choices":[{"data":"Eruption","floor":6,"key":"SMITH"},{"data":"Vigilance","floor":11,"key":"SMITH"},{"floor":15,"key":"REST"}],"circlet_count":0,"master_deck":["Strike_P","Strike_P","Defend_P","Eruption+1","Vigilance+1","Vengeance+1","FlurryOfBlows+1","Sanctity","EmptyBody","Indignation","EmptyBody","ClearTheMind","CurseOfTheBell","Consecrate","FlurryOfBlows"],"relics":["Astrolabe","Golden Idol","Bronze Scales","Art of War","Nunchaku","Calling Bell","Happy Flower","Darkstone Periapt","Shovel"],"acts_visited":["Exordium","TheCity"],"potions_floor_usage":[7,12,16,16],"damage_taken":[{"damage":0,"enemies":"Cultist","floor":1,"turns":2},{"damage":7,"enemies":"2 Louse","floor":2,"turns":3},{"damage":0,"enemies":"Small Slimes","floor":3,"turns":2},{"damage":10,"enemies":"3 Sentries","floor":7,"turns":6},{"damage":4,"enemies":"Blue Slaver","floor":10,"turns":2},{"damage":23,"enemies":"Lagavulin","floor":12,"turns":6},{"damage":5,"enemies":"Large Slime","floor":14,"turns":3},{"damage":4,"enemies":"The Guardian","floor":16,"turns":8},{"damage":9,"enemies":"Chosen","floor":18,"turns":5},{"damage":10,"enemies":"2 Thieves","floor":20,"turns":4},{"damage":30,"enemies":"Cultist and Chosen","floor":21,"turns":6},{"damage":29,"enemies":"Centurion and Healer","floor":22,"turns":2}],"seed_played":"-4980864324360701447","potions_obtained":[{"floor":2,"key":"DuplicationPotion"},{"floor":3,"key":"Swift Potion"},{"floor":10,"key":"Strength Potion"},{"floor":13,"key":"Energy Potion"},{"floor":13,"key":"ColorlessPotion"},{"floor":13,"key":"BlessingOfTheForge"},{"floor":20,"key":"BlessingOfTheForge"},{"floor":21,"key":"Strength Potion"}],"is_trial":false,"path_per_floor":["M","M","M","?","?","R","E","$","T","M","R","E","?","M","R","B",null,"M","$","M","M","M"],"character_chosen":"WATCHER","items_purchased":[],"campfire_rested":1,"item_purchase_floors":[],"current_hp_per_floor":[72,65,65,65,47,47,37,37,37,33,33,10,10,5,26,22,72,63,63,53,23,0,0],"gold":235,"neow_bonus":"BOSS_RELIC","is_daily":false,"chose_seed":false,"campfire_upgraded":2,"win_rate":0.0,"timestamp":1610557123,"path_taken":["M","M","?","?","?","R","E","$","T","M","R","E","?","?","R","BOSS","M","$","M","M","M"],"items_purchased_type":[],"build_version":"2020-12-22","purchased_purges":2,"victory":false,"max_hp_per_floor":[72,72,72,72,72,72,72,72,72,72,72,72,72,72,72,72,72,72,72,72,72,72,72],"relic_stats":{"Darkstone Periapt":0,"Nunchaku":[5],"Shovel":0,"Happy Flower":[5],"counters":[12,49],"Golden Idol":59,"Astrolabe":["Study","Vengeance","FlurryOfBlows"],"Bronze Scales":[87],"Art of War":[6],"obtain_stats":[{"Calling Bell":17,"Darkstone Periapt":17,"Nunchaku":12,"Shovel":17,"Happy Flower":17,"Golden Idol":5,"Astrolabe":0,"Bronze Scales":7,"Art of War":9,"PureWater":0},{"Calling Bell":8,"Darkstone Periapt":8,"Nunchaku":6,"Shovel":8,"Happy Flower":8,"Golden Idol":3,"Astrolabe":0,"Bronze Scales":4,"Art of War":4,"PureWater":0},{"Calling Bell":32,"Darkstone Periapt":32,"Nunchaku":21,"Shovel":32,"Happy Flower":32,"Golden Idol":7,"Astrolabe":0,"Bronze Scales":13,"Art of War":13,"PureWater":0}]},"card_choices":[{"not_picked":["ThirdEye","Evaluate"],"picked":"Sanctity","floor":1},{"not_picked":["EmptyMind","Sanctity"],"picked":"EmptyBody","floor":2},{"not_picked":["SignatureMove","ReachHeaven"],"picked":"Indignation","floor":3},{"not_picked":["WreathOfFlame","Prostrate","FlyingSleeves"],"picked":"SKIP","floor":7},{"not_picked":["ReachHeaven","Wallop"],"picked":"EmptyBody","floor":10},{"not_picked":["Vengeance","FlyingSleeves"],"picked":"ClearTheMind","floor":12},{"not_picked":["Swivel","Protect","Pray"],"picked":"SKIP","floor":14},{"not_picked":["EmptyBody","CarveReality"],"picked":"Consecrate","floor":18},{"not_picked":["Consecrate","Worship","FlyingSleeves"],"picked":"SKIP","floor":20},{"not_picked":["EmptyBody","WheelKick+1"],"picked":"FlurryOfBlows","floor":21}],"player_experience":36529,"relics_obtained":[{"floor":7,"key":"Bronze Scales"},{"floor":9,"key":"Art of War"},{"floor":12,"key":"Nunchaku"},{"floor":17,"key":"Happy Flower"},{"floor":17,"key":"Darkstone Periapt"},{"floor":17,"key":"Shovel"}],"event_choices":[{"cards_removed":["Defend_P"],"damage_healed":0,"gold_gain":0,"player_choice":"Card Removal","damage_taken":0,"max_hp_gain":0,"max_hp_loss":0,"event_name":"The Cleric","floor":4,"gold_loss":50},{"damage_healed":0,"gold_gain":0,"player_choice":"Take Damage","damage_taken":18,"relics_obtained":["Golden Idol"],"max_hp_gain":0,"max_hp_loss":0,"event_name":"Golden Idol","floor":5,"gold_loss":0},{"damage_healed":0,"gold_gain":0,"player_choice":"Got Potions","damage_taken":0,"max_hp_gain":0,"max_hp_loss":0,"event_name":"Lab","floor":13,"gold_loss":0}],"is_beta":false,"boss_relics":[{"not_picked":["Ectoplasm","Busted Crown"],"picked":"Calling Bell"}],"items_purged_floors":[8,19],"is_endless":false,"potions_floor_spawned":[2,3,10,14,20,21],"killed_by":"Centurion and Healer","ascension_level":0}}