{"host":"cvjufw5k2cirmttm","time":1610549394,"event":{"mods":["AchievementEnabler","BaseMod","Colored Map","Colored Powertips","Minty Spire (QoL Compilation)"],"gold_per_floor":[113,113,37,49,67,101,101,111,111,127,127,157,49,83,83,181,181,201,116,116,116,136,165,175,193,217,231,231,231,249,249,249,249,249],"floor_reached":33,"language":"RUS","playtime":2772,"items_purged":[],"score":337,"play_id":"cd20a427-0bc7-4391-8ec1-3bcf904632b2","local_time":"20210113174954","is_ascension_mode":false,"campfire_choices":[{"floor":7,"key":"REST"},{"floor":15,"key":"REST"},{"floor":28,"key":"REST"},{"floor":32,"key":"REST"}],"circlet_count":0,"master_deck":["Strike_P","Strike_P","Strike_P","Strike_P","Defend_P","Defend_P","Defend_P","Defend_P","Eruption","Vigilance","Vault+1","Prostrate","BowlingBash","Study","EmptyMind+1","WheelKick","Adaptation","Prostrate","Halt","Worship","Collect","Scrawl","CutThroughFate+1","Prostrate+1","PathToVictory+1","PathToVictory+1","Writhe","Prostrate+1"],"relics":["PureWater","War Paint","Meat on the Bone","FossilizedHelix","Pantograph","SacredBark","Prayer Wheel","MutagenicStrength","Mercury Hourglass","Potion Belt","Pen Nib"],"acts_visited":["Exordium","TheCity"],"potions_floor_usage":[12,14,14,16,18,23],"damage_taken":[{"damage":6,"enemies":"Jaw Worm","floor":1,"turns":4},{"damage":2,"enemies":"Cultist","floor":4,"turns":4},{"damage":0,"enemies":"2 Louse","floor":5,"turns":3},{"damage":31,"enemies":"3 Sentries","floor":6,"turns":8},{"damage":5,"enemies":"Exordium Wildlife","floor":8,"turns":4},{"damage":2,"enemies":"2 Fungi Beasts","floor":10,"turns":4},{"damage":36,"enemies":"Lagavulin","floor":12,"turns":7},{"damage":24,"enemies":"Gremlin Nob","floor":14,"turns":4},{"damage":10,"enemies":"Slime Boss","floor":16,"turns":9},{"damage":16,"enemies":"2 Thieves","floor":18,"turns":5},{"damage":40,"enemies":"Chosen","floor":22,"turns":7},{"damage":0,"enemies":"Gremlin Leader","floor":23,"turns":6},{"damage":21,"enemies":"3 Cultists","floor":24,"turns":5},{"damage":10,"enemies":"Centurion and Healer","floor":25,"turns":7},{"damage":19,"enemies":"Snake Plant","floor":27,"turns":3},{"damage":10,"enemies":"Cultist and Chosen","floor":30,"turns":6},{"damage":98,"enemies":"Automaton","floor":33,"turns":7}],"seed_played":"-6723354894890799803","potions_obtained":[{"floor":8,"key":"GamblersBrew"},{"floor":10,"key":"Energy Potion"},{"floor":12,"key":"Energy Potion"},{"floor":14,"key":"DistilledChaos"},{"floor":16,"key":"StancePotion"},{"floor":22,"key":"Explosive Potion"}],"is_trial":false,"path_per_floor":["M","?","$","M","M","E","R","M","T","M","?","E","$","E","R","B",null,"M","?","?","$","M","E","M","M","T","M","R","?","M","?","R","B"],"character_chosen":"WATCHER","items_purchased":["Study","Worship","Collect"],"campfire_rested":4,"item_purchase_floors":[3,13,13],"current_hp_per_floor":[66,66,66,64,64,33,54,49,49,47,52,28,28,16,39,54,77,61,61,61,61,33,45,36,38,38,31,54,54,44,44,67,0,0],"gold":249,"neow_bonus":"ONE_RANDOM_RARE_CARD","is_daily":false,"chose_seed":false,"campfire_upgraded":0,"win_rate":0.0,"timestamp":1610549394,"path_taken":["M","?","$","M","M","E","R","M","T","?","?","E","$","E","R","BOSS","M","?","?","?","M","E","M","M","T","?","R","?","M","?","R","BOSS"],"items_purchased_type":["Card","Card","Card"],"build_version":"2020-12-22","purchased_purges":0,"victory":false,"max_hp_per_floor":[72,72,72,72,72,72,72,72,72,72,77,77,77,77,77,77,77,77,77,77,77,77,77,77,77,77,77,77,77,77,77,77,77,77],"card_choices":[{"not_picked":["PathToVictory","Consecrate"],"picked":"Prostrate","floor":1},{"not_picked":["FlurryOfBlows","ClearTheMind"],"picked":"EmptyMind","floor":4},{"not_picked":["SignatureMove","Omniscience"],"picked":"WheelKick","floor":5},{"not_picked":["FearNoEvil","FollowUp"],"picked":"Adaptation","floor":6},{"not_picked":["EmptyBody","CutThroughFate"],"picked":"Prostrate","floor":8},{"not_picked":["FlyingSleeves","Consecrate"],"picked":"Halt","floor":10},{"not_picked":["CutThroughFate","Crescendo","Consecrate"],"picked":"SKIP","floor":12},{"not_picked":["Halt","Indignation","FearNoEvil"],"picked":"SKIP","floor":14},{"not_picked":["Judgement","Vault"],"picked":"Scrawl","floor":16},{"not_picked":["Protect","JustLucky"],"picked":"CutThroughFate+1","floor":18},{"not_picked":["PathToVictory","JustLucky"],"picked":"Prostrate+1","floor":22},{"not_picked":["SashWhip","JustLucky","Meditate"],"picked":"SKIP","floor":22},{"not_picked":["FlurryOfBlows","Weave","CrushJoints"],"picked":"SKIP","floor":23},{"not_picked":["BowlingBash","InnerPeace+1"],"picked":"PathToVictory+1","floor":24},{"not_picked":["JustLucky+1","SashWhip+1","FlyingSleeves"],"picked":"SKIP","floor":24},{"not_picked":["JustLucky","Swivel","Protect"],"picked":"SKIP","floor":25},{"not_picked":["Consecrate","Tantrum+1","Crescendo"],"picked":"SKIP","floor":25},{"not_picked":["ThirdEye","Consecrate"],"picked":"PathToVictory+1","floor":27},{"not_picked":["Indignation","Perseverance","ReachHeaven"],"picked":"SKIP","floor":27},{"not_picked":["Crescendo","JustLucky+1","FlyingSleeves"],"picked":"SKIP","floor":30},{"not_picked":["Evaluate+1","ReachHeaven+1","Judgement"],"picked":"SKIP","floor":30}],"player_experience":82625,"relics_obtained":[{"floor":6,"key":"War Paint"},{"floor":9,"key":"Meat on the Bone"},{"floor":12,"key":"FossilizedHelix"},{"floor":14,"key":"Pantograph"},{"floor":23,"key":"Mercury Hourglass"},{"floor":26,"key":"Potion Belt"}],"event_choices":[{"damage_healed":0,"gold_gain":0,"player_choice":"1 cards matched","damage_taken":0,"max_hp_gain":0,"max_hp_loss":0,"event_name":"Match and Keep!","floor":2,"gold_loss":0,"cards_obtained":["BowlingBash"]},{"damage_healed":0,"gold_gain":0,"player_choice":"Donut","damage_taken":0,"max_hp_gain":5,"max_hp_loss":0,"event_name":"Big Fish","floor":11,"gold_loss":0},{"damage_healed":0,"gold_gain":0,"player_choice":"Obtained Relic","damage_taken":0,"relics_obtained":["Prayer Wheel"],"max_hp_gain":0,"max_hp_loss":0,"event_name":"Addict","floor":19,"gold_loss":85},{"damage_healed":0,"gold_gain":0,"player_choice":"Inject Mutagens","damage_taken":0,"relics_obtained":["MutagenicStrength"],"max_hp_gain":0,"max_hp_loss":0,"event_name":"Drug Dealer","floor":20,"gold_loss":0},{"damage_healed":0,"gold_gain":0,"player_choice":"Opened","damage_taken":0,"relics_obtained":["Pen Nib"],"max_hp_gain":0,"max_hp_loss":0,"event_name":"The Mausoleum","floor":29,"gold_loss":0,"cards_obtained":["Writhe"]},{"damage_healed":0,"gold_gain":0,"player_choice":"Copied","damage_taken":0,"max_hp_gain":0,"max_hp_loss":0,"event_name":"Duplicator","floor":31,"gold_loss":0,"cards_obtained":["Prostrate"]}],"is_beta":false,"boss_relics":[{"not_picked":["Cursed Key","Snecko Eye"],"picked":"SacredBark"}],"items_purged_floors":[],"is_endless":false,"potions_floor_spawned":[8,10,12,14,16,22],"killed_by":"Automaton","ascension_level":0}}