{"host":"ds3v42j7tpaaz1mg","time":1610518166,"event":{"mods":["AchievementEnabler","Aspiration","BaseMod","Bestiary","Better Altar","Better Note","Better Sensory Stone","BetterRewards","Block Reminder","Colored Powertips","Conspire","Downfall","Energized Spire","Halation","Hermit","Highlight Path","Hubris","Infinite Spire","Jorbs\u0027s Wanderer Trilogy","Minty Spire (QoL Compilation)","Relic Stats","Replay The Spire","StSLib","The Elementalist","The Servant 0.9.4","vexMod"],"gold_per_floor":[119,129,129,144,159,159,177,208,208,224,224,224,257,31,31,129,129,140,140,140,156,156,156,156,176,223,223,223],"floor_reached":27,"language":"ENG","playtime":736,"items_purged":["Heavy Blade","Strike_R"],"score":309,"play_id":"ce3bb592-5da5-491b-bbee-cafd8861be7c","local_time":"20210113010926","is_ascension_mode":true,"campfire_choices":[{"data":"Run Through","floor":6,"key":"SMITH"},{"floor":12,"key":"REST"},{"data":"Clothesline","floor":23,"key":"SMITH"}],"circlet_count":0,"master_deck":["Strike_R","Strike_R","Strike_R","Strike_R","Defend_R","Defend_R","Defend_R","Defend_R","Bash+1","Run Through+1","Flame Barrier","Shrug It Off+1","Hemokinesis","Reaper","infinitespire:Collect","Clothesline+1"],"relics":["Burning Blood","NeowsBlessing","NlothsMask","halation:TwoAmDonut","Ring of Searing","hubris:64BitClover","Vajra","Snecko Eye","infinitespire:CheckeredPen","hubris:BottledHeart","Bronze Scales"],"acts_visited":["Exordium","TheCity"],"potions_floor_usage":[8,13,16,18],"damage_taken":[{"damage":0,"enemies":"Jaw Worm","floor":1,"turns":1},{"damage":0,"enemies":"conspire:RoseBush","floor":2,"turns":1},{"damage":0,"enemies":"2 Louse","floor":4,"turns":1},{"damage":8,"enemies":"Looter","floor":5,"turns":5},{"damage":11,"enemies":"Blue Slaver","floor":7,"turns":4},{"damage":46,"enemies":"Gremlin Nob","floor":8,"turns":5},{"damage":6,"enemies":"Large Slime","floor":10,"turns":7},{"damage":31,"enemies":"conspire:MimicChest","floor":13,"turns":5},{"damage":54,"enemies":"The Guardian","floor":16,"turns":11},{"damage":27,"enemies":"conspire:FuzzyDice","floor":18,"turns":6},{"damage":4,"enemies":"Shell Parasite","floor":21,"turns":2},{"damage":0,"enemies":"Chosen and Byrds","floor":25,"turns":3},{"damage":6,"enemies":"Replay:Snechameleon","floor":27,"turns":3}],"seed_played":"-1467075196237431908","potions_obtained":[{"floor":2,"key":"LifebloodPotion"},{"floor":8,"key":"Dexterity Potion"},{"floor":13,"key":"FearPotion"},{"floor":16,"key":"Block Potion"}],"is_trial":false,"path_per_floor":["M","M","?","M","M","R","M","E","T","M","?","R","?","$","R","B",null,"M","AVR","?","M","?","R","?","M","T","E"],"character_chosen":"IRONCLAD","items_purchased":["Vajra"],"campfire_rested":1,"item_purchase_floors":[14],"current_hp_per_floor":[78,80,80,80,78,78,73,33,33,33,33,57,32,32,56,8,62,51,51,51,53,1,1,1,1,1,0,0],"gold":223,"neow_bonus":"THREE_ENEMY_KILL","is_daily":false,"chose_seed":false,"campfire_upgraded":2,"win_rate":0.0,"timestamp":1610518166,"path_taken":["M","M","?","?","M","R","M","E","T","M","?","R","?","$","R","BOSS","M","AVR","?","?","?","R","?","M","T","E"],"items_purchased_type":["Relic"],"build_version":"2020-12-22","purchased_purges":2,"victory":false,"max_hp_per_floor":[80,80,80,80,80,80,80,80,80,80,80,80,80,80,80,80,80,80,80,80,80,1,1,1,1,1,1,1],"relic_stats":{"counters":[13,54],"Bronze Scales":[18],"Snecko Eye":[26,19,33,27],"obtain_stats":[{"NeowsBlessing":0,"hubris:64BitClover":13,"hubris:BottledHeart":22,"Bronze Scales":26,"Vajra":14,"Snecko Eye":17,"halation:TwoAmDonut":8,"infinitespire:CheckeredPen":19,"Burning Blood":0,"NlothsMask":3,"Ring of Searing":11},{"NeowsBlessing":0,"hubris:64BitClover":8,"hubris:BottledHeart":11,"Bronze Scales":12,"Vajra":8,"Snecko Eye":9,"halation:TwoAmDonut":6,"infinitespire:CheckeredPen":10,"Burning Blood":0,"NlothsMask":2,"Ring of Searing":7},{"NeowsBlessing":0,"hubris:64BitClover":29,"hubris:BottledHeart":48,"Bronze Scales":51,"Vajra":29,"Snecko Eye":40,"halation:TwoAmDonut":17,"infinitespire:CheckeredPen":46,"Burning Blood":0,"NlothsMask":2,"Ring of Searing":24}],"Burning Blood":56},"card_choices":[{"not_picked":["Rupture","Power Through"],"picked":"Run Through","floor":1},{"not_picked":["Iron Wave","Pommel Strike"],"picked":"Flame Barrier","floor":2},{"not_picked":["Headbutt","True Grit"],"picked":"Shrug It Off","floor":4},{"not_picked":["Defy Death","Fiend Fire"],"picked":"Heavy Blade","floor":5},{"not_picked":["Sever Soul","Twin Strike","Iron Wave"],"picked":"SKIP","floor":7},{"not_picked":["True Grit","Cleave"],"picked":"Hemokinesis","floor":8},{"not_picked":["Headbutt","infinitespire:OneForAll","Rage"],"picked":"SKIP","floor":10},{"not_picked":["conspire:Charge","ReplayTheSpireMod:Stacked"],"picked":"ReplayTheSpireMod:Strike From Hell","floor":13},{"not_picked":["Corruption","Exhume"],"picked":"Reaper","floor":16},{"not_picked":["Heavy Blade","Anger","hubris:ReadiedAction"],"picked":"SKIP","floor":18},{"not_picked":["Wild Strike","Anger+1"],"picked":"Clothesline","floor":21},{"not_picked":["Run Through","Pummel","True Grit"],"picked":"SKIP","floor":25}],"player_experience":616974,"relics_obtained":[{"floor":8,"key":"halation:TwoAmDonut"},{"floor":11,"key":"Ring of Searing"},{"floor":13,"key":"hubris:64BitClover"},{"floor":26,"key":"Bronze Scales"}],"event_choices":[{"damage_healed":0,"gold_gain":0,"player_choice":"Trade","damage_taken":0,"relics_obtained":["NlothsMask"],"max_hp_gain":0,"max_hp_loss":0,"event_name":"FaceTrader","floor":3,"gold_loss":0},{"cards_removed":["ReplayTheSpireMod:Strike From Hell"],"damage_healed":0,"gold_gain":0,"player_choice":"Purged","damage_taken":0,"max_hp_gain":0,"max_hp_loss":0,"event_name":"Purifier","floor":20,"gold_loss":0},{"damage_healed":0,"gold_gain":0,"player_choice":"Upgraded","damage_taken":0,"max_hp_gain":0,"max_hp_loss":0,"event_name":"Upgrade Shrine","floor":24,"gold_loss":0,"cards_upgraded":["Bash"]}],"is_beta":false,"boss_relics":[{"not_picked":["expansioncontent:StudyCardRelic","Ectoplasm"],"picked":"Snecko Eye"}],"items_purged_floors":[14,19],"is_endless":false,"potions_floor_spawned":[2,8,13,16],"killed_by":"Replay:Snechameleon","ascension_level":9}}