{"host":"uxq2rly8rxtwffuf","time":1610534571,"event":{"mods":["BaseMod","Koishi","Minty Spire (QoL Compilation)","StSLib","The Servant 0.9.4"],"gold_per_floor":[17,17,37,49,59,59,79,79,130,143,143,153,171,190,190,264,264,279,290,19,19,38,38,51,64,64,64,76,76,76,76],"floor_reached":30,"language":"ENG","playtime":1872,"items_purged":[],"score":449,"play_id":"705e2e11-cd4a-430c-8ec8-de8d41e5ff29","local_time":"20210113134251","is_ascension_mode":true,"campfire_choices":[{"floor":6,"key":"REST"},{"floor":11,"key":"REST"},{"floor":15,"key":"REST"},{"data":"SilverBlades","floor":23,"key":"SMITH"},{"floor":27,"key":"REST"},{"floor":29,"key":"REST"}],"circlet_count":0,"master_deck":["AscendersBane","Strike_S","Strike_S+1","Strike_S","Defend_S+1","Defend_S","Defend_S+1","Defend_S","KidneyShot","Exchange","SilverBlades+1","DualDimension","DancingSilver+1","Ricochet","Defy","Moondial","Misdirection","Misdirection","Orbit","SilverMatrix","SpecialFormula","Contraction","Alleviate","BottledTime"],"relics":["Uniform","WingedGreaves","Bag of Marbles","SlaversCollar","Pantograph","War Paint"],"acts_visited":["Exordium","TheCity"],"potions_floor_usage":[5,12,16,22,24,30],"damage_taken":[{"damage":1,"enemies":"2 Louse","floor":1,"turns":2},{"damage":3,"enemies":"Cultist","floor":3,"turns":6},{"damage":2,"enemies":"Jaw Worm","floor":4,"turns":5},{"damage":33,"enemies":"Gremlin Gang","floor":5,"turns":4},{"damage":7,"enemies":"Large Slime","floor":7,"turns":4},{"damage":4,"enemies":"Red Slaver","floor":10,"turns":4},{"damage":0,"enemies":"Looter","floor":12,"turns":2},{"damage":0,"enemies":"Lots of Slimes","floor":13,"turns":3},{"damage":1,"enemies":"Exordium Wildlife","floor":14,"turns":6},{"damage":10,"enemies":"Hexaghost","floor":16,"turns":9},{"damage":10,"enemies":"Spheric Guardian","floor":18,"turns":5},{"damage":0,"enemies":"Shell Parasite","floor":19,"turns":5},{"damage":9,"enemies":"Snecko","floor":22,"turns":10},{"damage":13,"enemies":"Centurion and Healer","floor":24,"turns":5},{"damage":16,"enemies":"Snake Plant","floor":25,"turns":6},{"damage":28,"enemies":"Snecko","floor":28,"turns":8},{"damage":32,"enemies":"Shelled Parasite and Fungi","floor":30,"turns":4}],"seed_played":"-9128424560625945482","potions_obtained":[{"floor":1,"key":"Strength Potion"},{"floor":4,"key":"Dexterity Potion"},{"floor":7,"key":"Energy Potion"},{"floor":13,"key":"Dexterity Potion"},{"floor":19,"key":"Weak Potion"},{"floor":28,"key":"Strength Potion"}],"is_trial":false,"path_per_floor":["M","?","M","M","M","R","M","?","T","M","R","M","M","M","R","B",null,"M","M","$","?","M","R","M","M","T","R","M","R","M"],"character_chosen":"THE_SERVANT","items_purchased":["Pantograph"],"campfire_rested":5,"item_purchase_floors":[20],"current_hp_per_floor":[53,53,50,48,15,33,26,8,8,4,22,22,22,21,39,29,52,42,42,42,42,33,33,25,14,14,32,9,27,0,0],"gold":76,"neow_bonus":"ONE_RARE_RELIC","is_daily":false,"chose_seed":false,"campfire_upgraded":1,"win_rate":0.0,"timestamp":1610534571,"path_taken":["M","?","M","?","M","R","M","?","T","M","R","M","M","M","R","BOSS","M","M","$","?","M","R","M","M","T","R","M","R","?"],"items_purchased_type":["Relic"],"build_version":"2020-12-22","purchased_purges":0,"victory":false,"max_hp_per_floor":[60,60,60,60,60,60,60,60,60,60,60,60,60,60,60,60,60,60,60,60,60,60,60,60,60,60,60,60,60,60,60],"card_choices":[{"not_picked":["ShiftingGears","Alleviate"],"picked":"SilverBlades","floor":1},{"not_picked":["TimeWarp","WasteNot"],"picked":"DancingSilver","floor":3},{"not_picked":["Defy","ShiftingGears"],"picked":"Ricochet","floor":4},{"not_picked":["DualDimension","Ricochet"],"picked":"Defy","floor":5},{"not_picked":["DoubleEdge","Ricochet"],"picked":"Moondial","floor":7},{"not_picked":["DoubleEdge","ShatteredReality"],"picked":"Misdirection","floor":10},{"not_picked":["WasteNot","MoonPhase","Alleviate"],"picked":"SKIP","floor":12},{"not_picked":["DoubleEdge","MoonPhase"],"picked":"Misdirection","floor":13},{"not_picked":["MurderousAura","Alleviate"],"picked":"Orbit","floor":14},{"not_picked":["Initiator","TrueSight"],"picked":"SilverMatrix","floor":16},{"not_picked":["Rewind","Alleviate+1","Potential+1"],"picked":"SKIP","floor":18},{"not_picked":["ShatteredReality","Replace","Ricochet"],"picked":"SKIP","floor":19},{"not_picked":["ShatteredReality","DoubleEdge"],"picked":"SpecialFormula","floor":22},{"not_picked":["Potential","Sabotage+1"],"picked":"Contraction","floor":24},{"not_picked":["TimeWarp","Spin"],"picked":"Alleviate","floor":25},{"not_picked":["ReturningBlade","Revamp"],"picked":"BottledTime","floor":28}],"player_experience":1389428,"relics_obtained":[{"floor":9,"key":"Bag of Marbles"},{"floor":26,"key":"War Paint"}],"event_choices":[{"damage_healed":0,"gold_gain":0,"cards_transformed":["Strike_S"],"player_choice":"Transformed","damage_taken":0,"max_hp_gain":0,"max_hp_loss":0,"event_name":"Transmorgrifier","floor":2,"gold_loss":0,"cards_obtained":["DualDimension"]},{"damage_healed":0,"gold_gain":0,"player_choice":"Entered Light","damage_taken":18,"max_hp_gain":0,"max_hp_loss":0,"event_name":"Shining Light","floor":8,"gold_loss":0,"cards_upgraded":["DancingSilver","Strike_S"]},{"damage_healed":0,"gold_gain":0,"player_choice":"Ignored","damage_taken":0,"max_hp_gain":0,"max_hp_loss":0,"event_name":"N\u0027loth","floor":21,"gold_loss":0}],"is_beta":false,"boss_relics":[{"not_picked":["Tiny House","SacredBark"],"picked":"SlaversCollar"}],"items_purged_floors":[],"is_endless":false,"potions_floor_spawned":[1,4,7,13,19,28],"killed_by":"Shelled Parasite and Fungi","ascension_level":19}}