{"host":"wutzay93uet9pf9y","time":1610559616,"event":{"mods":["BaseMod","Colored Map","Downfall","Minty Spire (QoL Compilation)","StSLib"],"gold_per_floor":[99,99,99,22,22,22,22,41,369,294,294,306,306,337,355,457,457,457,470,486,486,497,497,521,446,462,52,152,152,185,11,25,120,120,120,139,139,150,200,200,200,200],"floor_reached":40,"language":"ENG","playtime":1591,"items_purged":["Regret"],"score":410,"play_id":"dc56d680-d7af-42e7-92ed-5e34495333e4","local_time":"20210113124016","is_ascension_mode":false,"campfire_choices":[{"floor":1,"key":"RECALL"},{"floor":10,"key":"REST"},{"data":"Slimebound:Split","floor":13,"key":"SMITH"},{"data":"Slimebound:AcidTongue","floor":18,"key":"SMITH"},{"data":"Slimebound:Nibble","floor":25,"key":"SMITH"},{"data":"Slimebound:SlimeSlap","floor":35,"key":"SMITH"}],"circlet_count":0,"master_deck":["Slimebound:Strike_Slimebound","Slimebound:Strike_Slimebound","Slimebound:Strike_Slimebound","Slimebound:Tackle","Slimebound:Defend_Slimebound","Slimebound:Defend_Slimebound","Slimebound:Defend_Slimebound","Slimebound:Defend_Slimebound","Slimebound:Split+1","Slimebound:CorrosiveSpit","Slimebound:Gluttony","Slimebound:RainOfGoop","Slimebound:ItLooksTasty","Slimebound:SpikyOuterGoop","Slimebound:RollThrough","Slimebound:MegaLick+1","Slimebound:LeechEnergy","Slimebound:Overexert","Slimebound:AcidTongue+1","Slimebound:GrowthPunch","Slimebound:GoopSpray+1","Slimebound:Nibble+1","Slimebound:GoopSpray+1","Slimebound:SpikyOuterGoop","Slimebound:HauntingLick+1","Slimebound:Nibble","Slimebound:CheckThePlaybook+1","Slimebound:MegaLick+1","Slimebound:AcidTongue","Slimebound:RejuvenatingLick+1","Slimebound:SlimeSlap+1","Slimebound:TongueLash+1","Slimebound:Nibble","Slimebound:FormOfPuddle+1"],"relics":["Slimebound:AbsorbEndCombat","downfall:HeartsMalice","Matryoshka","downfall:ShatteredFragment","Eternal Feather","Toxic Egg 2","Old Coin","downfall:HeartBlessingRed","WarpedTongs","Pocketwatch","Black Star","Bag of Marbles","downfall:HeartBlessingBlue","Membership Card","Thread and Needle","Pen Nib","Vajra","Kunai","Philosopher\u0027s Stone","CaptainsWheel"],"acts_visited":["Exordium","TheCity","TheBeyond"],"potions_floor_usage":[14,14,16,16,19,20,26,30,33,40],"damage_taken":[{"damage":0,"enemies":"Jaw Worm","floor":2,"turns":1},{"damage":0,"enemies":"Small Slimes","floor":3,"turns":1},{"damage":0,"enemies":"downfall:FleeingMerchant","floor":4,"turns":1},{"damage":9,"enemies":"Cultist","floor":8,"turns":3},{"damage":27,"enemies":"3 Sentries","floor":9,"turns":5},{"damage":21,"enemies":"3 Louse","floor":12,"turns":2},{"damage":31,"enemies":"Lagavulin","floor":14,"turns":3},{"damage":8,"enemies":"Lots of Slimes","floor":15,"turns":3},{"damage":46,"enemies":"downfall:Ironclad","floor":16,"turns":7},{"damage":24,"enemies":"3 Byrds","floor":19,"turns":5},{"damage":9,"enemies":"Spheric Guardian","floor":20,"turns":3},{"damage":31,"enemies":"Centurion and Healer","floor":22,"turns":5},{"damage":32,"enemies":"3 Cultists","floor":26,"turns":5},{"damage":9,"enemies":"downfall:FleeingMerchant","floor":27,"turns":4},{"damage":8,"enemies":"Slavers","floor":30,"turns":4},{"damage":8,"enemies":"downfall:FleeingMerchant","floor":31,"turns":4},{"damage":21,"enemies":"Snake Plant","floor":32,"turns":2},{"damage":29,"enemies":"downfall:Watcher","floor":33,"turns":6},{"damage":26,"enemies":"3 Shapes","floor":36,"turns":3},{"damage":4,"enemies":"Orb Walker","floor":38,"turns":3},{"damage":8,"enemies":"Mind Bloom Boss Battle","floor":39,"turns":2},{"damage":86,"enemies":"Reptomancer","floor":40,"turns":2}],"seed_played":"8191499594379933254","potions_obtained":[{"floor":9,"key":"Slimebound:SlimedPotion"},{"floor":12,"key":"FearPotion"},{"floor":14,"key":"EssenceOfSteel"},{"floor":15,"key":"hexamod:EctoCoolerPotion"},{"floor":16,"key":"Block Potion"},{"floor":19,"key":"champ:CounterPotion"},{"floor":23,"key":"CultistPotion"},{"floor":26,"key":"Ancient Potion"},{"floor":32,"key":"Regen Potion"},{"floor":33,"key":"AttackPotion"}],"is_trial":false,"path_per_floor":["R","M","M","$","?","?","T","M","E","R","?","M","R","E","M","B",null,"R","M","M","?","M","?","T","R","M","$","?","?","E","$","M","B",null,"R","M","?","M","?","E"],"character_chosen":"SLIMEBOUND","items_purchased":["Slimebound:SpikyOuterGoop","Membership Card","Thread and Needle","Slimebound:HauntingLick+1","Slimebound:Nibble","Kunai","Slimebound:AcidTongue"],"campfire_rested":1,"item_purchase_floors":[4,27,27,27,27,31,31],"current_hp_per_floor":[60,60,60,60,60,42,42,43,26,53,53,46,55,40,42,22,60,60,52,49,31,14,14,14,36,30,27,27,27,41,51,40,58,70,70,58,58,64,70,0,0,0],"gold":200,"neow_bonus":"THREE_ENEMY_KILL","is_daily":false,"chose_seed":false,"campfire_upgraded":4,"win_rate":0.0,"timestamp":1610559616,"path_taken":["R","M","M","$","?","?","T","M","E","R","?","?","R","E","M","BOSS","R","M","M","?","?","?","T","R","M","$","?","?","E","?","M","BOSS","R","M","?","M","?","E"],"items_purchased_type":["Card","Relic","Relic","Card","Card","Relic","Card"],"build_version":"2020-12-22","purchased_purges":1,"victory":false,"max_hp_per_floor":[60,60,60,60,60,60,60,60,60,60,60,60,60,60,60,60,60,60,60,60,60,60,60,60,70,70,70,70,70,70,70,70,70,70,70,70,70,70,70,70,70,70],"card_choices":[{"not_picked":["Slimebound:SplitLeeching","Slimebound:Nibble"],"picked":"Slimebound:Gluttony","floor":2},{"not_picked":["Slimebound:Equalize","Slimebound:LeechEnergy"],"picked":"Slimebound:RainOfGoop","floor":3},{"not_picked":["Slimebound:SplitBruiser","Slimebound:SlimeTap"],"picked":"Slimebound:ItLooksTasty","floor":4},{"not_picked":["Slimebound:SlimeBarrage","Slimebound:SplitBruiser+1"],"picked":"Slimebound:RollThrough","floor":8},{"not_picked":["Slimebound:SplitMire+1","Slimebound:ComboTackle"],"picked":"Slimebound:MegaLick+1","floor":9},{"not_picked":["Slimebound:Replication+1","Slimebound:SplitBruiser+1"],"picked":"Slimebound:LeechEnergy","floor":12},{"not_picked":["Slimebound:ServeAndProtect+1","Slimebound:DivideAndConquer+1"],"picked":"Slimebound:Overexert","floor":14},{"not_picked":["Slimebound:ComboTackle","Slimebound:GrowthPunch"],"picked":"Slimebound:AcidTongue","floor":15},{"not_picked":["Slimebound:PressTheAttack","Slimebound:Replication+1"],"picked":"Slimebound:GrowthPunch","floor":19},{"not_picked":["Slimebound:Grow+1","Slimebound:Prepare+1"],"picked":"Slimebound:GoopSpray+1","floor":20},{"not_picked":["Slimebound:SplitLeeching+1","Slimebound:PressTheAttack"],"picked":"Slimebound:Nibble","floor":22},{"not_picked":["Slimebound:SplitAcid+1","Slimebound:LeadByExample"],"picked":"Slimebound:GoopSpray+1","floor":26},{"not_picked":["Slimebound:PressTheAttack","Slimebound:Schlurp+1"],"picked":"Slimebound:SpikyOuterGoop","floor":27},{"not_picked":["Slimebound:SlimeSpikes+1","Slimebound:Schlurp+1"],"picked":"Slimebound:CheckThePlaybook+1","floor":30},{"not_picked":["Slimebound:PressTheAttack","Slimebound:HauntingLick+1"],"picked":"Slimebound:MegaLick+1","floor":31},{"not_picked":["Slimebound:Equalize","Slimebound:SplitBruiser+1"],"picked":"Slimebound:RejuvenatingLick+1","floor":32},{"not_picked":["Slimebound:SelfFormingGoo","Slimebound:MassRepurpose+1"],"picked":"Slimebound:SlimeSlap","floor":33},{"not_picked":["Slimebound:SplitBruiser+1","Slimebound:Schlurp+1"],"picked":"Slimebound:TongueLash+1","floor":36},{"not_picked":["Slimebound:SplitMire+1","Slimebound:FinishingTackle"],"picked":"Slimebound:Nibble","floor":38},{"not_picked":["Slimebound:SplitMire+1","Slimebound:Schlurp+1"],"picked":"Slimebound:FormOfPuddle+1","floor":39}],"player_experience":284497,"relics_obtained":[{"floor":7,"key":"Eternal Feather"},{"floor":7,"key":"Toxic Egg 2"},{"floor":9,"key":"Old Coin"},{"floor":14,"key":"Pocketwatch"},{"floor":24,"key":"Bag of Marbles"},{"floor":30,"key":"Pen Nib"},{"floor":30,"key":"Vajra"},{"floor":39,"key":"CaptainsWheel"}],"event_choices":[{"damage_healed":0,"gold_gain":0,"player_choice":"Box","damage_taken":0,"relics_obtained":["Matryoshka"],"max_hp_gain":0,"max_hp_loss":0,"event_name":"Big Fish","floor":5,"gold_loss":0,"cards_obtained":["Regret"]},{"damage_healed":0,"gold_gain":0,"player_choice":"Rummage","damage_taken":0,"relics_obtained":["WarpedTongs"],"max_hp_gain":0,"max_hp_loss":0,"event_name":"Accursed Blacksmith","floor":11,"gold_loss":0,"cards_obtained":["Pain"]},{"cards_removed":["Pain"],"damage_healed":0,"gold_gain":0,"player_choice":"Elegance","damage_taken":0,"max_hp_gain":0,"max_hp_loss":0,"event_name":"Back to Basics","floor":29,"gold_loss":0}],"is_beta":false,"boss_relics":[{"not_picked":["Pandora\u0027s Box","Empty Cage"],"picked":"Black Star"},{"not_picked":["Astrolabe","Calling Bell"],"picked":"Philosopher\u0027s Stone"}],"items_purged_floors":[27],"is_endless":false,"potions_floor_spawned":[9,12,14,15,16,19,26,32,33],"killed_by":"Reptomancer","ascension_level":0}}