{"host":"svwqvw2il1zfkkg0","time":1610511083,"event":{"mods":["AchievementEnabler","BaseMod","BetterRewards","Colored Map","Colored Powertips","Custom Start","Downfall","GifTheSpireLib","Highlight Path","Hubris","Infinite Spire","Minty Spire (QoL Compilation)","Quick Restart","Replay The Spire","Shop Mod","StSLib","SuperFastMode"],"gold_per_floor":[111,185,203,217,217,249,249,261,285,301,1,16,49,49,49,152,152,165,180,180,180,34,34,62,77,77,97,97,151,7,18,18,122,122,146,146,197,220,245,245,294,294,317,329,341,394,445,56,56,56],"floor_reached":51,"language":"ENG","playtime":2029,"items_purged":["Decay","Regret","Shame"],"score":1007,"play_id":"1ef5aef0-5e0a-408c-a324-093d142af6aa","local_time":"20210112201123","is_ascension_mode":false,"campfire_choices":[{"floor":7,"key":"REST"},{"floor":15,"key":"REST"},{"data":"Adrenaline","floor":23,"key":"SMITH"},{"floor":28,"key":"REST"},{"floor":32,"key":"REST"},{"floor":40,"key":"REST"},{"data":"Adrenaline","floor":49,"key":"SMITH"}],"circlet_count":0,"master_deck":["Strike_G","Strike_G","Strike_G","Strike_G+1","Strike_G+1","Defend_G","Defend_G","Defend_G","Defend_G","Defend_G","Neutralize","hexamod:Sear","Slimebound:Defend_Slimebound+1","Backstab+1","Riddle With Holes+1","Choke","Quick Slash","Masterful Stab","Deflect","ReplayTheSpireMod:Speed Training","m_Survivalism+1","Adrenaline+1","CurseOfTheBell","Hidden Blade+1","Adrenaline+1","Dash","Prepared","Dagger Throw","Poisoned Stab+1","Cloak And Dagger","Terror","Finisher","Die Die Die","hubris:Despair","Cloak And Dagger+1","Quick Slash","Slice"],"relics":["Ring of the Snake","Ginger","hubris:SlimyHat","Guide Book","Whetstone","War Paint","Calling Bell","Dream Catcher","hubris:Metronome","StoneCalendar","FossilizedHelix","Black Star","Paper Crane","Iron Hammer","TungstenRod","Boot","PreservedInsect","infinitespire:EvilPickle","Replay:Ancient Bell","Orichalcum","Pantograph","hubris:AstralHammer","hubris:Backtick","Gremlin Horn","Onion Ring","Eternal Feather","White Beast Statue","MawBank","Pen Nib","Ancient Tea Set"],"acts_visited":["Exordium","TheCity","TheBeyond"],"potions_floor_usage":[4,16,16,16,27,27,31,33,41,50,50,50],"damage_taken":[{"damage":0,"enemies":"Small Slimes","floor":1,"turns":3},{"damage":0,"enemies":"Cultist","floor":3,"turns":5},{"damage":1,"enemies":"infinitespire:Voidling","floor":4,"turns":4},{"damage":35,"enemies":"3 Sentries","floor":6,"turns":9},{"damage":6,"enemies":"Red Slaver","floor":8,"turns":4},{"damage":16,"enemies":"Large Slime","floor":10,"turns":5},{"damage":0,"enemies":"3 Louse","floor":12,"turns":1},{"damage":10,"enemies":"Gremlin Nob","floor":13,"turns":3},{"damage":42,"enemies":"Hexaghost","floor":16,"turns":6},{"damage":10,"enemies":"2 Thieves","floor":18,"turns":3},{"damage":0,"enemies":"Spheric Guardian","floor":19,"turns":2},{"damage":48,"enemies":"Book of Stabbing","floor":24,"turns":7},{"damage":0,"enemies":"Snecko","floor":25,"turns":3},{"damage":3,"enemies":"Shelled Parasite and Fungi","floor":27,"turns":6},{"damage":0,"enemies":"Cultist and Chosen","floor":31,"turns":4},{"damage":36,"enemies":"Pondfish","floor":33,"turns":8},{"damage":0,"enemies":"3 Shapes","floor":35,"turns":4},{"damage":4,"enemies":"3 Darklings","floor":38,"turns":4},{"damage":0,"enemies":"Jaw Worm Horde","floor":39,"turns":3},{"damage":0,"enemies":"R_Hoarder","floor":41,"turns":2},{"damage":0,"enemies":"Spire Growth","floor":46,"turns":3},{"damage":0,"enemies":"4 Shapes","floor":47,"turns":2},{"damage":33,"enemies":"hubris:GrandSnecko","floor":50,"turns":7}],"seed_played":"351263380238758349","potions_obtained":[{"floor":3,"key":"Block Potion"},{"floor":6,"key":"FearPotion"},{"floor":10,"key":"Weak Potion"},{"floor":12,"key":"champ:CounterPotion"},{"floor":13,"key":"FearPotion"},{"floor":18,"key":"Guardian:BlockOnCardUsePotion"},{"floor":25,"key":"Regen Potion"},{"floor":27,"key":"DuplicationPotion"},{"floor":31,"key":"Languid Potion"},{"floor":37,"key":"Slimebound:ThreeZeroPotion"},{"floor":38,"key":"Energy Potion"},{"floor":46,"key":"SpeedPotion"},{"floor":47,"key":"SkillPotion"}],"is_trial":false,"path_per_floor":["M","?","M","M","$","E","R","M","T","M","$","M","E","?","R","B",null,"M","M","AVR","?","$","R","E","M","T","M","R","T","$","M","R","B",null,"M","AVR","?","M","M","R","E","?","T","?","?","M","M","$","R","B",null],"character_chosen":"THE_SILENT","items_purchased":["Guide Book","Whetstone","Dash","PreservedInsect","Pen Nib","Ancient Tea Set"],"campfire_rested":5,"item_purchase_floors":[11,11,22,30,48,48],"current_hp_per_floor":[84,84,84,83,83,48,73,67,67,51,51,51,41,41,66,24,84,74,74,74,74,74,74,26,26,26,32,57,57,57,57,82,46,84,84,84,64,60,60,84,84,84,84,84,80,80,80,80,80,47],"gold":56,"neow_bonus":"TWENTY_PERCENT_HP_BONUS","is_daily":false,"chose_seed":false,"campfire_upgraded":2,"win_rate":0.0,"timestamp":1610511083,"path_taken":["M","?","M","M","?","E","R","?","T","M","$","M","E","?","R","BOSS","M","M","AVR","?","$","R","E","M","T","M","R","?","?","M","R","BOSS","M","AVR","?","M","M","R","E","?","T","?","?","M","M","$","R","BOSS"],"items_purchased_type":["Relic","Relic","Card","Relic","Relic","Relic"],"build_version":"2020-12-22","purchased_purges":3,"victory":true,"max_hp_per_floor":[84,84,84,84,84,84,84,84,84,84,84,84,84,84,84,84,84,84,84,84,84,84,84,84,84,84,84,84,84,84,84,84,84,84,84,84,84,84,84,84,84,84,84,84,80,80,80,80,80,80],"card_choices":[{"not_picked":["Well Laid Plans","Finisher"],"picked":"Backstab","floor":1},{"not_picked":["Deflect","Underhanded Strike"],"picked":"Riddle With Holes","floor":3},{"not_picked":["hubris:TrickCloak","Predator","Draining Mist"],"picked":"SKIP","floor":4},{"not_picked":["Sneak Up","ReplayTheSpireMod:Speed Training"],"picked":"Choke","floor":6},{"not_picked":["Deadly Poison","Acrobatics"],"picked":"Quick Slash","floor":8},{"not_picked":["Replay:Poison Smokescreen","hubris:Counter"],"picked":"Masterful Stab","floor":10},{"not_picked":["hubris:SlightOfHand","Deflect","Backflip"],"picked":"SKIP","floor":12},{"not_picked":["hubris:SlightOfHand","Backflip"],"picked":"Deflect","floor":12},{"not_picked":["Grand Finale","Acrobatics"],"picked":"ReplayTheSpireMod:Speed Training","floor":13},{"not_picked":["Malaise","Replay:Bag of Tricks"],"picked":"Adrenaline","floor":16},{"not_picked":["Prepared","Flechettes"],"picked":"Hidden Blade+1","floor":18},{"not_picked":["Bane","Poisoned Stab"],"picked":"Adrenaline","floor":19},{"not_picked":["ReplayTheSpireMod:The Works+1","Acrobatics"],"picked":"Prepared","floor":24},{"not_picked":["Well Laid Plans","Footwork"],"picked":"Dagger Throw","floor":25},{"not_picked":["Acrobatics+1","Choke+1"],"picked":"Poisoned Stab+1","floor":27},{"not_picked":["Dodge and Roll","hubris:TrickCloak+1"],"picked":"Cloak And Dagger","floor":28},{"not_picked":["Noxious Fumes","Backflip+1"],"picked":"Terror","floor":31},{"not_picked":["PiercingWail+1","Underhanded Strike"],"picked":"Finisher","floor":32},{"not_picked":["Glass Knife","Atom Bomb"],"picked":"Die Die Die","floor":33},{"not_picked":["ReplayTheSpireMod:Restless Dread","hubris:Disease"],"picked":"Shame","floor":34},{"not_picked":["hubris:Greed","CurseOfTheBell"],"picked":"hubris:Despair","floor":34},{"not_picked":["Hallucinations","hexamod:Haunted"],"picked":"Regret","floor":34},{"not_picked":["Underhanded Strike+1","Caltrops+1","hubris:SlightOfHand+1"],"picked":"SKIP","floor":35},{"not_picked":["Dagger Throw","Sneak Up","Sucker Punch"],"picked":"SKIP","floor":38},{"not_picked":["Heel Hook","Replay:Poison Smokescreen","Sneak Up"],"picked":"SKIP","floor":39},{"not_picked":["Outmaneuver+1","hubris:SlightOfHand"],"picked":"Cloak And Dagger+1","floor":40},{"not_picked":["Caltrops+1","Doppelganger"],"picked":"Quick Slash","floor":41},{"not_picked":["Prepared","Calculated Gamble"],"picked":"Slice","floor":46},{"not_picked":["Outmaneuver+1","hubris:TrickCloak","PiercingWail+1"],"picked":"SKIP","floor":47}],"player_experience":479826,"relics_obtained":[{"floor":6,"key":"Ginger"},{"floor":9,"key":"hubris:SlimyHat"},{"floor":13,"key":"War Paint"},{"floor":17,"key":"Dream Catcher"},{"floor":17,"key":"hubris:Metronome"},{"floor":17,"key":"StoneCalendar"},{"floor":24,"key":"Paper Crane"},{"floor":24,"key":"Iron Hammer"},{"floor":26,"key":"TungstenRod"},{"floor":29,"key":"Boot"},{"floor":37,"key":"Onion Ring"},{"floor":41,"key":"Eternal Feather"},{"floor":41,"key":"White Beast Statue"},{"floor":43,"key":"MawBank"}],"event_choices":[{"damage_healed":0,"gold_gain":74,"player_choice":"Gained Gold","damage_taken":0,"max_hp_gain":0,"max_hp_loss":0,"event_name":"Golden Wing","floor":2,"gold_loss":0},{"damage_healed":0,"gold_gain":0,"player_choice":"Smashed Altar","damage_taken":0,"max_hp_gain":0,"max_hp_loss":0,"event_name":"Forgotten Altar","floor":21,"gold_loss":0,"cards_obtained":["Decay"]},{"damage_healed":0,"gold_gain":0,"player_choice":"Memory 1","damage_taken":0,"max_hp_gain":0,"max_hp_loss":0,"event_name":"SensoryStone","floor":42,"gold_loss":0},{"damage_healed":0,"gold_gain":0,"player_choice":"Max HP","damage_taken":0,"max_hp_gain":0,"max_hp_loss":4,"event_name":"Winding Halls","floor":45,"gold_loss":0}],"is_beta":false,"boss_relics":[{"not_picked":["ReplayTheSpireMod:SealedPack","hubris:GrandSneckoEye"],"picked":"Calling Bell"},{"not_picked":["hubris:RunicObelisk","Empty Cage"],"picked":"Replay:Ancient Bell"},{"not_picked":["Blood Vial","hubris:ToyBattleship"],"picked":"Orichalcum"},{"not_picked":["hubris:DisguiseKit","InkBottle"],"picked":"Pantograph"},{"not_picked":["Bird Faced Urn","Shovel"],"picked":"hubris:AstralHammer"}],"items_purged_floors":[22,36,48],"is_endless":false,"potions_floor_spawned":[3,6,10,12,13,18,25,27,31,38,46,47],"ascension_level":0}}