{"host":"ashh977dctw2auk3","time":1610568172,"event":{"mods":["BaseMod","Friendly Minions","Hermit","Hubris","Infinite Spire","Jorbs\u0027s Wanderer Trilogy","Marisa????????","Minty Spire (QoL Compilation)","Potionbrewer","Replay The Spire","Ruin Mod","Shade Mod","Shop Mod","StSLib","The Blackbeard","The Caster","The Cursed","The Marked","The Sage","The Servant 0.9.4","The Spell Scribe","Transform Curses","Waifu the Spire"],"gold_per_floor":[209,209,140,140,175,175,175,135,135,135,135,234,234,248,264,264,264,264,264,264,276,276,377,377,387,387,387,416,416,433,208,222,222,222],"floor_reached":62,"language":"ENG","playtime":2482,"items_purged":[],"score":914,"play_id":"b198d725-07c0-4fde-b02b-598cd48e5f8f","local_time":"20210113120252","is_ascension_mode":false,"campfire_choices":[{"data":"stsjorbsmod:CULLCard","floor":6,"key":"SMITH"},{"data":"stsjorbsmod:Paralysis","floor":10,"key":"SMITH"},{"data":"stsjorbsmod:SpiritShield_Cull","floor":15,"key":"SMITH"},{"data":"stsjorbsmod:Cyclone","floor":32,"key":"SMITH"},{"data":"stsjorbsmod:ReapAndSow","floor":42,"key":"SMITH"}],"circlet_count":0,"master_deck":["stsjorbsmod:CULLCard+1","stsjorbsmod:Apparition_Cull","stsjorbsmod:Strike_Cull","stsjorbsmod:Strike_Cull","stsjorbsmod:Strike_Cull","stsjorbsmod:Strike_Cull","stsjorbsmod:Paralysis+1","stsjorbsmod:SpiritShield_Cull+1","stsjorbsmod:Withering","stsjorbsmod:Possession","stsjorbsmod:Flame","stsjorbsmod:Double","stsjorbsmod:Sentinel_Cull","stsjorbsmod:MirroredTechnique+1","stsjorbsmod:Overkill","stsjorbsmod:Cyclone+1","stsjorbsmod:ReapAndSow+1","stsjorbsmod:Haunt+1","stsjorbsmod:BlackTentacles_Cull+1","stsjorbsmod:Discordance+1","stsjorbsmod:Frostbite","stsjorbsmod:ProdigalMemory","stsjorbsmod:Godsbane"],"relics":["stsjorbsmod:BookOfTrialsRelic","NeowsBlessing","hubris:Towel","Oddly Smooth Stone","Gremlin Horn","Runic Dome","hubris:RunicObelisk","Pear","Astrolabe","Strawberry","infinitespire:CheckeredPen","ReplayFunnel"],"acts_visited":["Exordium","TheCity","TheBeyond"],"potions_floor_usage":[58,58,58],"damage_taken":[{"damage":0,"enemies":"Small Slimes","floor":1,"turns":1},{"damage":0,"enemies":"3 Sentries","floor":7,"turns":2},{"damage":0,"enemies":"Fading Forest","floor":16,"turns":1},{"damage":0,"enemies":"Chosen","floor":18,"turns":1},{"damage":23,"enemies":"Shell Parasite","floor":20,"turns":4},{"damage":8,"enemies":"3 Cultists","floor":29,"turns":4},{"damage":3,"enemies":"Collector","floor":33,"turns":5},{"damage":0,"enemies":"3 Darklings","floor":37,"turns":3},{"damage":8,"enemies":"Reptomancer","floor":43,"turns":5},{"damage":12,"enemies":"3 Shapes","floor":48,"turns":2},{"damage":22,"enemies":"Transient","floor":52,"turns":5},{"damage":26,"enemies":"Donu and Deca","floor":58,"turns":5}],"seed_played":"6435422043428841412","potions_obtained":[{"floor":16,"key":"Milkshake"},{"floor":20,"key":"SteroidPotion"},{"floor":29,"key":"AttackPotion"},{"floor":40,"key":"SkillPotion"},{"floor":40,"key":"potionbrewer:ToxicPotion"}],"is_trial":false,"path_per_floor":["M","?","$","R","E","T","R","?","$","$","R","B",null,"M","M","R","R","AVR","T","?","M","R","B",null,"M","?","R","E","T","M","$","M","R","B",null],"character_chosen":"CULL","items_purchased":["stsjorbsmod:Double","ReplayFunnel","Adrenaline Potion"],"campfire_rested":0,"item_purchase_floors":[4,51,51],"current_hp_per_floor":[70,70,70,70,69,69,69,69,69,69,69,69,69,68,43,55,65,65,75,75,65,65,61,61,57,57,57,52,52,40,40,18,46,19],"gold":222,"neow_bonus":"THREE_ENEMY_KILL","is_daily":false,"chose_seed":false,"campfire_upgraded":5,"win_rate":0.0,"timestamp":1610568172,"path_taken":["M","?","?","R","E","T","R","?","$","$","R","BOSS","M","M","R","R","AVR","T","?","M","R","BOSS","M","?","R","E","T","?","$","M","R","BOSS"],"items_purchased_type":["Card","Relic","Potion"],"build_version":"2020-12-22","purchased_purges":0,"victory":true,"max_hp_per_floor":[70,70,70,70,69,69,69,69,69,69,69,69,69,68,61,63,65,65,75,75,67,67,61,61,57,57,57,53,53,46,46,41,46,36],"card_choices":[{"not_picked":["stsjorbsmod:Strife","stsjorbsmod:Phantasm"],"picked":"stsjorbsmod:Flame","floor":1},{"not_picked":["stsjorbsmod:Shake","stsjorbsmod:Tragedy","stsjorbsmod:Coda"],"picked":"SKIP","floor":7},{"not_picked":["stsjorbsmod:FalseBlessings","stsjorbsmod:PartingBlow"],"picked":"stsjorbsmod:Sentinel_Cull","floor":16},{"not_picked":["stsjorbsmod:Strife","stsjorbsmod:FindWeakness","stsjorbsmod:SilverStrike"],"picked":"SKIP","floor":18},{"not_picked":["stsjorbsmod:Coda","stsjorbsmod:Brooding"],"picked":"stsjorbsmod:Overkill","floor":20},{"not_picked":["stsjorbsmod:GatheringEvil","stsjorbsmod:Pathos"],"picked":"stsjorbsmod:Cyclone","floor":29},{"not_picked":["stsjorbsmod:Mirror","stsjorbsmod:Sentinel_Cull"],"picked":"stsjorbsmod:ReapAndSow","floor":33},{"not_picked":["stsjorbsmod:Melt+1","stsjorbsmod:Shake","stsjorbsmod:Feint+1"],"picked":"SKIP","floor":37},{"not_picked":["stsjorbsmod:FranticMind+1","stsjorbsmod:Double+1","stsjorbsmod:Ectoplasm_Cull"],"picked":"SKIP","floor":43},{"not_picked":["stsjorbsmod:Abjure","stsjorbsmod:Catharsis"],"picked":"stsjorbsmod:Godsbane","floor":48},{"not_picked":["stsjorbsmod:Double+1","stsjorbsmod:Commune","stsjorbsmod:Strife"],"picked":"SKIP","floor":52}],"player_experience":317792,"relics_obtained":[{"floor":7,"key":"Oddly Smooth Stone"},{"floor":9,"key":"Gremlin Horn"},{"floor":26,"key":"Pear"},{"floor":43,"key":"Strawberry"},{"floor":47,"key":"infinitespire:CheckeredPen"}],"event_choices":[{"damage_healed":0,"gold_gain":0,"player_choice":"Left Gold","damage_taken":0,"max_hp_gain":0,"max_hp_loss":0,"event_name":"World of Goop","floor":11,"gold_loss":40},{"damage_healed":0,"gold_gain":0,"player_choice":"Upgraded","damage_taken":0,"max_hp_gain":0,"max_hp_loss":0,"event_name":"Upgrade Shrine","floor":27,"gold_loss":0,"cards_upgraded":["stsjorbsmod:MirroredTechnique"]},{"damage_healed":0,"gold_gain":0,"player_choice":"Got Potions","damage_taken":0,"max_hp_gain":0,"max_hp_loss":0,"event_name":"Lab","floor":40,"gold_loss":0}],"is_beta":false,"boss_relics":[{"not_picked":["Velvet Choker","hubris:CrackedHourglass"],"picked":"Runic Dome"},{"not_picked":["potionbrewer:BhaskarasWheel","Philosopher\u0027s Stone"],"picked":"Astrolabe"}],"items_purged_floors":[],"is_endless":false,"potions_floor_spawned":[16,20,29,52],"ascension_level":0}}