{"host":"kvxcn6q9iznza62e","time":1610559165,"event":{"mods":["100% Spire Juice","2.2 Compatiblity","Act Like it!","Aspiration","BaseMod","Beaked The Cultist","Better Altar","Better Match","Better Note","Better Sensory Stone","Better Skull","Better Third Choice","BetterRewards","Block Reminder","Colored Map","Colored Powertips","Dota2Spire","Downfall","Energized Spire","Fox Events","Friendly Minions","GifTheSpireLib","Gold Saver","Gremlin Mod","GungeonMod","Hallownest","Hubris","Lobotomy","LobotomyExtend","Mimic Mod","Minty Spire (QoL Compilation)","Poor People Problems","Quick Restart","Rare Cards Sparkle","Relic Stats","Reorder Act Four","Replay The Spire","Reworked Bosses","Robot Space Explorer","Shade Mod","Spicy Shops","StSLib","Stuff the Spire","The Animator","The Blue Laboratory","The Bug Knight","The Cursed","The Factory","The Jungle","The Necromancer","The Sage","TheHeartMod","Uncapped","Unceasing Turn Reminder","Useless Jewels Mod","Wandering Minibosses","[IsaacMod]????","egg","vexMod","??????REMEMod"],"gold_per_floor":[116,216,232,252,177,177,202,10,80,108,108],"floor_reached":10,"language":"ENG","playtime":824,"items_purged":[],"score":80,"play_id":"067717a9-a7ca-4258-81d5-36142e53ce59","local_time":"20210113173245","is_ascension_mode":true,"campfire_choices":[{"floor":6,"key":"RECALL"}],"circlet_count":0,"master_deck":["beaked:Strike_Y","beaked:Strike_Y","beaked:Strike_Y","beaked:Strike_Y","beaked:Strike_Y","beaked:Strike_Y","beaked:Defend_Y","beaked:Defend_Y","beaked:Defend_Y","beaked:Defend_Y","beaked:Ceremony","beaked:Ceremony","beaked:Ceremony","EpicFetus","sneckomod:Restock","beaked:RitualOfBody","beaked:Poke","beaked:Insight","beaked:TuckingFeathers","beaked:Evade","beaked:Tweet","Bomb"],"relics":["beaked:MendingPlumage","HushsDoor","REME_ComplimentaryCards","GuppysTail","StuffTheSpire:BottledEssence","DemoMod:GnawedKey","StuffTheSpire:Nightcore","LetterFromLob","Happy Flower","DemoMod:GlassGuonStoneRelic","TheBible"],"acts_visited":["Exordium"],"potions_floor_usage":[10],"damage_taken":[{"damage":11,"enemies":"Jaw Worm","floor":1,"turns":5},{"damage":10,"enemies":"Cultist","floor":3,"turns":4},{"damage":0,"enemies":"2 Louse","floor":4,"turns":3},{"damage":21,"enemies":"Lagavulin","floor":7,"turns":7},{"damage":28,"enemies":"Gremlin Nob","floor":10,"turns":4}],"seed_played":"8053474315561640801","potions_obtained":[{"floor":7,"key":"Fire Potion"}],"is_trial":false,"path_per_floor":["M","?","M","M","?","R","E","$","T","E"],"character_chosen":"BEAKED_THE_CULTIST","items_purchased":["StuffTheSpire:BottledEssence","DemoMod:GnawedKey","beaked:RitualOfBody","Energy Potion","beaked:Evade","beaked:Tweet","Adrenaline Potion"],"campfire_rested":0,"item_purchase_floors":[0,0,0,0,8,8,8],"current_hp_per_floor":[46,46,44,50,50,50,40,40,40,21,21],"gold":108,"neow_bonus":"","is_daily":false,"chose_seed":false,"campfire_upgraded":0,"win_rate":0.0,"timestamp":1610559165,"path_taken":["M","?","M","?","?","R","E","$","T","E"],"items_purchased_type":["Relic","Relic","Card","Potion","Card","Card","Potion"],"build_version":"2020-12-22","purchased_purges":0,"victory":false,"max_hp_per_floor":[50,50,50,50,50,50,50,50,50,50,50],"relic_stats":{"Happy Flower":[1],"counters":[5,23],"obtain_stats":[{"KeepersGift":0,"Happy Flower":7,"TheBible":10,"StuffTheSpire:BottledEssence":0,"DemoMod:GlassGuonStoneRelic":10,"DemoMod:GnawedKey":0,"LetterFromLob":1,"StuffTheSpire:Nightcore":0,"beaked:MendingPlumage":0,"HushsDoor":0,"REME_ComplimentaryCards":0},{"KeepersGift":0,"Happy Flower":4,"TheBible":5,"StuffTheSpire:BottledEssence":0,"DemoMod:GlassGuonStoneRelic":5,"DemoMod:GnawedKey":0,"LetterFromLob":1,"StuffTheSpire:Nightcore":0,"beaked:MendingPlumage":0,"HushsDoor":0,"REME_ComplimentaryCards":0},{"KeepersGift":0,"Happy Flower":19,"TheBible":23,"StuffTheSpire:BottledEssence":0,"DemoMod:GlassGuonStoneRelic":23,"DemoMod:GnawedKey":0,"LetterFromLob":5,"StuffTheSpire:Nightcore":0,"beaked:MendingPlumage":0,"HushsDoor":0,"REME_ComplimentaryCards":0}]},"card_choices":[{"not_picked":[],"picked":"EpicFetus","floor":0},{"not_picked":["beaked:WarriorEssence","beaked:Overexert"],"picked":"beaked:Poke","floor":1},{"not_picked":["beaked:TuckingFeathers","beaked:HuntressSpirit"],"picked":"beaked:Insight","floor":2},{"not_picked":["Bomb","beaked:MaddeningMurmurs"],"picked":"beaked:TuckingFeathers","floor":3},{"not_picked":["beaked:StunningBlow","beaked:BloodRitual","beaked:Overexert"],"picked":"SKIP","floor":4},{"not_picked":["beaked:HuntressEssence","beaked:WindBringer","beaked:Tradeoff"],"picked":"SKIP","floor":7},{"not_picked":["beaked:Recite","beaked:MachineSpirit"],"picked":"Bomb","floor":10}],"player_experience":70321,"relics_obtained":[{"floor":1,"key":"LetterFromLob"},{"floor":7,"key":"Happy Flower"},{"floor":10,"key":"TheBible"}],"event_choices":[{"damage_healed":0,"gold_gain":0,"player_choice":"3","damage_taken":0,"max_hp_gain":0,"max_hp_loss":0,"event_name":"betterMatch:BetterMatch","floor":5,"gold_loss":0,"cards_obtained":[]}],"is_beta":false,"boss_relics":[],"items_purged_floors":[],"is_endless":false,"potions_floor_spawned":[7],"killed_by":"Gremlin Nob","ascension_level":1}}