{"host":"4ek4eq5z32z3zgvw","time":1610581088,"event":{"mods":["2.2 Compatiblity","AchievementEnabler","Act Like it!","AlwaysNeverKeys","Aspiration","BaseMod","Better Match","Better Note","Better Sensory Stone","Better Third Choice","BetterRewards","Block Reminder","Colored Map","Colored Powertips","DeckTracker","Defuse TimeMaze Blight","Downfall","Energized Spire","Halation","Hubris","Infinite Spire","Minty Spire (QoL Compilation)","Permanent Neow","Quick Restart","Rare Cards Sparkle","Relic Filter","Relic Sorter","Replay The Spire","Shop Mod","Spikes Relics","StSLib","SuperFastMode","Synergy Search","Unceasing Turn Reminder","UnlockEverythingMod","egg","vexMod"],"gold_per_floor":[369,369,388,1,12,43,43,68,149,14,33,51,70,70,70],"floor_reached":14,"language":"ENG","playtime":329,"items_purged":[],"score":204,"play_id":"3fbbe6a2-b0c6-4b9d-bac7-c713180e5673","local_time":"20210113173808","is_ascension_mode":true,"campfire_choices":[{"data":"Dualcast","floor":7,"key":"SMITH"}],"circlet_count":0,"master_deck":["AscendersBane","Strike_B","Strike_B","Strike_B","Strike_B","Defend_B","Defend_B","Defend_B","Defend_B","Zap+1","Dualcast+1","FTL","Cold Snap","Genetic Algorithm+1","Reboot","Darkness","Coolheaded","White Noise"],"relics":["Cracked Core","Omamori","Replay:Antivirus Software","Vajra","Anchor","halation:BottledLove"],"acts_visited":["Exordium"],"potions_floor_usage":[6,8,11,14],"damage_taken":[{"damage":12,"enemies":"Jaw Worm","floor":1,"turns":2},{"damage":0,"enemies":"Cultist","floor":3,"turns":3},{"damage":3,"enemies":"Small Slimes","floor":5,"turns":2},{"damage":15,"enemies":"3 Sentries","floor":6,"turns":7},{"damage":7,"enemies":"Lagavulin","floor":8,"turns":5},{"damage":7,"enemies":"Exordium Thugs","floor":11,"turns":4},{"damage":2,"enemies":"2 Fungi Beasts","floor":12,"turns":3},{"damage":16,"enemies":"Large Slime","floor":13,"turns":3},{"damage":8,"enemies":"Gremlin Nob","floor":14,"turns":2}],"seed_played":"1231052493238291554","potions_obtained":[{"floor":5,"key":"BlessingOfTheForge"},{"floor":6,"key":"Adrenaline Potion"},{"floor":13,"key":"Elixir"}],"is_trial":false,"path_per_floor":["M","?","M","$","M","E","R","E","T","$","M","M","M","E"],"character_chosen":"DEFECT","items_purchased":["Genetic Algorithm+1","Omamori","Replay:Antivirus Software","Darkness","AttackPotion"],"campfire_rested":0,"item_purchase_floors":[4,4,4,10,10],"current_hp_per_floor":[52,52,52,52,49,34,34,27,27,27,20,18,2,0,0],"gold":70,"neow_bonus":"TWO_FIFTY_GOLD","is_daily":false,"chose_seed":false,"campfire_upgraded":1,"win_rate":0.0,"timestamp":1610581088,"path_taken":["M","?","M","$","M","E","R","E","T","?","M","M","?","E"],"items_purchased_type":["Card","Relic","Relic","Card","Potion"],"build_version":"2020-12-22","purchased_purges":0,"victory":false,"max_hp_per_floor":[64,64,64,64,64,64,64,64,64,64,64,64,64,64,64],"card_choices":[{"not_picked":["ReplaySort","Conserve Battery"],"picked":"FTL","floor":1},{"not_picked":["Gash","Go for the Eyes"],"picked":"Cold Snap","floor":3},{"not_picked":["Streamline","Cold Snap"],"picked":"Reboot","floor":5},{"not_picked":["Gash","Streamline","Cold Snap"],"picked":"SKIP","floor":6},{"not_picked":["Stack","RefreshScreen","Cold Snap"],"picked":"SKIP","floor":8},{"not_picked":["Stack","Cold Snap","BasicCrystalCard"],"picked":"SKIP","floor":11},{"not_picked":["Stack","ReplayTheSpireMod:Reroute Power"],"picked":"Coolheaded","floor":12},{"not_picked":["Conserve Battery","ReplaySolidLightProjector"],"picked":"White Noise","floor":13}],"player_experience":602454,"relics_obtained":[{"floor":6,"key":"Vajra"},{"floor":8,"key":"Anchor"},{"floor":9,"key":"halation:BottledLove"}],"event_choices":[{"damage_healed":0,"gold_gain":0,"player_choice":"Forge","damage_taken":0,"max_hp_gain":0,"max_hp_loss":0,"event_name":"Accursed Blacksmith","floor":2,"gold_loss":0,"cards_upgraded":["Zap"]}],"is_beta":false,"boss_relics":[],"items_purged_floors":[],"is_endless":false,"potions_floor_spawned":[5,6,13],"killed_by":"Gremlin Nob","ascension_level":20}}