{"host":"Ceyx","time":1610563950,"event":{"mods":["BaseMod","Beaked The Cultist","Better Match","Better Skull","Better Third Choice","BetterRewards","Conspire","Downfall","Hermit","Hubris","Infinite Spire","KinomotoSakuraMod(????)","Minty Spire (QoL Compilation)","Permanent Neow","Prisma Mod","Replay The Spire","Shop Mod","StSLib","The Alterego","The Jungle","The Poker Player","Waifu the Spire"],"gold_per_floor":[116,116,116,126,126,126,126],"floor_reached":6,"language":"ENG","playtime":338,"items_purged":[],"score":34,"play_id":"c81d665a-6940-4047-8778-354411eefd97","local_time":"20210114015229","is_ascension_mode":false,"campfire_choices":[],"circlet_count":0,"master_deck":["PrismaMod:ChloeCommonAttack","PrismaMod:ChloeCommonAttack","PrismaMod:ChloeCommonAttack","PrismaMod:ChloeCommonAttack","PrismaMod:ChloeCommonDefend","PrismaMod:ChloeCommonDefend","PrismaMod:ChloeCommonDefend","PrismaMod:ChloeCommonDefend","PrismaMod:ChloeCommonDefend","PrismaMod:ChloeCheapDefend","ReplayTheSpireMod:Doomed","PrismaMod:ChloeCheapDefendTwo","PrismaMod:ChloeCaladbolg"],"relics":["PrismaMod:PrismaTraceOn","Replay:Multitool","Happy Flower"],"acts_visited":["Exordium"],"potions_floor_usage":[],"damage_taken":[{"damage":2,"enemies":"2 Louse","floor":1,"turns":3},{"damage":5,"enemies":"Jaw Worm","floor":4,"turns":4},{"damage":28,"enemies":"Lagavulin","floor":6,"turns":9}],"seed_played":"-7859948391089145336","potions_obtained":[{"floor":4,"key":"Block Potion"}],"is_trial":false,"path_per_floor":["M","?","?","M","?","E"],"character_chosen":"CHLOE","items_purchased":[],"campfire_rested":0,"item_purchase_floors":[],"current_hp_per_floor":[73,73,66,61,61,33,33],"gold":126,"neow_bonus":"ONE_RARE_RELIC","is_daily":false,"chose_seed":false,"campfire_upgraded":0,"win_rate":0.0,"timestamp":1610563949,"path_taken":["M","?","?","?","?","E"],"items_purchased_type":[],"build_version":"2020-12-18","purchased_purges":0,"victory":false,"max_hp_per_floor":[75,75,75,75,75,75,75],"card_choices":[{"not_picked":["PrismaMod:ChloeDemonicTutor","PrismaMod:ChloeCheapAttackTwo"],"picked":"PrismaMod:ChloeCheapDefendTwo","floor":1},{"not_picked":["PrismaMod:ChloeUncommonAttack","PrismaMod:ChloeExhaustOne"],"picked":"PrismaMod:ChloeCaladbolg","floor":4}],"player_experience":638454,"relics_obtained":[],"event_choices":[{"damage_healed":0,"gold_gain":0,"player_choice":"Damaged","damage_taken":7,"max_hp_gain":0,"max_hp_loss":0,"event_name":"Wheel of Change","floor":3,"gold_loss":0},{"cards_removed":["PrismaMod:ChloeCheapAttack"],"damage_healed":0,"gold_gain":0,"player_choice":"Gave Card","damage_taken":0,"relics_obtained":["Happy Flower"],"max_hp_gain":0,"max_hp_loss":0,"event_name":"WeMeetAgain","floor":5,"gold_loss":0}],"is_beta":true,"boss_relics":[],"items_purged_floors":[],"is_endless":false,"potions_floor_spawned":[4],"killed_by":"Lagavulin","ascension_level":0}}