{"host":"k67zwea37tbl4jhz","time":1610577434,"event":{"mods":["AchievementEnabler","Aspiration","BaseMod","Better Altar","Better Match","Better Sensory Stone","Better Skull","Better Third Choice","BetterRewards","CCEM","Clawfect","Colored Map","Conspire","Downfall","GifTheSpireLib","Googly Eyes","Halation","Highlight Path","Mimic Mod","Minty Spire (QoL Compilation)","Permanent Neow","Replay The Spire","Shop Mod","Spicy Shops","StSLib","Stuff the Spire","Unceasing Turn Reminder","everything is the same but u backflip on backflip"],"gold_per_floor":[99,114,39,39,55,55,110,143,155,170,195,120,140,50,69,170,170,170,186,206,206,235,262,262,276,288,118,118,130,170,185,195,299,349,199,219,233,40,60,88,165,178,178,189,189,189,174,191,207,207],"floor_reached":51,"language":"ENG","playtime":3976,"items_purged":["champ:Taunt"],"score":865,"play_id":"9d0340b3-f60f-4efe-a68a-4740776db066","local_time":"20210113173714","is_ascension_mode":false,"campfire_choices":[{"floor":1,"key":"RECALL"},{"data":"champ:HoldFirm","floor":12,"key":"SMITH"},{"data":"champ:EnchantShield","floor":18,"key":"SMITH"},{"data":"The Bomb","floor":35,"key":"SMITH"},{"data":"champ:SkillfulDodge","floor":43,"key":"SMITH"},{"data":"champ:ViciousMockery","floor":46,"key":"SMITH"}],"circlet_count":0,"master_deck":["champ:Strike","champ:Strike","champ:Strike","champ:Strike","champ:Defend","champ:Defend","champ:Defend","champ:Defend","champ:Circumvent","champ:ShieldSigil","The Bomb+1","champ:ShieldWall","champ:HoldFirm+1","champ:EnchantShield+1","champ:EnGarde","champ:FocusedDefense","champ:DefensiveStyle","champ:ShieldSlam","champ:FalseCounter","champ:StanceDance","champ:Lariat+1","champ:Improvising","champ:SkillfulDodge+1","Replay:SS_hec_4","champ:ViciousMockery+1","champ:RageSigil+1"],"relics":["champ:ChampionCrownUpgraded","aspiration:HatOfInfinitePower","Lantern","Replay:Mystery Machine","CCEMRelics:GrindingGear","downfall:HeartBlessingRed","Replay:Grab Bag","Painkiller Herb","StuffTheSpire:ModemDavis","Red Mask","CCEMRelics:DissonantTune","CCEMRelics:JestersCrown","The Courier","Tiny House","downfall:HeartBlessingGreen","downfall:HeartBlessingBlue","Art of War","StuffTheSpire:PointBlank","halation:PapillonHeart"],"acts_visited":["Exordium","TheCity","TheBeyond"],"potions_floor_usage":[11,33,33],"damage_taken":[{"damage":10,"enemies":"Jaw Worm","floor":2,"turns":3},{"damage":19,"enemies":"Cultist","floor":5,"turns":4},{"damage":2,"enemies":"Lagavulin","floor":8,"turns":8},{"damage":0,"enemies":"Small Slimes","floor":9,"turns":3},{"damage":0,"enemies":"Gremlin Gang","floor":10,"turns":3},{"damage":41,"enemies":"Gremlin Nob","floor":11,"turns":5},{"damage":19,"enemies":"Exordium Thugs","floor":13,"turns":3},{"damage":0,"enemies":"downfall:FleeingMerchant","floor":14,"turns":4},{"damage":1,"enemies":"2 Fungi Beasts","floor":15,"turns":3},{"damage":31,"enemies":"downfall:Defect","floor":16,"turns":7},{"damage":7,"enemies":"Chosen","floor":19,"turns":4},{"damage":9,"enemies":"conspire:FuzzyDice","floor":20,"turns":7},{"damage":37,"enemies":"Masked Bandits","floor":22,"turns":4},{"damage":18,"enemies":"Replay:Snechameleon","floor":23,"turns":5},{"damage":23,"enemies":"Snecko","floor":25,"turns":4},{"damage":15,"enemies":"Chosen and Byrds","floor":26,"turns":4},{"damage":15,"enemies":"downfall:FleeingMerchant","floor":27,"turns":4},{"damage":3,"enemies":"Shelled Parasite and Fungi","floor":29,"turns":5},{"damage":18,"enemies":"Centurion and Healer","floor":30,"turns":5},{"damage":6,"enemies":"Centurion and Healer","floor":31,"turns":6},{"damage":12,"enemies":"Snake Plant","floor":32,"turns":3},{"damage":24,"enemies":"downfall:Ironclad","floor":33,"turns":8},{"damage":9,"enemies":"3 Shapes","floor":36,"turns":3},{"damage":15,"enemies":"3 Darklings","floor":37,"turns":5},{"damage":33,"enemies":"downfall:FleeingMerchant","floor":38,"turns":4},{"damage":24,"enemies":"Transient","floor":39,"turns":5},{"damage":17,"enemies":"R_Hoarder","floor":40,"turns":7},{"damage":6,"enemies":"4 Shapes","floor":42,"turns":5},{"damage":55,"enemies":"Spire Growth","floor":44,"turns":5},{"damage":10,"enemies":"downfall:FleeingMerchant","floor":47,"turns":4},{"damage":14,"enemies":"Jaw Worm Horde","floor":48,"turns":6},{"damage":18,"enemies":"4 Shapes","floor":49,"turns":6},{"damage":28,"enemies":"downfall:Watcher","floor":50,"turns":9}],"seed_played":"-7707960624427975250","potions_obtained":[{"floor":2,"key":"champ:UltimateStancePotion"},{"floor":9,"key":"Elixir"},{"floor":11,"key":"SteroidPotion"},{"floor":16,"key":"champ:TechniquePotion"},{"floor":20,"key":"Reflective Coating"},{"floor":32,"key":"CultistPotion"},{"floor":33,"key":"Regen Potion"},{"floor":34,"key":"Venom Potion"},{"floor":40,"key":"EssenceOfSteel"}],"is_trial":false,"path_per_floor":["R","M","?","?","M","?","T","E","M","M","E","R","M","$","M","B",null,"T","?","?","?","?","E","T","?","?","T","?","?","MIM","?","?","B",null,"T","?","?","T","?","E","T","?","T","?","?","T","T","?","?","B",null],"character_chosen":"THE_CHAMP","items_purchased":["CCEMRelics:JestersCrown","champ:SkillfulDodge","Replay:SS_hec_4"],"campfire_rested":0,"item_purchase_floors":[27,38,38],"current_hp_per_floor":[90,90,90,90,90,90,90,88,88,88,59,59,40,40,39,8,90,90,86,86,86,61,61,61,53,53,53,53,53,53,53,53,53,95,105,99,99,99,99,88,88,88,88,63,63,63,53,51,42,26],"gold":207,"neow_bonus":"ONE_RARE_RELIC","is_daily":false,"chose_seed":false,"campfire_upgraded":5,"win_rate":0.0,"timestamp":1610577434,"path_taken":["R","M","?","?","?","?","T","E","M","?","E","R","M","?","M","BOSS","T","?","?","?","?","E","T","?","?","?","?","?","?","?","?","BOSS","T","?","?","T","?","E","T","?","T","?","?","T","T","?","?","BOSS"],"items_purchased_type":["Relic","Card","Card"],"build_version":"2020-12-22","purchased_purges":1,"victory":true,"max_hp_per_floor":[90,90,90,90,90,90,90,90,90,90,90,90,90,90,90,90,90,90,90,90,90,90,90,90,90,90,90,90,90,90,90,90,90,95,105,105,105,105,105,105,105,105,105,105,100,100,100,100,100,100],"card_choices":[{"not_picked":["champ:BringItOn","champ:BerserkersShout"],"picked":"champ:Circumvent","floor":2},{"not_picked":["champ:FlashCut","champ:RageSigil"],"picked":"champ:ShieldSigil","floor":3},{"not_picked":["Midas Touch","ReplayTheSpireMod:Necrogeddon"],"picked":"The Bomb","floor":3},{"not_picked":["champ:FocusedBerserking","champ:FanOfKnives"],"picked":"champ:ShieldWall","floor":5},{"not_picked":["champ:PerfectedStrike","champ:FocusedGladiator","champ:GladiatorStyle"],"picked":"SKIP","floor":8},{"not_picked":["champ:SwordSigil","champ:ShieldWall"],"picked":"champ:EnchantShield","floor":9},{"not_picked":["champ:PerfectedStrike","champ:Circumvent"],"picked":"champ:EnGarde","floor":10},{"not_picked":["champ:TornadoPunch","champ:CalledShot"],"picked":"champ:FocusedDefense","floor":11},{"not_picked":["champ:PerfectedStrike","champ:SwordSigil"],"picked":"champ:DefensiveStyle","floor":13},{"not_picked":["champ:RageSigil","champ:CalledShot","champ:SwordThrow"],"picked":"SKIP","floor":14},{"not_picked":["champ:CrookedStrike","champ:PerfectedStrike","champ:Haymaker"],"picked":"SKIP","floor":15},{"not_picked":["champ:SwordThrow","champ:Devastate"],"picked":"champ:ShieldSlam","floor":16},{"not_picked":["champ:HeartStrike+1","champ:FocusedBerserking"],"picked":"champ:FalseCounter","floor":19},{"not_picked":["champ:CrookedStrike","champ:Circumvent","champ:ShieldWall+1"],"picked":"SKIP","floor":20},{"not_picked":["champ:FlashCut","champ:PerfectedStrike"],"picked":"champ:StanceDance","floor":23},{"not_picked":["champ:HeartStrike","champ:StanceDance","champ:BerserkersShout"],"picked":"SKIP","floor":25},{"not_picked":["champ:RageSigil","champ:TornadoPunch"],"picked":"champ:Lariat","floor":26},{"not_picked":["champ:ShieldSigil","champ:BladeFlurry","champ:FlashCut+1"],"picked":"SKIP","floor":27},{"not_picked":["champ:SwordSigil+1","champ:Circumvent+1","champ:Haymaker"],"picked":"SKIP","floor":29},{"not_picked":["champ:AdrenalArmor","champ:BladeFlurry","champ:RisingSlash+1"],"picked":"SKIP","floor":31},{"not_picked":["champ:GladiatorsShout+1","champ:FlashCut","champ:StanceDance"],"picked":"SKIP","floor":32},{"not_picked":["champ:LastStand","champ:HeavySlash"],"picked":"champ:Improvising","floor":33},{"not_picked":["champ:Backstep","champ:FaceSlap+1","champ:FocusedBerserking"],"picked":"SKIP","floor":36},{"not_picked":["champ:Riposte","champ:FlashCut+1","champ:Haymaker+1"],"picked":"SKIP","floor":37},{"not_picked":["champ:FanOfKnives+1","champ:RecklessLeap","champ:StanceDance+1"],"picked":"SKIP","floor":38},{"not_picked":["champ:GutPunch+1","champ:Haymaker"],"picked":"champ:ViciousMockery","floor":39},{"not_picked":["champ:BringItOn","champ:PerfectedStrike","champ:FalseCounter+1"],"picked":"SKIP","floor":40},{"not_picked":["champ:StanceDance+1","champ:Duel","champ:FlashCut+1"],"picked":"SKIP","floor":42},{"not_picked":["champ:RecklessLeap","champ:PerfectedStrike+1","champ:SkillfulDodge"],"picked":"SKIP","floor":44},{"not_picked":["champ:CrookedStrike","champ:BladeFlurry","champ:BerserkersShout+1"],"picked":"SKIP","floor":47},{"not_picked":["champ:Control+1","champ:RisingSlash","champ:BladeFlurry"],"picked":"SKIP","floor":48},{"not_picked":["champ:ShieldThrow","champ:PreciseThrust+1"],"picked":"champ:RageSigil+1","floor":49}],"player_experience":227959,"relics_obtained":[{"floor":7,"key":"Lantern"},{"floor":8,"key":"Replay:Mystery Machine"},{"floor":11,"key":"CCEMRelics:GrindingGear"},{"floor":22,"key":"Red Mask"},{"floor":23,"key":"CCEMRelics:DissonantTune"},{"floor":30,"key":"The Courier"},{"floor":40,"key":"Art of War"},{"floor":41,"key":"StuffTheSpire:PointBlank"}],"event_choices":[{"damage_healed":0,"gold_gain":0,"player_choice":"1","damage_taken":0,"max_hp_gain":0,"max_hp_loss":0,"event_name":"betterMatch:BetterMatch","floor":3,"gold_loss":0,"cards_obtained":["betterMatch:CommonCard","betterMatch:ColorlessRareCard"]},{"cards_removed":["Replay:Hysterical Blindness"],"damage_healed":0,"gold_gain":0,"player_choice":"Purged","damage_taken":0,"max_hp_gain":0,"max_hp_loss":0,"event_name":"Purifier","floor":4,"gold_loss":0},{"damage_healed":0,"gold_gain":0,"cards_transformed":["champ:Execute"],"player_choice":"Transformed","damage_taken":0,"max_hp_gain":0,"max_hp_loss":0,"event_name":"Transmorgrifier","floor":6,"gold_loss":0,"cards_obtained":["champ:HoldFirm"]},{"damage_healed":0,"gold_gain":0,"player_choice":"Ignored","damage_taken":0,"max_hp_gain":0,"max_hp_loss":0,"event_name":"Ghosts","floor":21,"gold_loss":0},{"damage_healed":0,"gold_gain":0,"player_choice":"Fought Bandits","damage_taken":0,"max_hp_gain":0,"max_hp_loss":0,"event_name":"Masked Bandits","floor":22,"gold_loss":0}],"is_beta":false,"boss_relics":[{"not_picked":["aspiration:SecretTechniqueScroll","Cursed Key"],"picked":"Replay:Grab Bag"},{"not_picked":["Busted Crown","Philosopher\u0027s Stone"],"picked":"Painkiller Herb"},{"not_picked":["halation:IncompleteEncyclopedia","aspiration:FutureDiary"],"picked":"StuffTheSpire:ModemDavis"},{"not_picked":["Ring of Chaos","conspire:SpecialSausage"],"picked":"champ:ChampionCrownUpgraded"},{"not_picked":["Snecko Eye","aspiration:SilentSkillbook"],"picked":"Tiny House"}],"items_purged_floors":[14],"is_endless":false,"potions_floor_spawned":[2,9,11,16,20,22,26,32,33,36,40,42,48],"ascension_level":0}}