{"host":"h4lp0eeso8a0ssq0","time":1610552069,"event":{"mods":["2.2 Compatiblity","AchievementEnabler","BaseMod","CapriCore","Colored Map","Minty Spire (QoL Compilation)","StSLib","SuperFastMode"],"gold_per_floor":[109,119,119,119,71,106,68,80,92,133,145,157,179,208,220,306,318,343,355,69,69,88,88,98,111,136,147,147,147],"floor_reached":28,"language":"KOR","playtime":585,"items_purged":[],"score":417,"play_id":"b1bbb508-f85b-4065-8163-91aa83e050f3","local_time":"20210114003429","is_ascension_mode":true,"campfire_choices":[{"data":"Skewer","floor":8.0,"key":"SMITH"},{"floor":15.0,"key":"REST"},{"data":"Crippling Poison","floor":23,"key":"SMITH"}],"circlet_count":0,"master_deck":["AscendersBane","Strike_G+1","Strike_G","Strike_G","Defend_G","Defend_G","Defend_G","Defend_G","Defend_G","Survivor","Neutralize+1","Skewer+1","Crippling Poison+1","A Thousand Cuts","Deadly Poison","Blade Dance","Prepared","Quick Slash","Dagger Throw","Burst","Escape Plan","Deadly Poison"],"relics":["Ring of the Snake","NeowsBlessing","MawBank","Darkstone Periapt","Orichalcum","Busted Crown","Omamori","Snake Skull"],"acts_visited":["Exordium","TheCity"],"potions_floor_usage":[],"damage_taken":[{"damage":0.0,"enemies":"2 Louse","floor":1.0,"turns":1.0},{"damage":0.0,"enemies":"Jaw Worm","floor":2.0,"turns":1.0},{"damage":0.0,"enemies":"Lagavulin","floor":6.0,"turns":1.0},{"damage":27.0,"enemies":"3 Sentries","floor":10.0,"turns":11.0},{"damage":0.0,"enemies":"Small Slimes","floor":13.0,"turns":2.0},{"damage":0.0,"enemies":"2 Fungi Beasts","floor":14.0,"turns":2.0},{"damage":20.0,"enemies":"Slime Boss","floor":16.0,"turns":9.0},{"damage":12.0,"enemies":"Shell Parasite","floor":18.0,"turns":5.0},{"damage":17,"enemies":"Spheric Guardian","floor":22,"turns":6},{"damage":3,"enemies":"Cultist and Chosen","floor":24,"turns":4},{"damage":10,"enemies":"Sentry and Sphere","floor":25,"turns":3},{"damage":10,"enemies":"Snake Plant","floor":27,"turns":4},{"damage":24,"enemies":"Shelled Parasite and Fungi","floor":28,"turns":3}],"seed_played":"3281692739013598249","potions_obtained":[{"floor":1.0,"key":"Dexterity Potion"},{"floor":10.0,"key":"DuplicationPotion"},{"floor":22,"key":"GhostInAJar"}],"is_trial":false,"path_per_floor":["M","M","?","?","$","E","?","R","T","E","?","?","M","M","R","B",null,"M","?","$","?","M","R","M","M","T","M","M"],"character_chosen":"THE_SILENT","items_purchased":["Deadly Poison","Omamori","Deadly Poison","FairyPotion"],"campfire_rested":1,"item_purchase_floors":[5,20,20,20],"current_hp_per_floor":[63,63,63,49,49,49,49,49,49,22,22,22,22,22,43,23,58,46,46,46,40,23,23,20,10,10,21,0,0],"gold":147,"neow_bonus":"THREE_ENEMY_KILL","is_daily":false,"chose_seed":false,"campfire_upgraded":2,"win_rate":0.0,"timestamp":1610552069,"path_taken":["M","M","?","?","?","E","?","R","T","E","?","?","M","M","R","BOSS","M","?","$","?","M","R","M","M","T","?","M"],"items_purchased_type":["Card","Relic","Card","Potion"],"build_version":"2020-12-22","purchased_purges":0,"victory":false,"max_hp_per_floor":[70,70,70,70,70,70,70,70,70,70,70,70,70,70,70,70,70,70,70,70,70,70,70,70,70,70,70,70,70],"card_choices":[{"not_picked":["Flechettes","PiercingWail"],"picked":"Skewer","floor":1.0},{"not_picked":["Flying Knee","Backflip"],"picked":"Crippling Poison","floor":2.0},{"not_picked":["Caltrops","Choke"],"picked":"Blade Dance","floor":6.0},{"not_picked":["Skewer","Tools of the Trade"],"picked":"Prepared","floor":10.0},{"not_picked":["Finisher","Sucker Punch"],"picked":"Quick Slash","floor":13.0},{"not_picked":["Underhanded Strike","Slice"],"picked":"Dagger Throw","floor":14.0},{"not_picked":["Phantasmal Killer","Malaise"],"picked":"Burst","floor":16.0},{"not_picked":[],"picked":"Escape Plan","floor":18.0},{"not_picked":["Dagger Throw"],"picked":"SKIP","floor":22},{"not_picked":["Tactician"],"picked":"SKIP","floor":24},{"not_picked":["Prepared"],"picked":"SKIP","floor":25},{"not_picked":["Cloak And Dagger"],"picked":"SKIP","floor":27}],"player_experience":155542,"relics_obtained":[{"floor":6.0,"key":"MawBank"},{"floor":9.0,"key":"Darkstone Periapt"},{"floor":10.0,"key":"Orichalcum"},{"floor":26,"key":"Snake Skull"}],"event_choices":[{"damage_healed":0.0,"max_hp_gain":0.0,"max_hp_loss":0.0,"gold_gain":0.0,"cards_transformed":["Strike_G"],"event_name":"Living Wall","player_choice":"Change","floor":3.0,"gold_loss":0.0,"damage_taken":0.0,"cards_obtained":["A Thousand Cuts"]},{"damage_healed":0.0,"max_hp_gain":0.0,"max_hp_loss":0.0,"gold_gain":0.0,"event_name":"Shining Light","player_choice":"Entered Light","floor":4.0,"gold_loss":0.0,"damage_taken":14.0,"cards_upgraded":["Strike_G","Neutralize"]},{"cards_removed":["Strike_G"],"damage_healed":0.0,"max_hp_gain":0.0,"max_hp_loss":0.0,"gold_gain":0.0,"event_name":"The Cleric","player_choice":"Card Removal","floor":7.0,"gold_loss":50.0,"damage_taken":0.0},{"damage_healed":0.0,"max_hp_gain":0.0,"max_hp_loss":0.0,"gold_gain":0.0,"event_name":"Scrap Ooze","player_choice":"Fled","floor":11.0,"gold_loss":0.0,"damage_taken":0.0},{"damage_healed":0.0,"max_hp_gain":0.0,"max_hp_loss":0.0,"gold_gain":0.0,"event_name":"Liars Game","player_choice":"Ignored","floor":12.0,"gold_loss":0.0,"damage_taken":0.0},{"damage_healed":0.0,"max_hp_gain":0.0,"max_hp_loss":0.0,"gold_gain":0.0,"event_name":"Vampires","player_choice":"Ignored","floor":19.0,"gold_loss":0.0,"damage_taken":0.0},{"damage_healed":0,"gold_gain":0,"player_choice":"","damage_taken":6,"max_hp_gain":0,"max_hp_loss":0,"event_name":"Knowing Skull","floor":21,"potions_obtained":[],"gold_loss":0,"cards_obtained":[]}],"is_beta":false,"boss_relics":[{"not_picked":["Ring of the Serpent","Runic Pyramid"],"picked":"Busted Crown"}],"items_purged_floors":[],"is_endless":false,"potions_floor_spawned":[1,10,22,24],"killed_by":"Shelled Parasite and Fungi","ascension_level":13}}