{"host":"5fpb1gzflhq9886n","time":1610525313,"event":{"mods":["AchievementEnabler","BaseMod","Colored Map","Colored Powertips","Minty Spire (QoL Compilation)","Permanent Neow"],"gold_per_floor":[111,124,136,136,211,245,245,245,295,295,309,378,407,425,425,523,523,536,1,11,11,11],"floor_reached":21,"language":"ENG","playtime":1299,"items_purged":[],"score":227,"play_id":"0d0b75fe-d312-4c00-b78d-8627da8e5f56","local_time":"20210113030833","is_ascension_mode":true,"campfire_choices":[{"floor":7,"key":"REST"},{"floor":10,"key":"REST"},{"data":"Devotion","floor":15,"key":"SMITH"}],"circlet_count":0,"master_deck":["Strike_P","Strike_P","Strike_P","Defend_P","Defend_P","Defend_P","Eruption+1","Vigilance","Halt","Consecrate","Devotion+1","WheelKick","MentalFortress","ReachHeaven","LessonLearned","WindmillStrike+1","Vault+1","FlurryOfBlows+1","SashWhip+1","Evaluate+1"],"relics":["SlaversCollar","Orichalcum","Nunchaku","Question Card","Boot","Astrolabe","Molten Egg 2","FossilizedHelix"],"acts_visited":["Exordium","TheCity"],"potions_floor_usage":[6,6],"damage_taken":[{"damage":5,"enemies":"Small Slimes","floor":1,"turns":3},{"damage":1,"enemies":"Jaw Worm","floor":2,"turns":4},{"damage":7,"enemies":"2 Louse","floor":3,"turns":2},{"damage":28,"enemies":"Gremlin Nob","floor":6,"turns":3},{"damage":11,"enemies":"Blue Slaver","floor":11,"turns":6},{"damage":5,"enemies":"3 Sentries","floor":13,"turns":6},{"damage":0,"enemies":"Large Slime","floor":14,"turns":4},{"damage":6,"enemies":"The Guardian","floor":16,"turns":8},{"damage":36,"enemies":"3 Byrds","floor":18,"turns":5},{"damage":12,"enemies":"Chosen","floor":20,"turns":3},{"damage":28,"enemies":"Snake Plant","floor":21,"turns":4}],"seed_played":"-8512366234416303921","potions_obtained":[{"floor":1,"key":"Swift Potion"},{"floor":3,"key":"ColorlessPotion"},{"floor":13,"key":"EssenceOfSteel"},{"floor":14,"key":"SpeedPotion"},{"floor":20,"key":"Regen Potion"}],"is_trial":false,"path_per_floor":["M","M","M","?","?","E","R","?","T","R","M","T","E","M","R","B",null,"M","$","M","M"],"character_chosen":"WATCHER","items_purchased":["Molten Egg 2","FossilizedHelix"],"campfire_rested":2,"item_purchase_floors":[19,19],"current_hp_per_floor":[67,66,59,59,48,20,41,41,41,62,51,51,46,46,46,40,72,36,36,24,0,0],"gold":11,"neow_bonus":"BOSS_RELIC","is_daily":false,"chose_seed":false,"campfire_upgraded":1,"win_rate":0.0,"timestamp":1610525313,"path_taken":["M","M","M","?","?","E","R","?","T","R","M","?","E","?","R","BOSS","M","$","M","M"],"items_purchased_type":["Relic","Relic"],"build_version":"2020-12-22","purchased_purges":0,"victory":false,"max_hp_per_floor":[72,72,72,72,72,72,72,72,72,72,72,72,72,72,72,72,72,72,72,72,72,72],"card_choices":[{"not_picked":["ForeignInfluence","ThirdEye"],"picked":"Halt","floor":1},{"not_picked":["FearNoEvil","Crescendo"],"picked":"Consecrate","floor":2},{"not_picked":["EmptyMind","Consecrate"],"picked":"Nirvana","floor":3},{"not_picked":["CutThroughFate","Halt"],"picked":"Devotion","floor":6},{"not_picked":["Crescendo","Swivel"],"picked":"WheelKick","floor":11},{"not_picked":["Evaluate","Protect","FlurryOfBlows"],"picked":"MentalFortress","floor":13},{"not_picked":["WindmillStrike","Crescendo","PathToVictory"],"picked":"ReachHeaven","floor":14},{"not_picked":["Blasphemy","Vault","ConjureBlade"],"picked":"LessonLearned","floor":16},{"not_picked":["PathToVictory","Consecrate","SpiritShield"],"picked":"SashWhip+1","floor":18},{"not_picked":["SashWhip+1","Crescendo+1","Halt"],"picked":"Evaluate+1","floor":20}],"player_experience":692554,"relics_obtained":[{"floor":6,"key":"Orichalcum"},{"floor":12,"key":"Question Card"},{"floor":13,"key":"Boot"}],"event_choices":[{"damage_healed":0,"gold_gain":0,"player_choice":"Grow","damage_taken":0,"max_hp_gain":0,"max_hp_loss":0,"event_name":"Living Wall","floor":4,"gold_loss":0,"cards_upgraded":["Eruption"]},{"damage_healed":0,"gold_gain":75,"player_choice":"Gather Gold","damage_taken":11,"max_hp_gain":0,"max_hp_loss":0,"event_name":"World of Goop","floor":5,"gold_loss":0},{"damage_healed":0,"gold_gain":0,"player_choice":"Searched \u00271\u0027 times","damage_taken":0,"relics_obtained":["Nunchaku"],"max_hp_gain":0,"max_hp_loss":0,"event_name":"Dead Adventurer","floor":8,"gold_loss":0}],"is_beta":false,"boss_relics":[{"not_picked":["Tiny House","Empty Cage"],"picked":"Astrolabe"}],"items_purged_floors":[],"is_endless":false,"potions_floor_spawned":[1,3,13,14,20],"killed_by":"Snake Plant","ascension_level":4}}