{"host":"03a85bwj0a5skoit","time":1610534226,"event":{"mods":["BaseMod","Block Reminder","Minty Spire (QoL Compilation)","Relic Stats","StSLib"],"gold_per_floor":[115,126,32,47,65,65,140,140,140,140,169,189,216,233,233,304,304,320,345,345,1,19,19,54,54,124,124,141,160,172,172,172,243,243,253,44,44,64,64,64,74,74,74,74,74,74,74],"floor_reached":46,"language":"ENG","playtime":1625,"items_purged":["Strike_G","Strike_G"],"score":921,"play_id":"d8d9a14a-be77-4286-9a8c-062e11e042ab","local_time":"20210113210706","is_ascension_mode":true,"campfire_choices":[{"data":"Blade Dance","floor":6,"key":"SMITH"},{"data":"Predator","floor":10,"key":"SMITH"},{"data":"Night Terror","floor":15,"key":"SMITH"},{"data":"Wraith Form v2","floor":23,"key":"SMITH"},{"floor":25,"key":"REST"},{"data":"Well Laid Plans","floor":27,"key":"SMITH"},{"floor":32,"key":"REST"},{"floor":40,"key":"RECALL"},{"floor":44,"key":"REST"}],"circlet_count":0,"master_deck":["AscendersBane","Strike_G+1","Strike_G+1","Defend_G","Defend_G","Defend_G","Defend_G","Defend_G","Neutralize","Flying Knee","Predator+1","Calculated Gamble","Blade Dance+1","Well Laid Plans+1","Finisher","Night Terror+1","Wraith Form v2+1","Endless Agony","Terror+1","Blade Dance+1","Infinite Blades","Adrenaline","Endless Agony+1","Escape Plan","Cloak And Dagger+1","Madness","Madness"],"relics":["Ring of the Snake","NeowsBlessing","Singing Bowl","Mango","StrikeDummy","Whetstone","WristBlade","Red Mask","TwistedFunnel","Paper Crane","The Courier","Fusion Hammer","Vajra"],"acts_visited":["Exordium","TheCity","TheBeyond"],"potions_floor_usage":[11,13,16,29,31],"damage_taken":[{"damage":0,"enemies":"Small Slimes","floor":1,"turns":1},{"damage":0,"enemies":"2 Louse","floor":2,"turns":1},{"damage":0,"enemies":"Jaw Worm","floor":4,"turns":1},{"damage":15,"enemies":"Lots of Slimes","floor":5,"turns":4},{"damage":3,"enemies":"Gremlin Nob","floor":11,"turns":3},{"damage":1,"enemies":"Looter","floor":12,"turns":3},{"damage":5,"enemies":"Lagavulin","floor":13,"turns":5},{"damage":13,"enemies":"Exordium Wildlife","floor":14,"turns":3},{"damage":70,"enemies":"The Guardian","floor":16,"turns":17},{"damage":24,"enemies":"Chosen","floor":18,"turns":6},{"damage":18,"enemies":"Masked Bandits","floor":19,"turns":5},{"damage":0,"enemies":"3 Byrds","floor":22,"turns":2},{"damage":11,"enemies":"Book of Stabbing","floor":24,"turns":4},{"damage":12,"enemies":"Snake Plant","floor":28,"turns":2},{"damage":1,"enemies":"Cultist and Chosen","floor":29,"turns":4},{"damage":13,"enemies":"3 Cultists","floor":30,"turns":4},{"damage":0,"enemies":"Colosseum Slavers","floor":31,"turns":1},{"damage":22,"enemies":"Champ","floor":33,"turns":10},{"damage":6,"enemies":"3 Darklings","floor":35,"turns":9},{"damage":0,"enemies":"Orb Walker","floor":38,"turns":1},{"damage":0,"enemies":"Spire Growth","floor":41,"turns":2}],"seed_played":"2441696080306570474","potions_obtained":[{"floor":4,"key":"Poison Potion"},{"floor":13,"key":"ColorlessPotion"},{"floor":14,"key":"FairyPotion"},{"floor":19,"key":"EssenceOfSteel"},{"floor":24,"key":"PowerPotion"},{"floor":30,"key":"PowerPotion"},{"floor":35,"key":"DistilledChaos"},{"floor":45,"key":"Dexterity Potion"}],"is_trial":false,"path_per_floor":["M","M","$","M","M","R","?","?","T","R","E","M","E","M","R","B",null,"M","?","?","$","M","R","E","R","T","R","M","M","M","?","R","B",null,"M","$","?","M","?","R","M","?","T","R","?","M"],"character_chosen":"THE_SILENT","items_purchased":["Strength Potion","Calculated Gamble","TwistedFunnel","GhostInAJar","Vajra"],"campfire_rested":3,"item_purchase_floors":[3,3,21,21,36],"current_hp_per_floor":[59,59,59,59,44,44,33,28,42,42,41,40,35,24,24,12,66,42,24,24,24,24,24,13,38,38,38,26,27,16,16,42,20,71,65,65,98,98,98,98,98,80,80,98,98,0,0],"gold":74,"neow_bonus":"THREE_ENEMY_KILL","is_daily":false,"chose_seed":false,"campfire_upgraded":5,"win_rate":0.0,"timestamp":1610534226,"path_taken":["M","M","$","M","M","R","?","?","T","R","E","M","E","M","R","BOSS","M","?","?","$","M","R","E","R","T","R","M","M","?","?","R","BOSS","M","$","?","?","?","R","M","?","T","R","?","?"],"items_purchased_type":["Potion","Card","Relic","Potion","Relic"],"build_version":"2020-12-22","purchased_purges":2,"victory":false,"max_hp_per_floor":[66,66,66,66,66,66,66,66,80,80,82,82,82,84,84,84,84,84,84,84,84,84,84,84,84,84,84,84,86,88,88,88,88,88,88,88,98,98,98,98,98,98,98,98,98,98,98],"relic_stats":{"Singing Bowl":8,"counters":[22,92],"Whetstone":["Strike_G","Strike_G"],"obtain_stats":[{"TwistedFunnel":21,"NeowsBlessing":0,"Singing Bowl":8,"Vajra":36,"Mango":9,"The Courier":26,"Whetstone":13,"Paper Crane":24,"WristBlade":17,"Fusion Hammer":34,"Red Mask":19,"StrikeDummy":11,"Ring of the Snake":0},{"TwistedFunnel":11,"NeowsBlessing":0,"Singing Bowl":4,"Vajra":19,"Mango":4,"The Courier":13,"Whetstone":7,"Paper Crane":13,"WristBlade":9,"Fusion Hammer":18,"Red Mask":11,"StrikeDummy":5,"Ring of the Snake":0},{"TwistedFunnel":49,"NeowsBlessing":0,"Singing Bowl":7,"Vajra":85,"Mango":7,"The Courier":55,"Whetstone":18,"Paper Crane":55,"WristBlade":38,"Fusion Hammer":76,"Red Mask":49,"StrikeDummy":10,"Ring of the Snake":0}],"Ring of the Snake":[47]},"card_choices":[{"not_picked":["Backflip","Outmaneuver"],"picked":"Flying Knee","floor":1},{"not_picked":["Caltrops","Cloak And Dagger"],"picked":"Predator","floor":2},{"not_picked":["Quick Slash","Prepared"],"picked":"Blade Dance","floor":4},{"not_picked":["Outmaneuver","Dagger Throw"],"picked":"Well Laid Plans","floor":5},{"not_picked":["Backflip","Bane","Prepared"],"picked":"Singing Bowl","floor":11},{"not_picked":["Dagger Throw","Quick Slash"],"picked":"Finisher","floor":12},{"not_picked":["Backflip","Poisoned Stab"],"picked":"Night Terror","floor":13},{"not_picked":["Skewer","Concentrate","Acrobatics"],"picked":"Singing Bowl","floor":14},{"not_picked":["Adrenaline","Grand Finale"],"picked":"Wraith Form v2","floor":16},{"not_picked":["Masterful Stab+1","Dagger Spray+1"],"picked":"Endless Agony","floor":18},{"not_picked":["Outmaneuver","Slice+1"],"picked":"Terror+1","floor":19},{"not_picked":["Quick Slash","Escape Plan"],"picked":"Blade Dance+1","floor":22},{"not_picked":["Flying Knee","Deadly Poison"],"picked":"Storm of Steel","floor":24},{"not_picked":["Poisoned Stab","Outmaneuver+1"],"picked":"Infinite Blades","floor":28},{"not_picked":["Prepared","Deadly Poison","Slice"],"picked":"Singing Bowl","floor":29},{"not_picked":["Infinite Blades","Quick Slash","Blade Dance"],"picked":"Singing Bowl","floor":30},{"not_picked":["Venomology","Night Terror"],"picked":"Adrenaline","floor":33},{"not_picked":["Flying Knee","Dagger Throw"],"picked":"Endless Agony+1","floor":35},{"not_picked":["PiercingWail","Poisoned Stab"],"picked":"Escape Plan","floor":38},{"not_picked":["Prepared","Slice"],"picked":"Cloak And Dagger+1","floor":41}],"player_experience":2329682,"relics_obtained":[{"floor":9,"key":"Mango"},{"floor":11,"key":"StrikeDummy"},{"floor":13,"key":"Whetstone"},{"floor":19,"key":"Red Mask"},{"floor":24,"key":"Paper Crane"},{"floor":26,"key":"The Courier"}],"event_choices":[{"damage_healed":0,"gold_gain":75,"player_choice":"Gather Gold","damage_taken":11,"max_hp_gain":0,"max_hp_loss":0,"event_name":"World of Goop","floor":7,"gold_loss":0},{"damage_healed":0,"gold_gain":0,"player_choice":"Success","damage_taken":5,"relics_obtained":["Singing Bowl"],"max_hp_gain":0,"max_hp_loss":0,"event_name":"Scrap Ooze","floor":8,"gold_loss":0},{"damage_healed":0,"gold_gain":0,"player_choice":"Fought Bandits","damage_taken":0,"max_hp_gain":0,"max_hp_loss":0,"event_name":"Masked Bandits","floor":19,"gold_loss":0},{"cards_removed":["Strike_G"],"damage_healed":0,"gold_gain":0,"player_choice":"Purged","damage_taken":0,"max_hp_gain":0,"max_hp_loss":0,"event_name":"Purifier","floor":20,"gold_loss":0},{"damage_healed":0,"gold_gain":0,"player_choice":"Fight","damage_taken":0,"max_hp_gain":0,"max_hp_loss":0,"event_name":"Colosseum","floor":31,"gold_loss":0},{"damage_healed":0,"gold_gain":0,"player_choice":"Fled From Nobs","damage_taken":0,"max_hp_gain":0,"max_hp_loss":0,"event_name":"Colosseum","floor":31,"gold_loss":0},{"cards_removed":["Storm of Steel"],"damage_healed":23,"gold_gain":0,"player_choice":"Offered Rare","damage_taken":0,"max_hp_gain":10,"max_hp_loss":0,"event_name":"Bonfire Elementals","floor":37,"gold_loss":0},{"cards_removed":["Survivor"],"damage_healed":0,"gold_gain":0,"player_choice":"Removed Skill","damage_taken":0,"max_hp_gain":0,"max_hp_loss":0,"event_name":"Falling","floor":39,"gold_loss":0},{"damage_healed":0,"gold_gain":0,"player_choice":"Embrace Madness","damage_taken":18,"max_hp_gain":0,"max_hp_loss":0,"event_name":"Winding Halls","floor":42,"gold_loss":0,"cards_obtained":["Madness","Madness"]},{"damage_healed":0,"gold_gain":0,"player_choice":"Got Potions","damage_taken":0,"max_hp_gain":0,"max_hp_loss":0,"event_name":"Lab","floor":45,"gold_loss":0}],"is_beta":false,"boss_relics":[{"not_picked":["Black Star","Ring of the Serpent"],"picked":"WristBlade"},{"not_picked":["Busted Crown","Coffee Dripper"],"picked":"Fusion Hammer"}],"items_purged_floors":[21,36],"is_endless":false,"potions_floor_spawned":[4,13,14,19,24,30,35],"killed_by":"Sphere and 2 Shapes","ascension_level":20}}