{"host":"konjmgczbcns2r3g","time":1610525920,"event":{"mods":["AchievementEnabler","BaseMod","Colored Powertips","Hermit","Infinite Spire","Koishi","Marisa????????","Minty Spire (QoL Compilation)","Replay The Spire","StSLib","The Cursed","The Necromancer","The Servant 0.9.4"],"gold_per_floor":[114,125,125,138,150,150,165,191,240,257,257,278,78,91,91,229,292,332,372,54,119,143,143,123,123,177,197,197,197],"floor_reached":28,"language":"ENG","playtime":1960,"items_purged":[],"score":226,"play_id":"7df59fde-de30-4d1c-bc49-3f7539007971","local_time":"20210113031840","is_ascension_mode":false,"campfire_choices":[{"data":"MilkyWay","floor":6.0,"key":"SMITH"},{"floor":15.0,"key":"REST"},{"data":"EnergyFlow","floor":23.0,"key":"SMITH"}],"circlet_count":0,"master_deck":["Strike_MRS","Strike_MRS","Strike_MRS","Strike_MRS","Defend_MRS","Defend_MRS","Defend_MRS","Defend_MRS","MasterSpark","UpSweep","MilkyWay+1","6A","MysteriousBeam","ChargeUpSpray","SporeBomb","IllusionStar","PowerUp","Injury","EnergyFlow+1","MysteriousBeam+1","WitchOfGreed","MillisecondPulsars","DoubleSpark","EnergyRecoil","Robbery","WitchOfGreed","AbsoluteMagnitude+1","PropBag+1","AsteroidBelt","PowerUp"],"relics":["MiniHakkero","infinitespire:Lucky Rock","Pantograph","Lantern","Golden Idol","Replay:Baseball","Tiny House","Happy Flower","BewitchedHakkero","SimpleLauncher","Replay:Mystery Machine","Kunai"],"acts_visited":["Exordium","TheCity"],"potions_floor_usage":[28],"damage_taken":[{"damage":0.0,"enemies":"2 Louse","floor":1.0,"turns":2.0},{"damage":16.0,"enemies":"infinitespire:Voidling","floor":2.0,"turns":4.0},{"damage":1.0,"enemies":"Cultist","floor":4.0,"turns":3.0},{"damage":0.0,"enemies":"2 Fungi Beasts","floor":5.0,"turns":2.0},{"damage":0.0,"enemies":"Blue Slaver","floor":7.0,"turns":3.0},{"damage":18.0,"enemies":"Lagavulin","floor":8.0,"turns":3.0},{"damage":2.0,"enemies":"3 Louse","floor":10.0,"turns":4.0},{"damage":8.0,"enemies":"Large Slime","floor":12.0,"turns":4.0},{"damage":0.0,"enemies":"Exordium Wildlife","floor":14.0,"turns":2.0},{"damage":19.0,"enemies":"Fading Forest","floor":16.0,"turns":11.0},{"damage":26.0,"enemies":"2 Thieves","floor":18.0,"turns":4.0},{"damage":22.0,"enemies":"Shell Parasite","floor":19.0,"turns":3.0},{"damage":7.0,"enemies":"Centurion and Healer","floor":21.0,"turns":4.0},{"damage":22.0,"enemies":"Shelled Parasite and Fungi","floor":22.0,"turns":4.0},{"damage":6.0,"enemies":"Cultist and Chosen","floor":27.0,"turns":3.0},{"damage":14,"enemies":"3 Cultists","floor":28,"turns":4}],"seed_played":"1591233850365080570","potions_obtained":[{"floor":2.0,"key":"Explosive Potion"},{"floor":5.0,"key":"LifebloodPotion"},{"floor":10.0,"key":"SkillPotion"},{"floor":16.0,"key":"ColorlessPotion"},{"floor":16.0,"key":"Regen Potion"},{"floor":17.0,"key":"AttackPotion"},{"floor":18.0,"key":"FearPotion"},{"floor":19.0,"key":"LiquidBronze"},{"floor":19.0,"key":"SkillPotion"},{"floor":21.0,"key":"EssenceOfSteel"},{"floor":24.0,"key":"Ancient Potion"},{"floor":27.0,"key":"Languid Potion"}],"is_trial":false,"path_per_floor":["M","M","?","M","M","R","M","E","T","M","?","M","$","M","R","B",null,"M","M","$","M","M","R","?","AVR","T","M","M"],"character_chosen":"MARISA","items_purchased":["Replay:Baseball","MysteriousBeam","Happy Flower","WitchOfGreed","AbsoluteMagnitude+1"],"campfire_rested":1,"item_purchase_floors":[13,13,20,20,20],"current_hp_per_floor":[75,59,59,58,58,58,58,40,40,38,38,30,30,30,52,73,80,63,41,41,34,12,12,12,12,12,6,0,0],"gold":197,"neow_bonus":"RANDOM_COMMON_RELIC","is_daily":false,"chose_seed":false,"campfire_upgraded":2,"win_rate":0.0,"timestamp":1610525920,"path_taken":["M","M","?","M","M","R","M","E","T","M","?","M","$","M","R","BOSS","M","M","$","M","M","R","?","AVR","T","?","M"],"items_purchased_type":["Relic","Card","Relic","Card","Card"],"build_version":"2020-12-22","purchased_purges":0,"victory":false,"max_hp_per_floor":[75,75,75,75,75,75,75,75,75,75,75,75,75,75,75,75,80,80,80,80,80,80,80,80,80,80,80,80,80],"card_choices":[{"not_picked":["Singularity","PropBag"],"picked":"MilkyWay","floor":1.0},{"not_picked":["ShootingEcho","UnstableBomb"],"picked":"6A","floor":2.0},{"not_picked":["LuminesStrike","IllusionStar"],"picked":"MysteriousBeam","floor":4.0},{"not_picked":["LuminesStrike","DC"],"picked":"ChargeUpSpray","floor":5.0},{"not_picked":["LuminesStrike","6A"],"picked":"SporeBomb","floor":7.0},{"not_picked":["TreasureHunter","GalacticHalo"],"picked":"IllusionStar","floor":8.0},{"not_picked":["SporeBomb","6A"],"picked":"PowerUp","floor":10.0},{"not_picked":["IllusionStar","WitchLeyline"],"picked":"EnergyFlow","floor":12.0},{"not_picked":["MilkyWay","AsteroidBelt"],"picked":"WitchOfGreed","floor":14.0},{"not_picked":["CollectingQuirk","EscapeVelocity"],"picked":"MillisecondPulsars","floor":16.0},{"not_picked":["MysteriousBeam","LuminesStrike"],"picked":"DoubleSpark","floor":17.0},{"not_picked":["SprinkleStarSeal","IllusionStar"],"picked":"EnergyRecoil","floor":18.0},{"not_picked":["WitchLeyline","UnstableBomb"],"picked":"Robbery","floor":19.0},{"not_picked":["UnstableBomb","LuminesStrike+1"],"picked":"PropBag+1","floor":21.0},{"not_picked":["BlazingStar","GrandCross"],"picked":"AsteroidBelt","floor":22.0},{"not_picked":["6A","GrandCross"],"picked":"PowerUp","floor":27.0}],"player_experience":313052,"relics_obtained":[{"floor":8.0,"key":"Pantograph"},{"floor":9.0,"key":"Lantern"},{"floor":26.0,"key":"Replay:Mystery Machine"}],"event_choices":[{"damage_healed":0.0,"max_hp_gain":0.0,"max_hp_loss":0.0,"gold_gain":0.0,"event_name":"Golden Idol","player_choice":"Take Wound","floor":11.0,"gold_loss":0.0,"damage_taken":0.0,"relics_obtained":["Golden Idol"],"cards_obtained":["Injury"]},{"damage_healed":0.0,"max_hp_gain":0.0,"max_hp_loss":0.0,"gold_gain":0.0,"event_name":"The Woman in Blue","player_choice":"Bought 1 Potion","floor":24.0,"gold_loss":0.0,"damage_taken":0.0}],"is_beta":false,"boss_relics":[{"not_picked":["Snecko Eye","RampagingMagicTools"],"picked":"Tiny House"}],"items_purged_floors":[],"is_endless":false,"potions_floor_spawned":[2,5,10,16,19,27],"killed_by":"3 Cultists","ascension_level":0}}