{"host":"52lujqhsyicpcskq","time":1610565720,"event":{"mods":["BaseMod","Colored Map","DeckTracker","Minty Spire (QoL Compilation)","Permanent Neow","StSLib","SuperFastMode","everything is the same but u backflip on backflip"],"gold_per_floor":[113,113,26,37,37,70,70,114,141,199,232,257,257,271,271,397,397,421,421,402,402,402],"floor_reached":21,"language":"KOR","playtime":835,"items_purged":[],"score":355,"play_id":"26ff92cc-ee86-4acd-a9df-51183865218e","local_time":"20210114042200","is_ascension_mode":true,"campfire_choices":[{"data":"Neutralize","floor":7,"key":"SMITH"},{"floor":13,"key":"REST"},{"data":"Footwork","floor":15,"key":"SMITH"}],"circlet_count":0,"master_deck":["AscendersBane","Strike_G","Strike_G","Strike_G","Strike_G","Strike_G","Defend_G","Defend_G","Defend_G","Defend_G","Defend_G","Survivor","Neutralize+1","Predator","Footwork+1","Slice","Dagger Spray","Backflip","Backstab","PiercingWail","Well Laid Plans","Envenom","Endless Agony","Poisoned Stab"],"relics":["Ring of the Serpent","NeowsBlessing","Bloody Idol","Omamori","Tiny Chest","Oddly Smooth Stone","Potion Belt"],"acts_visited":["Exordium","TheCity"],"potions_floor_usage":[8,8,16],"damage_taken":[{"damage":0,"enemies":"2 Louse","floor":1,"turns":1},{"damage":0,"enemies":"Small Slimes","floor":4,"turns":1},{"damage":0,"enemies":"3 Sentries","floor":6,"turns":1},{"damage":40,"enemies":"Lagavulin","floor":8,"turns":7},{"damage":7,"enemies":"3 Sentries","floor":11,"turns":9},{"damage":0,"enemies":"Jaw Worm","floor":12,"turns":3},{"damage":6,"enemies":"Exordium Wildlife","floor":14,"turns":6},{"damage":16,"enemies":"The Guardian","floor":16,"turns":18},{"damage":12,"enemies":"Chosen","floor":18,"turns":5},{"damage":27,"enemies":"2 Thieves","floor":20,"turns":4},{"damage":0,"enemies":"Shelled Parasite and Fungi","floor":21,"turns":2}],"seed_played":"-7341018162982998937","potions_obtained":[{"floor":4,"key":"SkillPotion"},{"floor":6,"key":"Swift Potion"},{"floor":8,"key":"Weak Potion"},{"floor":20,"key":"LiquidBronze"}],"is_trial":false,"path_per_floor":["M","?","$","M","?","E","R","E","T","?","E","M","R","M","R","B",null,"M","?","M","M"],"character_chosen":"THE_SILENT","items_purchased":["Footwork","Slice"],"campfire_rested":1,"item_purchase_floors":[3,3],"current_hp_per_floor":[63,63,63,63,63,63,63,23,23,23,16,16,35,29,29,13,52,40,40,23,23,23],"gold":402,"neow_bonus":"THREE_ENEMY_KILL","is_daily":false,"chose_seed":false,"campfire_upgraded":2,"win_rate":0.0,"timestamp":1610565720,"path_taken":["M","?","$","M","?","E","R","E","T","?","E","M","R","M","R","BOSS","M","?","M","M"],"items_purchased_type":["Card","Card"],"build_version":"2020-12-22","purchased_purges":0,"victory":false,"max_hp_per_floor":[70,70,70,70,65,65,65,65,65,65,65,65,65,65,65,65,65,65,65,65,65,65],"card_choices":[{"not_picked":["Deflect","Skewer"],"picked":"Predator","floor":1},{"not_picked":["Slice","Blade Dance"],"picked":"Dagger Spray","floor":4},{"not_picked":["Riddle With Holes","Deflect"],"picked":"Backflip","floor":6},{"not_picked":["Deflect","Skewer"],"picked":"Backstab","floor":8},{"not_picked":["Infinite Blades","Quick Slash"],"picked":"PiercingWail","floor":11},{"not_picked":["PiercingWail","Sucker Punch"],"picked":"Well Laid Plans","floor":12},{"not_picked":["Tactician","Underhanded Strike","Setup"],"picked":"SKIP","floor":14},{"not_picked":["Glass Knife","Bullet Time"],"picked":"Envenom","floor":16},{"not_picked":["Dagger Throw","Deflect"],"picked":"Endless Agony","floor":18},{"not_picked":["Flying Knee+1","Finisher"],"picked":"Poisoned Stab","floor":20}],"player_experience":702763,"relics_obtained":[{"floor":6,"key":"Omamori"},{"floor":8,"key":"Tiny Chest"},{"floor":9,"key":"Oddly Smooth Stone"},{"floor":11,"key":"Potion Belt"}],"event_choices":[{"damage_healed":0,"gold_gain":0,"player_choice":"Ignored","damage_taken":0,"max_hp_gain":0,"max_hp_loss":0,"event_name":"Liars Game","floor":2,"gold_loss":0},{"damage_healed":0,"gold_gain":0,"player_choice":"Lose Max HP","damage_taken":0,"relics_obtained":["Golden Idol"],"max_hp_gain":0,"max_hp_loss":5,"event_name":"Golden Idol","floor":5,"gold_loss":0},{"damage_healed":0,"gold_gain":58,"player_choice":"Gained Gold","damage_taken":0,"max_hp_gain":0,"max_hp_loss":0,"event_name":"Golden Wing","floor":10,"gold_loss":0},{"damage_healed":0,"gold_gain":0,"player_choice":"Gave Idol","damage_taken":0,"relics_obtained":["Bloody Idol"],"max_hp_gain":0,"max_hp_loss":0,"event_name":"Forgotten Altar","floor":19,"relics_lost":["Golden Idol"],"gold_loss":0}],"is_beta":false,"boss_relics":[{"not_picked":["Calling Bell","Busted Crown"],"picked":"Ring of the Serpent"}],"items_purged_floors":[],"is_endless":false,"potions_floor_spawned":[4,6,8,20],"killed_by":"Shelled Parasite and Fungi","ascension_level":12}}