{"host":"5x08nt64u3vxxcfi","time":1610531278,"event":{"mods":["BaseMod","Minty Spire (QoL Compilation)","StSLib","SuperFastMode"],"gold_per_floor":[113,113,126,201,201,236,236,254,279,62,76,111,129,148,148,243,243,259,259,275,350,22,22,22,22],"floor_reached":24,"language":"KOR","playtime":422,"items_purged":["Strike_G","Strike_G"],"score":381,"play_id":"d3bf241f-343a-4ced-813a-79915c94bdae","local_time":"20210113184758","is_ascension_mode":true,"campfire_choices":[{"data":"Neutralize","floor":7,"key":"SMITH"},{"data":"Burst","floor":15,"key":"SMITH"},{"floor":23,"key":"REST"}],"circlet_count":0,"master_deck":["AscendersBane","Strike_G","Strike_G","Defend_G","Defend_G","Defend_G","Defend_G","Defend_G","Survivor","Neutralize+1","Deadly Poison","Concentrate","Burst+1","Quick Slash","Poisoned Stab","Deadly Poison","Caltrops","Backstab","Blur","Noxious Fumes","Bane","Die Die Die","Dagger Throw","Footwork"],"relics":["Ring of the Snake","NeowsBlessing","Golden Idol","Centennial Puzzle","Pen Nib","Art of War","Black Star","TheAbacus"],"acts_visited":["Exordium","TheCity"],"potions_floor_usage":[11,16],"damage_taken":[{"damage":0,"enemies":"Jaw Worm","floor":1,"turns":1},{"damage":0,"enemies":"2 Louse","floor":3,"turns":1},{"damage":0,"enemies":"3 Sentries","floor":6,"turns":1},{"damage":0,"enemies":"Small Slimes","floor":8,"turns":3},{"damage":2,"enemies":"Gremlin Gang","floor":11,"turns":6},{"damage":12,"enemies":"Lagavulin","floor":12,"turns":5},{"damage":11,"enemies":"3 Louse","floor":13,"turns":3},{"damage":7,"enemies":"Blue Slaver","floor":14,"turns":3},{"damage":6,"enemies":"Hexaghost","floor":16,"turns":8},{"damage":2,"enemies":"Chosen","floor":18,"turns":4},{"damage":33,"enemies":"2 Thieves","floor":20,"turns":5},{"damage":33,"enemies":"Shelled Parasite and Fungi","floor":24,"turns":3}],"seed_played":"-5136672570395745599","potions_obtained":[{"floor":5,"key":"Swift Potion"},{"floor":5,"key":"PowerPotion"},{"floor":12,"key":"FearPotion"}],"is_trial":false,"path_per_floor":["M","?","M","?","?","E","R","M","T","$","M","E","M","M","R","B",null,"M","?","M","?","$","R","M"],"character_chosen":"THE_SILENT","items_purchased":["Poisoned Stab","Deadly Poison","Caltrops","Footwork","TheAbacus"],"campfire_rested":1,"item_purchase_floors":[10,10,10,22,22],"current_hp_per_floor":[63,63,63,52,52,52,52,52,52,52,50,38,27,20,20,14,52,50,50,17,11,11,30,0,0],"gold":22,"neow_bonus":"THREE_ENEMY_KILL","is_daily":false,"chose_seed":false,"campfire_upgraded":2,"win_rate":0.0,"timestamp":1610531278,"path_taken":["M","?","M","?","?","E","R","M","T","$","?","E","M","M","R","BOSS","M","?","?","?","$","R","M"],"items_purchased_type":["Card","Card","Card","Card","Relic"],"build_version":"2020-12-22","purchased_purges":2,"victory":false,"max_hp_per_floor":[70,65,65,65,65,65,65,65,65,65,65,65,65,65,65,65,65,65,65,65,65,65,65,65,65],"card_choices":[{"not_picked":["Cloak And Dagger","Well Laid Plans"],"picked":"Deadly Poison","floor":1},{"not_picked":["Terror","Prepared"],"picked":"Concentrate","floor":3},{"not_picked":["Slice","Cloak And Dagger"],"picked":"Burst","floor":6},{"not_picked":["Accuracy","Prepared"],"picked":"Quick Slash","floor":8},{"not_picked":["Dagger Throw","Cloak And Dagger"],"picked":"Backstab","floor":11},{"not_picked":["Backflip","Flying Knee"],"picked":"Blur","floor":12},{"not_picked":["Dagger Throw","Well Laid Plans"],"picked":"Noxious Fumes","floor":13},{"not_picked":["Cloak And Dagger","Accuracy"],"picked":"Bane","floor":14},{"not_picked":["Tools of the Trade","Venomology"],"picked":"Die Die Die","floor":16},{"not_picked":["Expertise","Endless Agony","Heel Hook+1"],"picked":"SKIP","floor":18},{"not_picked":["Deadly Poison","Backstab"],"picked":"Dagger Throw","floor":20}],"player_experience":98418,"relics_obtained":[{"floor":6,"key":"Centennial Puzzle"},{"floor":9,"key":"Pen Nib"},{"floor":12,"key":"Art of War"}],"event_choices":[{"damage_healed":0,"gold_gain":0,"player_choice":"Lose Max HP","damage_taken":0,"relics_obtained":["Golden Idol"],"max_hp_gain":0,"max_hp_loss":5,"event_name":"Golden Idol","floor":2,"gold_loss":0},{"damage_healed":0,"gold_gain":75,"player_choice":"Gather Gold","damage_taken":11,"max_hp_gain":0,"max_hp_loss":0,"event_name":"World of Goop","floor":4,"gold_loss":0},{"damage_healed":0,"gold_gain":0,"player_choice":"Got Potions","damage_taken":0,"max_hp_gain":0,"max_hp_loss":0,"event_name":"Lab","floor":5,"gold_loss":0},{"cards_removed":["Strike_G"],"damage_healed":0,"gold_gain":0,"player_choice":"Offered Basic","damage_taken":0,"max_hp_gain":0,"max_hp_loss":0,"event_name":"Bonfire Elementals","floor":19,"gold_loss":0},{"damage_healed":0,"gold_gain":75,"player_choice":"Touch","damage_taken":6,"max_hp_gain":0,"max_hp_loss":0,"event_name":"FaceTrader","floor":21,"gold_loss":0}],"is_beta":false,"boss_relics":[{"not_picked":["Cursed Key","Snecko Eye"],"picked":"Black Star"}],"items_purged_floors":[10,22],"is_endless":false,"potions_floor_spawned":[6,8,12,14],"killed_by":"Shelled Parasite and Fungi","ascension_level":13}}