{"host":"sf9jac3ppl7h88gj","time":1610572671,"event":{"mods":["AchievementEnabler","Ascension Unlocker","BaseMod","Colored Map","Custom Start","Force Act Four","Minty Spire (QoL Compilation)","Replay The Spire","StSLib"],"gold_per_floor":[117,117,135,5,19,19,39,53,53,53,53,66,86,86,86],"floor_reached":14,"language":"ENG","playtime":943,"items_purged":["Strike_R"],"score":168,"play_id":"d313b159-6b35-459d-b02c-f17a27fd34c4","local_time":"20210113161751","is_ascension_mode":true,"campfire_choices":[{"data":"Run Through","floor":6,"key":"SMITH"}],"circlet_count":0,"master_deck":["AscendersBane","Strike_R","Strike_R","Strike_R","Defend_R","Defend_R","Defend_R","Defend_R","Bash","Flex","Amnesia","Fiend Fire","Iron Wave","Run Through+1","Pommel Strike","Armaments","Flex","Flex"],"relics":["Burning Blood","Gremlin Horn"],"acts_visited":["Exordium"],"potions_floor_usage":[5],"damage_taken":[{"damage":4,"enemies":"Small Slimes","floor":1,"turns":4},{"damage":0,"enemies":"Cultist","floor":3,"turns":3},{"damage":0,"enemies":"Jaw Worm","floor":5,"turns":3},{"damage":9,"enemies":"2 Fungi Beasts","floor":7,"turns":3},{"damage":33,"enemies":"Exordium Wildlife","floor":8,"turns":6},{"damage":8,"enemies":"Lots of Slimes","floor":12,"turns":4},{"damage":12,"enemies":"Looter","floor":13,"turns":3},{"damage":37,"enemies":"3 Sentries","floor":14,"turns":6}],"seed_played":"8254516380397968531","potions_obtained":[{"floor":3,"key":"Venom Potion"},{"floor":5,"key":"Dexterity Potion"},{"floor":8,"key":"Ancient Potion"}],"is_trial":false,"path_per_floor":["M","?","M","$","M","R","M","M","T","?","?","M","M","E"],"character_chosen":"IRONCLAD","items_purchased":["Block Potion"],"campfire_rested":0,"item_purchase_floors":[4],"current_hp_per_floor":[77,77,82,82,82,82,79,52,52,45,45,43,37,0,0],"gold":86,"neow_bonus":"TEN_PERCENT_HP_BONUS","is_daily":false,"chose_seed":false,"campfire_upgraded":1,"win_rate":0.0,"timestamp":1610572671,"path_taken":["M","?","?","$","M","R","M","M","T","?","?","M","M","E"],"items_purchased_type":["Potion"],"build_version":"2020-12-22","purchased_purges":1,"victory":false,"max_hp_per_floor":[82,82,82,82,82,82,82,82,82,82,82,82,82,82,82],"card_choices":[{"not_picked":["Shrug It Off","Fire Breathing"],"picked":"Flex","floor":1},{"not_picked":["Evolve","Shockwave"],"picked":"Iron Wave","floor":3},{"not_picked":["Armaments","Sword Boomerang"],"picked":"Run Through","floor":5},{"not_picked":["Whirlwind","Clash"],"picked":"Pommel Strike","floor":7},{"not_picked":["Rampage","Sword Boomerang"],"picked":"Armaments","floor":8},{"not_picked":["Havoc","Corruption"],"picked":"Flex","floor":12},{"not_picked":["Clothesline","Combust"],"picked":"Flex","floor":13}],"player_experience":1196854,"relics_obtained":[{"floor":9,"key":"Gremlin Horn"}],"event_choices":[{"damage_healed":0,"gold_gain":0,"player_choice":"3 cards matched","damage_taken":0,"max_hp_gain":0,"max_hp_loss":0,"event_name":"Match and Keep!","floor":2,"gold_loss":0,"cards_obtained":["Amnesia","Fiend Fire","Bash"]},{"cards_removed":["Strike_R"],"damage_healed":0,"gold_gain":0,"player_choice":"Card Removal","damage_taken":7,"max_hp_gain":0,"max_hp_loss":0,"event_name":"Golden Wing","floor":10,"gold_loss":0},{"cards_removed":["Bash"],"damage_healed":0,"gold_gain":0,"player_choice":"Offered Basic","damage_taken":0,"max_hp_gain":0,"max_hp_loss":0,"event_name":"Bonfire Elementals","floor":11,"gold_loss":0}],"is_beta":false,"boss_relics":[],"items_purged_floors":[4],"is_endless":false,"potions_floor_spawned":[3,5,8],"killed_by":"3 Sentries","ascension_level":20}}