{"host":"6azrrw3tf7wb0f4b","time":1610543499,"event":{"mods":["BaseMod","DeckTracker","Minty Spire (QoL Compilation)","SuperFastMode"],"gold_per_floor":[117,135,67,67,142,175,186,201,201,211,238,238,238,87,87,217,217,234,247,147,157,170,170,170,95,118,146,186,203,203,203,203,308,308,350,350,376,376,68,128,142,142,142],"floor_reached":42,"language":"KOR","playtime":1580,"items_purged":["Strike_P","Defend_P","Writhe"],"score":890,"play_id":"32102f13-9eb5-4538-9fa5-6fa2fecf4ae0","local_time":"20210113221139","is_ascension_mode":true,"campfire_choices":[{"data":"Wish","floor":13.0,"key":"SMITH"},{"data":"Eruption","floor":15.0,"key":"SMITH"},{"floor":23.0,"key":"REST"},{"floor":30.0,"key":"REST"},{"floor":32.0,"key":"REST"}],"circlet_count":0,"master_deck":["AscendersBane","Strike_P+1","Defend_P","Eruption+1","Vigilance","TalkToTheHand","Tantrum+1","FearNoEvil","WheelKick","EmptyFist","EmptyBody","Wish+1","Halt","MentalFortress+1","Omniscience","Meditate","MentalFortress+1","InnerPeace","SpiritShield","LikeWater+1","Protect"],"relics":["PureWater","NeowsBlessing","Sundial","Frozen Egg 2","Bottled Flame","Runic Pyramid","Dream Catcher","Kunai","Empty Cage","Lantern","StrikeDummy"],"acts_visited":["Exordium","TheCity","TheBeyond"],"potions_floor_usage":[],"damage_taken":[{"damage":0.0,"enemies":"Cultist","floor":1.0,"turns":1.0},{"damage":0.0,"enemies":"2 Louse","floor":2.0,"turns":2.0},{"damage":0.0,"enemies":"3 Sentries","floor":6.0,"turns":2.0},{"damage":0.0,"enemies":"Small Slimes","floor":7.0,"turns":2.0},{"damage":7.0,"enemies":"Looter","floor":8.0,"turns":3.0},{"damage":0.0,"enemies":"Blue Slaver","floor":10.0,"turns":1.0},{"damage":0.0,"enemies":"Gremlin Nob","floor":11.0,"turns":2.0},{"damage":3.0,"enemies":"Slime Boss","floor":16.0,"turns":7.0},{"damage":1.0,"enemies":"Chosen","floor":18.0,"turns":4.0},{"damage":8.0,"enemies":"Shell Parasite","floor":19.0,"turns":3.0},{"damage":24.0,"enemies":"Cultist and Chosen","floor":21.0,"turns":4.0},{"damage":17.0,"enemies":"Centurion and Healer","floor":22.0,"turns":5.0},{"damage":2.0,"enemies":"Book of Stabbing","floor":27.0,"turns":6.0},{"damage":16.0,"enemies":"3 Cultists","floor":28.0,"turns":4.0},{"damage":0.0,"enemies":"Sentry and Sphere","floor":29.0,"turns":3.0},{"damage":0.0,"enemies":"Automaton","floor":33.0,"turns":9.0},{"damage":58.0,"enemies":"3 Darklings","floor":35.0,"turns":6.0},{"damage":19.0,"enemies":"Nemesis","floor":40.0,"turns":9.0},{"damage":0.0,"enemies":"Orb Walker","floor":41.0,"turns":5.0},{"damage":25,"enemies":"Reptomancer","floor":42,"turns":2}],"seed_played":"7527905590911547100","potions_obtained":[{"floor":1.0,"key":"Energy Potion"},{"floor":7.0,"key":"Fruit Juice"},{"floor":10.0,"key":"DistilledChaos"},{"floor":19.0,"key":"Explosive Potion"},{"floor":22.0,"key":"ColorlessPotion"},{"floor":27.0,"key":"Strength Potion"},{"floor":28.0,"key":"SneckoOil"},{"floor":35.0,"key":"Explosive Potion"},{"floor":41.0,"key":"Regen Potion"}],"is_trial":false,"path_per_floor":["M","M","$","?","?","E","M","M","T","M","E","?","R","$","R","B",null,"M","M","$","M","M","R","?","?","T","E","M","M","R","?","R","B",null,"M","?","T","?","$","E","M","E"],"character_chosen":"WATCHER","items_purchased":["FearNoEvil","MentalFortress+1","SpiritShield","LikeWater+1"],"campfire_rested":3,"item_purchase_floors":[3,14,39,39],"current_hp_per_floor":[65,65,65,51,40,40,40,38,38,38,38,38,38,38,38,35,67,66,58,58,34,17,40,40,40,40,38,22,22,45,29,52,52,71,13,32,32,32,32,13,13,0,0],"gold":142,"neow_bonus":"THREE_ENEMY_KILL","is_daily":false,"chose_seed":false,"campfire_upgraded":2,"win_rate":0.0,"timestamp":1610543499,"path_taken":["M","?","$","?","?","E","M","M","T","M","E","?","R","?","R","BOSS","M","M","$","M","M","R","?","?","T","E","?","M","R","?","R","BOSS","M","?","?","?","$","E","?","E"],"items_purchased_type":["Card","Card","Card","Card"],"build_version":"2020-12-22","purchased_purges":3,"victory":false,"max_hp_per_floor":[72,72,72,72,72,72,72,77,77,77,77,77,77,77,77,77,77,77,77,77,77,77,77,77,77,77,77,77,77,77,77,77,77,77,77,77,77,77,77,77,77,77,77],"card_choices":[{"not_picked":["Wallop","Sanctity"],"picked":"TalkToTheHand","floor":1.0},{"not_picked":["SashWhip","Wallop"],"picked":"Tantrum","floor":2.0},{"not_picked":["Conclude","Halt"],"picked":"WheelKick","floor":6.0},{"not_picked":["BowlingBash","JustLucky"],"picked":"EmptyFist","floor":7.0},{"not_picked":["PathToVictory","Prostrate"],"picked":"EmptyBody","floor":8.0},{"not_picked":["Consecrate","ClearTheMind"],"picked":"Wish","floor":10.0},{"not_picked":["WindmillStrike","Sanctity"],"picked":"Halt","floor":11.0},{"not_picked":["LessonLearned","Ragnarok"],"picked":"Omniscience","floor":16.0},{"not_picked":["Conclude","Worship","Swivel"],"picked":"SKIP","floor":18.0},{"not_picked":["JustLucky","ThirdEye","Consecrate"],"picked":"SKIP","floor":19.0},{"not_picked":["Prostrate","ClearTheMind"],"picked":"Meditate","floor":21.0},{"not_picked":["Consecrate","ClearTheMind","CrushJoints"],"picked":"SKIP","floor":22.0},{"not_picked":["Crescendo","Prostrate","Wireheading+1"],"picked":"SKIP","floor":27.0},{"not_picked":["CrushJoints","ClearTheMind"],"picked":"MentalFortress+1","floor":28.0},{"not_picked":["Wireheading+1","Blasphemy","FollowUp"],"picked":"SKIP","floor":29.0},{"not_picked":["Evaluate+1","JustLucky"],"picked":"InnerPeace","floor":30.0},{"not_picked":["Crescendo+1","Swivel","WindmillStrike"],"picked":"SKIP","floor":35.0},{"not_picked":["MentalFortress+1","ThirdEye+1","BowlingBash+1"],"picked":"SKIP","floor":40.0},{"not_picked":["FlurryOfBlows","Establishment+1"],"picked":"Protect","floor":41.0}],"player_experience":701382,"relics_obtained":[{"floor":6.0,"key":"Sundial"},{"floor":9.0,"key":"Frozen Egg 2"},{"floor":11.0,"key":"Bottled Flame"},{"floor":26.0,"key":"Dream Catcher"},{"floor":27.0,"key":"Kunai"},{"floor":37.0,"key":"Lantern"},{"floor":40.0,"key":"StrikeDummy"}],"event_choices":[{"damage_healed":0.0,"max_hp_gain":0.0,"max_hp_loss":0.0,"gold_gain":0.0,"event_name":"Shining Light","player_choice":"Entered Light","floor":4.0,"gold_loss":0.0,"damage_taken":14.0,"cards_upgraded":["Strike_P","Tantrum"]},{"damage_healed":0.0,"max_hp_gain":0.0,"max_hp_loss":0.0,"gold_gain":75.0,"event_name":"World of Goop","player_choice":"Gather Gold","floor":5.0,"gold_loss":0.0,"damage_taken":11.0},{"cards_removed":["Strike_P"],"damage_healed":0.0,"max_hp_gain":0.0,"max_hp_loss":0.0,"gold_gain":0.0,"event_name":"Living Wall","player_choice":"Forget","floor":12.0,"gold_loss":0.0,"damage_taken":0.0},{"damage_healed":0.0,"max_hp_gain":0.0,"max_hp_loss":0.0,"gold_gain":0.0,"event_name":"The Mausoleum","player_choice":"Ignored","floor":24.0,"gold_loss":0.0,"damage_taken":0.0},{"cards_removed":["Defend_P"],"damage_healed":0.0,"max_hp_gain":0.0,"max_hp_loss":0.0,"gold_gain":0.0,"event_name":"Beggar","player_choice":"Gave Gold","floor":25.0,"gold_loss":75.0,"damage_taken":0.0},{"damage_healed":0.0,"max_hp_gain":0.0,"max_hp_loss":0.0,"gold_gain":0.0,"event_name":"Cursed Tome","player_choice":"Obtained Book","floor":31.0,"gold_loss":0.0,"damage_taken":16.0},{"damage_healed":19.0,"max_hp_gain":0.0,"max_hp_loss":0.0,"gold_gain":0.0,"event_name":"Winding Halls","player_choice":"Writhe","floor":36.0,"gold_loss":0.0,"damage_taken":0.0,"cards_obtained":["Writhe"]},{"damage_healed":0.0,"max_hp_gain":0.0,"max_hp_loss":0.0,"gold_gain":0.0,"event_name":"Tomb of Lord Red Mask","player_choice":"Ignored","floor":38.0,"gold_loss":0.0,"damage_taken":0.0}],"is_beta":false,"boss_relics":[{"not_picked":["Runic Dome","VioletLotus"],"picked":"Runic Pyramid"},{"not_picked":["SlaversCollar","Pandora\u0027s Box"],"picked":"Empty Cage"}],"items_purged_floors":[14,20,39],"is_endless":false,"potions_floor_spawned":[1,7,10,19,22,27,28,35,41],"killed_by":"Reptomancer","ascension_level":12}}