{"host":"g1wmg2w41xhsnw8g","time":1610569232,"event":{"mods":["2.2 Compatiblity","Act Like it!","Aspiration","BaseMod","Better Altar","Better Match","Better Note","Better Sensory Stone","Better Skull","Better Third Choice","BetterRewards","Booster Modes","CapriCore","Colored Map","Colored Powertips","Defuse TimeMaze Blight","Displayed Cursed Tome","Evolution","Fox Events","Friendly Minions","GifTheSpireLib","Good Game Mod","Googly Eyes","Infinite Spire","Magitek Elite","Minty Spire (QoL Compilation)","Red Circlet Mod","Relic Sorter","SCP261 Mod","Shop Mod","Spicy Shops","StSLib","The Bug Knight","The Sage","Transform Curses","Wandering Minibosses","????"],"gold_per_floor":[113,113,38,38,38,70,82,67,93,93,106,137,129,155,83,177,177,201,201,1025,990,990,219,238,264,289,298,298],"floor_reached":27,"language":"ENG","playtime":1938,"items_purged":["Envenom","Decay","HollowMod:QuickDashStart"],"score":419,"play_id":"cc75a565-c7f8-4ff2-9f17-b1ed48670404","local_time":"20210113152031","is_ascension_mode":true,"campfire_choices":[{"data":"HollowMod:FocusHealStart","floor":10,"key":"SMITH"}],"circlet_count":0,"master_deck":["HollowMod:NailStrikeStart","HollowMod:NailStrikeStart","HollowMod:NailStrikeStart","HollowMod:NailStrikeStart","HollowMod:QuickDashStart","HollowMod:QuickDashStart","HollowMod:QuickDashStart","HollowMod:FocusHealStart+1","HollowMod:PogoStrike","Apotheosis+1","HollowMod:InfectedCysts","HollowMod:CycloneSlash","HollowMod:MantisMark","HollowMod:HornetsHelp","CurseOfTheBell","infinitespire:NeuralNetwork","sagemod:How_To_Befriend_A_Turtle+1","HollowMod:NewJinnsSoul"],"relics":["HollowMod:VesselMask","REME:ComplimentaryCards","EVO:Axolotl","MerchantsRug","Singing Bowl","Torii","CultistMask","HollowMod:PaleOreRelic","Lantern","aspiration:FetidBarrel","infinitespire:Midas Blood","StrikeDummy","Calling Bell","Tintinnabulum","Shuriken","Peace Pipe","HollowMod:KingsSoulRelic","wanderingMiniBosses:MasterThiefsPresence","Lee\u0027s Waffle","HandDrill","Akabeko","Mythril_Glove","Blood Vial","Bag of Preparation"],"acts_visited":["Exordium","TheCity"],"potions_floor_usage":[6,21,21],"damage_taken":[{"damage":6,"enemies":"Cultist","floor":1,"turns":4},{"damage":32,"enemies":"Lagavulin","floor":6,"turns":4},{"damage":14,"enemies":"Jaw Worm","floor":7,"turns":2},{"damage":0,"enemies":"Small Slimes","floor":11,"turns":2},{"damage":34,"enemies":"3 Sentries","floor":12,"turns":6},{"damage":13,"enemies":"Gremlin Gang","floor":13,"turns":5},{"damage":12,"enemies":"Gremlin Nob","floor":14,"turns":3},{"damage":8,"enemies":"Slime Boss","floor":16,"turns":7},{"damage":21,"enemies":"2 Thieves","floor":18,"turns":3},{"damage":6,"enemies":"3 Byrds","floor":20,"turns":3},{"damage":48,"enemies":"3 Cultists","floor":21,"turns":6},{"damage":9,"enemies":"Shelled Parasite and Fungi","floor":24,"turns":4},{"damage":13,"enemies":"HollowMod:Nosk","floor":25,"turns":6},{"damage":117,"enemies":"Nightmare","floor":27,"turns":9}],"seed_played":"8029182861665627794","potions_obtained":[{"floor":1,"key":"FearPotion"},{"floor":12,"key":"BlessingOfTheForge"},{"floor":13,"key":"SmokeBomb"},{"floor":16,"key":"Weak Potion"},{"floor":18,"key":"PowerPotion"},{"floor":22,"key":"Dexterity Potion"},{"floor":22,"key":"SteroidPotion"},{"floor":22,"key":"SmokeBomb"},{"floor":24,"key":"Swift Potion"}],"is_trial":false,"path_per_floor":["M","T","?","?","?","E","M","$","T","R","M","E","M","E","R","B",null,"M","AVR","M","M","?","R","M","E","T","NM"],"character_chosen":"THE_BUGKNIGHT","items_purchased":["MerchantsRug","Singing Bowl","Potion Belt","HollowMod:CycloneSlash","StrikeDummy","Lee\u0027s Waffle","HandDrill","Akabeko","HollowMod:NewJinnsSoul","Mythril_Glove"],"campfire_rested":0,"item_purchase_floors":[0,0,0,8,15,23,23,23,23,23],"current_hp_per_floor":[71,71,71,71,71,49,37,37,37,37,45,25,24,24,24,22,85,76,77,78,39,40,96,89,91,92,0,0],"gold":298,"neow_bonus":"","is_daily":false,"chose_seed":false,"campfire_upgraded":1,"win_rate":0.0,"timestamp":1610569231,"path_taken":["M","?","?","?","?","E","M","$","T","R","M","E","?","E","R","BOSS","M","AVR","M","M","?","R","M","E","T","NM"],"items_purchased_type":["Relic","Relic","Relic","Card","Relic","Relic","Relic","Relic","Card","Relic"],"build_version":"2020-12-22","purchased_purges":3,"victory":false,"max_hp_per_floor":[77,77,77,77,77,77,79,79,79,79,81,83,83,85,85,85,85,87,87,87,89,89,96,98,100,100,100,100],"card_choices":[{"not_picked":["HollowMod:DescendingDark","HollowMod:InfectionAssault","HollowMod:BlackTendrils"],"picked":"Singing Bowl","floor":1},{"not_picked":["The Bomb+1","Chrysalis+1"],"picked":"Apotheosis+1","floor":3},{"not_picked":["HollowMod:ShapeofUnn","HollowMod:GreatSlash"],"picked":"HollowMod:InfectedCysts","floor":6},{"not_picked":["HollowMod:ElderbugsWisdom","HollowMod:CycloneSlash","HollowMod:AbyssShriek"],"picked":"Singing Bowl","floor":7},{"not_picked":["HollowMod:SiblingsShadow","HollowMod:DreamGate","HollowMod:FastStrike"],"picked":"Singing Bowl","floor":11},{"not_picked":["HollowMod:SoulShaman","HollowMod:LifebloodCocoon","HollowMod:DescendingDark"],"picked":"Singing Bowl","floor":12},{"not_picked":["HollowMod:CloakDash","HollowMod:AbyssShriek"],"picked":"HollowMod:MantisMark","floor":13},{"not_picked":["HollowMod:PerfectDash","HollowMod:VengefulVoid","HollowMod:LordofShades"],"picked":"Singing Bowl","floor":14},{"not_picked":["HollowMod:MidwifesHunger","HollowMod:Hiveblood"],"picked":"HollowMod:HornetsHelp","floor":16},{"not_picked":["HollowMod:CloakDash","HollowMod:InfectionAssault","HollowMod:DoubleDash"],"picked":"Singing Bowl","floor":18},{"not_picked":["Perfected Strike","Circlet"],"picked":"sagemod:How_To_Befriend_A_Turtle+1","floor":20},{"not_picked":["CrushJoints","Bane+1","Impatience"],"picked":"Singing Bowl","floor":21},{"not_picked":["HollowMod:InfectedAttack","HollowMod:GoodIntentions","HollowMod:NewJinnsSoul+1"],"picked":"Singing Bowl","floor":24},{"not_picked":["HollowMod:VengefulVoid","HollowMod:VoidDash","HollowMod:CornifersMapStart+1"],"picked":"Singing Bowl","floor":25}],"player_experience":922817,"relics_obtained":[{"floor":2,"key":"Torii"},{"floor":6,"key":"HollowMod:PaleOreRelic"},{"floor":9,"key":"Lantern"},{"floor":12,"key":"aspiration:FetidBarrel"},{"floor":14,"key":"infinitespire:Midas Blood"},{"floor":17,"key":"Tintinnabulum"},{"floor":17,"key":"Shuriken"},{"floor":17,"key":"Peace Pipe"},{"floor":20,"key":"wanderingMiniBosses:MasterThiefsPresence"},{"floor":25,"key":"Blood Vial"},{"floor":26,"key":"Bag of Preparation"}],"event_choices":[{"damage_healed":0,"gold_gain":0,"player_choice":"2","damage_taken":0,"max_hp_gain":0,"max_hp_loss":0,"event_name":"betterMatch:BetterMatch","floor":3,"gold_loss":0,"cards_obtained":["betterMatch:ColorlessRareCard"]},{"damage_healed":0,"gold_gain":0,"player_choice":"Trade","damage_taken":0,"relics_obtained":["CultistMask"],"max_hp_gain":0,"max_hp_loss":0,"event_name":"FaceTrader","floor":5,"gold_loss":0},{"damage_healed":0,"gold_gain":0,"player_choice":"Got Potions","damage_taken":0,"max_hp_gain":0,"max_hp_loss":0,"event_name":"Lab","floor":22,"gold_loss":0}],"is_beta":false,"boss_relics":[{"not_picked":["Velvet Choker","Sozu"],"picked":"Calling Bell"}],"items_purged_floors":[0,23,23],"is_endless":false,"potions_floor_spawned":[1,12,13,16,18,24],"killed_by":"Nightmare","ascension_level":1}}