{"host":"3po7ngt2j61s4rmj","time":1610517508,"event":{"mods":["Act Like it!","BaseMod","Hermit","JesterMod","Minty Spire (QoL Compilation)","Relic Stats","Shade Mod","StSLib"],"gold_per_floor":[114,74,51,64,76,76,95,95,95,106,134,153,165,194,194,295,295,310,84,84,101,26,58,58,87,87,99,99,110,110,120,120,221,221,250,332,344,373,25,25,59,82,163,182,33,33,44,44,44,44,44],"floor_reached":50,"language":"ENG","playtime":6622,"items_purged":["jesterMod:Strike","jesterMod:Strike+1"],"score":749,"play_id":"280b4ca4-0e93-4a48-a1fe-85679f9739ac","local_time":"20210112225828","is_ascension_mode":true,"campfire_choices":[{"data":"jesterMod:HedgehogForm","floor":6,"key":"SMITH"},{"data":"jesterMod:SmokeScreen","floor":8,"key":"SMITH"},{"floor":15,"key":"REST"},{"floor":24,"key":"REST"},{"floor":30,"key":"REST"},{"floor":32,"key":"REST"},{"data":"jesterMod:Patience","floor":40,"key":"SMITH"},{"floor":46,"key":"REST"},{"floor":49,"key":"REST"}],"circlet_count":0,"master_deck":["jesterMod:Strike+1","jesterMod:Strike+1","jesterMod:Defend+1","jesterMod:Defend+1","jesterMod:Defend+1","jesterMod:Defend+1","jesterMod:Dodge","jesterMod:HedgehogForm+1","jesterMod:SmokeScreen+1","jesterMod:QuickStrike","jesterMod:HitAndRun","jesterMod:Anticipation","jesterMod:Illness","jesterMod:ButterflyDance","jesterMod:HitAndRun","jesterMod:Overthink","jesterMod:LaughingGas","jesterMod:Contradiction","jesterMod:Patience+1","jesterMod:LaughingGas","CurseOfTheBell","jesterMod:Prankster+1","jesterMod:Swiftness","Madness","Madness","jesterMod:Patience+1","Apotheosis","Discovery","jesterMod:Juggle"],"relics":["jesterMod:JesterCap","StrikeDummy","Ice Cream","Orichalcum","Busted Crown","ClockworkSouvenir","InkBottle","Dream Catcher","White Beast Statue","Calling Bell","MawBank","Pantograph","Gambling Chip","Torii","Omamori","jesterMod:LargeSleeves","Lantern"],"acts_visited":["Exordium","TheCity","TheBeyond"],"potions_floor_usage":[11,14,14,14,16,23,23,25,27,28,33,33,36,36,41,42,42,47,48,48],"damage_taken":[{"damage":7,"enemies":"2 Louse","floor":1,"turns":3},{"damage":0,"enemies":"Cultist","floor":4,"turns":5},{"damage":0,"enemies":"Jaw Worm","floor":5,"turns":4},{"damage":4,"enemies":"2 Fungi Beasts","floor":7,"turns":4},{"damage":0,"enemies":"Large Slime","floor":10,"turns":5},{"damage":4,"enemies":"Lagavulin","floor":11,"turns":8},{"damage":8,"enemies":"Looter","floor":12,"turns":3},{"damage":7,"enemies":"3 Louse","floor":13,"turns":4},{"damage":20,"enemies":"Gremlin Nob","floor":14,"turns":6},{"damage":10,"enemies":"Slime Boss","floor":16,"turns":11},{"damage":2,"enemies":"Chosen","floor":18,"turns":6},{"damage":31,"enemies":"2 Thieves","floor":21,"turns":5},{"damage":9,"enemies":"Book of Stabbing","floor":23,"turns":5},{"damage":32,"enemies":"Slavers","floor":25,"turns":6},{"damage":3,"enemies":"Shelled Parasite and Fungi","floor":27,"turns":7},{"damage":0,"enemies":"Colosseum Slavers","floor":28,"turns":6},{"damage":2,"enemies":"Snecko","floor":29,"turns":5},{"damage":8,"enemies":"Centurion and Healer","floor":31,"turns":6},{"damage":0,"enemies":"Collector","floor":33,"turns":11},{"damage":10,"enemies":"3 Shapes","floor":35,"turns":4},{"damage":4,"enemies":"Mind Bloom Boss Battle","floor":36,"turns":9},{"damage":6,"enemies":"3 Darklings","floor":38,"turns":6},{"damage":1,"enemies":"Giant Head","floor":41,"turns":6},{"damage":39,"enemies":"Transient","floor":42,"turns":5},{"damage":9,"enemies":"Maw","floor":44,"turns":6},{"damage":8,"enemies":"Spire Growth","floor":47,"turns":4},{"damage":0,"enemies":"4 Shapes","floor":48,"turns":1},{"damage":62,"enemies":"Donu and Deca","floor":50,"turns":7}],"seed_played":"-8223099547745460685","potions_obtained":[{"floor":2,"key":"GamblersBrew"},{"floor":2,"key":"LiquidMemories"},{"floor":2,"key":"EntropicBrew"},{"floor":7,"key":"Block Potion"},{"floor":11,"key":"SneckoOil"},{"floor":12,"key":"SpeedPotion"},{"floor":14,"key":"Strength Potion"},{"floor":16,"key":"LiquidBronze"},{"floor":21,"key":"PowerPotion"},{"floor":25,"key":"PowerPotion"},{"floor":27,"key":"Explosive Potion"},{"floor":29,"key":"SpeedPotion"},{"floor":31,"key":"PowerPotion"},{"floor":33,"key":"PowerPotion"},{"floor":35,"key":"AttackPotion"},{"floor":36,"key":"Weak Potion"},{"floor":38,"key":"DistilledChaos"},{"floor":41,"key":"ColorlessPotion"},{"floor":42,"key":"Explosive Potion"},{"floor":44,"key":"EssenceOfSteel"},{"floor":47,"key":"SmokeBomb"}],"is_trial":false,"path_per_floor":["M","?","$","M","M","R","M","R","T","M","E","M","M","E","R","B",null,"M","$","?","M","?","E","R","E","T","M","?","M","R","M","R","B",null,"M","?","?","M","$","R","E","M","T","M","$","R","M","M","R","B"],"character_chosen":"THE_JESTER","items_purchased":["jesterMod:QuickStrike","ClockworkSouvenir","Apotheosis","Discovery","Lantern"],"campfire_rested":6,"item_purchase_floors":[3,19,39,39,45],"current_hp_per_floor":[56,56,56,56,56,56,52,52,52,52,48,40,33,13,34,24,59,57,57,57,26,26,17,38,6,6,3,3,1,22,14,35,35,61,51,66,57,51,51,51,50,11,11,2,2,23,15,15,36,0,0],"gold":44,"neow_bonus":"ONE_RANDOM_RARE_CARD","is_daily":false,"chose_seed":false,"campfire_upgraded":3,"win_rate":0.0,"timestamp":1610517508,"path_taken":["M","?","?","M","M","R","M","R","T","M","E","M","M","E","R","BOSS","M","$","?","M","?","E","R","E","T","M","?","M","R","M","R","BOSS","M","?","?","M","?","R","E","M","T","M","$","R","M","?","R","BOSS"],"items_purchased_type":["Card","Relic","Card","Card","Relic"],"build_version":"2020-12-22","purchased_purges":2,"victory":false,"max_hp_per_floor":[70,70,70,70,70,70,70,70,70,70,70,70,70,70,70,70,70,70,70,70,70,70,70,70,70,70,70,70,70,70,70,70,70,70,70,70,70,70,70,70,70,70,70,70,70,70,70,70,70,70,70],"relic_stats":{"Dream Catcher":4,"Busted Crown":40,"Torii":0,"counters":[28,158],"Pantograph":44,"Gambling Chip":[28],"Orichalcum":[150],"MawBank":60,"obtain_stats":[{"Ice Cream":11,"Lantern":45,"Torii":36,"jesterMod:JesterCap":0,"Omamori":41,"Orichalcum":14,"MawBank":34,"White Beast Statue":26,"ClockworkSouvenir":19,"Calling Bell":34,"Dream Catcher":25,"Busted Crown":17,"Pantograph":34,"Gambling Chip":34,"StrikeDummy":9,"InkBottle":23,"jesterMod:LargeSleeves":43},{"Ice Cream":6,"Lantern":25,"Torii":21,"jesterMod:JesterCap":0,"Omamori":23,"Orichalcum":9,"MawBank":19,"White Beast Statue":14,"ClockworkSouvenir":11,"Calling Bell":19,"Dream Catcher":14,"Busted Crown":10,"Pantograph":19,"Gambling Chip":19,"StrikeDummy":4,"InkBottle":13,"jesterMod:LargeSleeves":24},{"Ice Cream":29,"Lantern":146,"Torii":123,"jesterMod:JesterCap":0,"Omamori":135,"Orichalcum":42,"MawBank":110,"White Beast Statue":75,"ClockworkSouvenir":59,"Calling Bell":110,"Dream Catcher":75,"Busted Crown":53,"Pantograph":110,"Gambling Chip":110,"StrikeDummy":16,"InkBottle":69,"jesterMod:LargeSleeves":140}],"InkBottle":[53]},"card_choices":[{"not_picked":["jesterMod:DancingMad","jesterMod:SwiftDodge"],"picked":"jesterMod:SmokeScreen","floor":1},{"not_picked":["jesterMod:Hide","jesterMod:Rebuff"],"picked":"jesterMod:HitAndRun","floor":4},{"not_picked":["jesterMod:JackInTheBox","jesterMod:LightTheWick"],"picked":"jesterMod:Anticipation","floor":5},{"not_picked":["jesterMod:Unleash","jesterMod:Swiftness"],"picked":"jesterMod:Illness","floor":7},{"not_picked":["jesterMod:DaggerRain","jesterMod:Anticipation","jesterMod:Precipitation"],"picked":"SKIP","floor":10},{"not_picked":["jesterMod:Discretion","jesterMod:Haste"],"picked":"jesterMod:ButterflyDance","floor":11},{"not_picked":["jesterMod:Procrastination","jesterMod:Prankster","jesterMod:RecklessStrike"],"picked":"SKIP","floor":12},{"not_picked":["jesterMod:DancingMad","jesterMod:SelfMockery"],"picked":"jesterMod:HitAndRun","floor":13},{"not_picked":["jesterMod:JackInTheBox","jesterMod:BoilDown"],"picked":"jesterMod:Overthink","floor":14},{"not_picked":["jesterMod:Encore","jesterMod:Trance"],"picked":"jesterMod:LaughingGas","floor":16},{"not_picked":["jesterMod:OblivionStrike"],"picked":"SKIP","floor":18},{"not_picked":["jesterMod:Illness"],"picked":"SKIP","floor":21},{"not_picked":["jesterMod:SmokeScreen"],"picked":"SKIP","floor":23},{"not_picked":[],"picked":"jesterMod:Contradiction","floor":25},{"not_picked":["jesterMod:Prankster"],"picked":"SKIP","floor":27},{"not_picked":["jesterMod:JugglerBlade"],"picked":"SKIP","floor":29},{"not_picked":[],"picked":"jesterMod:Patience+1","floor":30},{"not_picked":["jesterMod:Precipitation"],"picked":"SKIP","floor":31},{"not_picked":[],"picked":"jesterMod:LaughingGas","floor":33},{"not_picked":[],"picked":"jesterMod:Prankster+1","floor":35},{"not_picked":[],"picked":"jesterMod:Swiftness","floor":36},{"not_picked":[],"picked":"jesterMod:Patience","floor":38},{"not_picked":[],"picked":"jesterMod:Juggle","floor":41},{"not_picked":["jesterMod:HitAndRun+1"],"picked":"SKIP","floor":42},{"not_picked":["jesterMod:Prankster"],"picked":"SKIP","floor":44},{"not_picked":["jesterMod:Disposophobia"],"picked":"SKIP","floor":47}],"player_experience":1137642,"relics_obtained":[{"floor":9,"key":"StrikeDummy"},{"floor":11,"key":"Ice Cream"},{"floor":14,"key":"Orichalcum"},{"floor":23,"key":"InkBottle"},{"floor":25,"key":"Dream Catcher"},{"floor":26,"key":"White Beast Statue"},{"floor":34,"key":"MawBank"},{"floor":34,"key":"Pantograph"},{"floor":34,"key":"Gambling Chip"},{"floor":36,"key":"Torii"},{"floor":41,"key":"Omamori"},{"floor":43,"key":"jesterMod:LargeSleeves"}],"event_choices":[{"damage_healed":0,"gold_gain":0,"player_choice":"Bought 3 Potions","damage_taken":0,"max_hp_gain":0,"max_hp_loss":0,"event_name":"The Woman in Blue","floor":2,"gold_loss":0},{"damage_healed":0,"gold_gain":0,"player_choice":"Simplicity","damage_taken":0,"max_hp_gain":0,"max_hp_loss":0,"event_name":"Back to Basics","floor":20,"gold_loss":0,"cards_upgraded":["jesterMod:Strike","jesterMod:Strike","jesterMod:Strike","jesterMod:Defend","jesterMod:Defend","jesterMod:Defend","jesterMod:Defend"]},{"cards_removed":["jesterMod:Sickle"],"damage_healed":0,"gold_gain":0,"player_choice":"Gave Gold","damage_taken":0,"max_hp_gain":0,"max_hp_loss":0,"event_name":"Beggar","floor":22,"gold_loss":75},{"damage_healed":0,"gold_gain":0,"player_choice":"Fight","damage_taken":0,"max_hp_gain":0,"max_hp_loss":0,"event_name":"Colosseum","floor":28,"gold_loss":0},{"damage_healed":0,"gold_gain":0,"player_choice":"Fled From Nobs","damage_taken":0,"max_hp_gain":0,"max_hp_loss":0,"event_name":"Colosseum","floor":28,"gold_loss":0},{"damage_healed":0,"gold_gain":0,"player_choice":"Fight","damage_taken":0,"max_hp_gain":0,"max_hp_loss":0,"event_name":"MindBloom","floor":36,"gold_loss":0},{"damage_healed":0,"gold_gain":0,"player_choice":"Embrace Madness","damage_taken":9,"max_hp_gain":0,"max_hp_loss":0,"event_name":"Winding Halls","floor":37,"gold_loss":0,"cards_obtained":["Madness","Madness"]}],"is_beta":false,"boss_relics":[{"not_picked":["Runic Dome","Empty Cage"],"picked":"Busted Crown"},{"not_picked":["jesterMod:LoadedDice","Astrolabe"],"picked":"Calling Bell"}],"items_purged_floors":[19,39],"is_endless":false,"potions_floor_spawned":[7,11,12,14,16,21,25,27,28,29,31,33,35,36,38,41,42,44,47,48],"killed_by":"Donu and Deca","ascension_level":6}}