{"host":"g907ck67u7c3hrs6","time":1610507618,"event":{"mods":["BaseMod","Colored Map","DeckTracker","Highlight Path","Keyboard Shortcuts","Minty Spire (QoL Compilation)","Permanent Neow","Say the Spire","SuperFastMode"],"gold_per_floor":[114,127,227,245,245,273,273,308,308,325,358,358,390,410,410,506,506,524,537,552,552,400,433,433,465,465,508,346,383,383,423,423,532,532,552,552,341,341,357,392,392,433,433,326,346,127,162,174,174,174],"floor_reached":51,"language":"KOR","playtime":1851,"items_purged":["Writhe","Strike_G","Strike_G","Strike_G","Defend_G"],"score":1109,"play_id":"503568d0-b502-4c31-a536-13c2260655dc","local_time":"20210113121338","daily_mods":["Heirloom","Diverse","Elite Swarm"],"is_ascension_mode":false,"campfire_choices":[{"data":"Storm","floor":7,"key":"SMITH"},{"data":"Storm","floor":15,"key":"SMITH"},{"data":"Buffer","floor":24,"key":"SMITH"},{"data":"Storm","floor":32,"key":"SMITH"},{"data":"Vault","floor":41,"key":"SMITH"},{"data":"Berserk","floor":49,"key":"SMITH"}],"circlet_count":0,"master_deck":["Strike_G+1","Defend_G","Defend_G","Defend_G","Defend_G","Survivor","Neutralize","Self Repair","Storm+1","Whirlwind","Offering","Perseverance","Tools of the Trade","Adrenaline","Shrug It Off","Storm+1","Berserk+1","DeceiveReality","Echo Form","Hello World+1","Footwork","Buffer+1","Vault+1","Storm+1","Impervious","DevaForm","Creative AI","Turbo+1","Wraith Form v2","Vault","Glacier","BootSequence"],"relics":["Ring of the Snake","Prayer Wheel","Singing Bowl","Sundial","Akabeko","Letter Opener","Strawberry","Whetstone","Coffee Dripper","PreservedInsect","Incense Burner","Bag of Preparation","CeramicFish","Oddly Smooth Stone","Bottled Tornado","Meat on the Bone","Centennial Puzzle","Runic Dome","Membership Card","Happy Flower","Mercury Hourglass","FossilizedHelix","ClockworkSouvenir","Bronze Scales"],"acts_visited":["Exordium","TheCity","TheBeyond"],"potions_floor_usage":[8,33,33,50,50,50],"damage_taken":[{"damage":1,"enemies":"Jaw Worm","floor":1,"turns":6},{"damage":0,"enemies":"Cultist","floor":2,"turns":4},{"damage":2,"enemies":"Small Slimes","floor":4,"turns":4},{"damage":36,"enemies":"Gremlin Nob","floor":6,"turns":5},{"damage":19,"enemies":"3 Sentries","floor":8,"turns":3},{"damage":0,"enemies":"3 Louse","floor":10,"turns":2},{"damage":9,"enemies":"Lagavulin","floor":11,"turns":6},{"damage":7,"enemies":"3 Sentries","floor":13,"turns":6},{"damage":6,"enemies":"Large Slime","floor":14,"turns":4},{"damage":6,"enemies":"Slime Boss","floor":16,"turns":6},{"damage":9,"enemies":"Shell Parasite","floor":18,"turns":4},{"damage":8,"enemies":"Spheric Guardian","floor":19,"turns":4},{"damage":6,"enemies":"Cultist and Chosen","floor":20,"turns":4},{"damage":24,"enemies":"Slavers","floor":23,"turns":3},{"damage":6,"enemies":"Gremlin Leader","floor":25,"turns":3},{"damage":32,"enemies":"Slavers","floor":27,"turns":4},{"damage":6,"enemies":"Book of Stabbing","floor":29,"turns":3},{"damage":6,"enemies":"Gremlin Leader","floor":31,"turns":3},{"damage":6,"enemies":"Automaton","floor":33,"turns":7},{"damage":10,"enemies":"Orb Walker","floor":35,"turns":3},{"damage":3,"enemies":"3 Shapes","floor":39,"turns":3},{"damage":18,"enemies":"Reptomancer","floor":40,"turns":4},{"damage":24,"enemies":"Nemesis","floor":42,"turns":5},{"damage":1,"enemies":"Sphere and 2 Shapes","floor":45,"turns":2},{"damage":0,"enemies":"Reptomancer","floor":47,"turns":4},{"damage":0,"enemies":"3 Darklings","floor":48,"turns":1},{"damage":25,"enemies":"Time Eater","floor":50,"turns":6}],"seed_played":"1883974456791085046","potions_obtained":[{"floor":4,"key":"BlessingOfTheForge"},{"floor":6,"key":"Strength Potion"},{"floor":8,"key":"Strength Potion"},{"floor":11,"key":"Ancient Potion"},{"floor":20,"key":"EntropicBrew"},{"floor":25,"key":"EntropicBrew"}],"is_trial":true,"path_per_floor":["M","M","?","M","?","E","R","E","T","M","E","?","E","M","R","B",null,"M","M","M","?","$","E","R","E","T","E","$","E","T","E","R","B",null,"M","?","$","?","M","E","R","E","T","$","M","$","E","M","R","B",null],"character_chosen":"THE_SILENT","items_purchased":["Footwork","Storm","Membership Card","Glacier","ClockworkSouvenir","BootSequence","PowerPotion"],"campfire_rested":0,"item_purchase_floors":[22,28,37,44,46,46,46],"current_hp_per_floor":[69,70,70,68,65,36,36,17,17,17,22,22,24,27,27,28,81,81,87,91,91,91,74,74,77,77,59,59,53,53,47,47,60,93,85,85,85,85,93,75,75,65,65,65,68,68,84,88,88,70],"gold":174,"neow_bonus":"","is_daily":false,"chose_seed":false,"campfire_upgraded":6,"win_rate":0.0,"timestamp":1610507618,"path_taken":["M","M","?","?","?","E","R","E","T","M","E","?","E","M","R","BOSS","M","M","M","?","$","E","R","E","T","E","?","E","?","E","R","BOSS","M","?","$","?","M","E","R","E","T","$","M","$","E","?","R","BOSS"],"items_purchased_type":["Card","Card","Relic","Card","Relic","Card","Potion"],"build_version":"2020-12-22","purchased_purges":5,"victory":true,"max_hp_per_floor":[70,70,70,70,70,70,70,70,70,70,77,77,79,81,81,81,81,83,87,91,91,91,91,91,93,93,93,93,93,93,93,93,93,93,95,95,95,95,99,99,99,99,99,99,103,103,105,109,109,109],"card_choices":[{"not_picked":["Barrage","Crescendo"],"picked":"Self Repair","floor":1},{"not_picked":["BowlingBash","Heel Hook"],"picked":"Storm","floor":1},{"not_picked":["Sentinel","Halt"],"picked":"Whirlwind","floor":2},{"not_picked":["Bane","LikeWater","Consecrate"],"picked":"SKIP","floor":2},{"not_picked":["Beam Cell","Armaments"],"picked":"Offering","floor":4},{"not_picked":["Crescendo","ForeignInfluence"],"picked":"Perseverance","floor":4},{"not_picked":["Blasphemy","Meteor Strike"],"picked":"Tools of the Trade","floor":6},{"not_picked":["A Thousand Cuts","Omniscience"],"picked":"Adrenaline","floor":8},{"not_picked":["Crescendo","Stack"],"picked":"Shrug It Off","floor":10},{"not_picked":["Dark Embrace","Metallicize"],"picked":"Storm","floor":10},{"not_picked":["Grand Finale","Limit Break"],"picked":"Berserk","floor":11},{"not_picked":["Bullet Time","ConjureBlade","Hyperbeam"],"picked":"Singing Bowl","floor":13},{"not_picked":["Wild Strike","Headbutt"],"picked":"DeceiveReality","floor":14},{"not_picked":["InnerPeace","Iron Wave","EmptyFist"],"picked":"Singing Bowl","floor":14},{"not_picked":["Buffer","Thunder Strike"],"picked":"Echo Form","floor":16},{"not_picked":["Prostrate","Recycle","EmptyBody"],"picked":"Singing Bowl","floor":18},{"not_picked":["Underhanded Strike+1","Infinite Blades"],"picked":"Hello World+1","floor":18},{"not_picked":["Perfected Strike+1","Bane","CrushJoints"],"picked":"Singing Bowl","floor":19},{"not_picked":["Perfected Strike","Compile Driver","Crescendo"],"picked":"Singing Bowl","floor":19},{"not_picked":["Intimidate","EmptyBody","WreathOfFlame"],"picked":"Singing Bowl","floor":20},{"not_picked":["Concentrate","Pommel Strike","Grand Finale"],"picked":"Singing Bowl","floor":20},{"not_picked":["Omniscience","Multi-Cast"],"picked":"Buffer","floor":23},{"not_picked":["Hyperbeam","Corpse Explosion","Limit Break"],"picked":"Singing Bowl","floor":25},{"not_picked":["Offering","Omniscience"],"picked":"Vault","floor":27},{"not_picked":["Glass Knife","Limit Break"],"picked":"Impervious","floor":29},{"not_picked":["Blasphemy","Judgement"],"picked":"DevaForm","floor":31},{"not_picked":["Unload","Feed"],"picked":"Creative AI","floor":33},{"not_picked":["Protect","Prepared+1","Barrage+1"],"picked":"Singing Bowl","floor":35},{"not_picked":["DeceiveReality","Dagger Throw+1"],"picked":"Turbo+1","floor":35},{"not_picked":["Scrape","Cold Snap","ReachHeaven"],"picked":"Singing Bowl","floor":39},{"not_picked":["Shrug It Off+1","CutThroughFate+1","Backflip+1"],"picked":"Singing Bowl","floor":39},{"not_picked":["Fiend Fire","Barricade"],"picked":"Wraith Form v2","floor":40},{"not_picked":["Reaper","Reboot"],"picked":"Vault","floor":42},{"not_picked":["ForeignInfluence","Streamline","Quick Slash+1"],"picked":"Singing Bowl","floor":45},{"not_picked":["Clash","Doom and Gloom+1","Sword Boomerang"],"picked":"Singing Bowl","floor":45},{"not_picked":["Blasphemy","Bludgeon","Multi-Cast"],"picked":"Singing Bowl","floor":47},{"not_picked":["Predator","Infernal Blade+1","Compile Driver+1"],"picked":"Singing Bowl","floor":48},{"not_picked":["Disarm","Shrug It Off+1","Protect+1"],"picked":"Singing Bowl","floor":48}],"player_experience":212086,"relics_obtained":[{"floor":6,"key":"Sundial"},{"floor":8,"key":"Akabeko"},{"floor":9,"key":"Letter Opener"},{"floor":11,"key":"Strawberry"},{"floor":13,"key":"Whetstone"},{"floor":23,"key":"Incense Burner"},{"floor":25,"key":"Bag of Preparation"},{"floor":26,"key":"CeramicFish"},{"floor":27,"key":"Oddly Smooth Stone"},{"floor":29,"key":"Bottled Tornado"},{"floor":30,"key":"Meat on the Bone"},{"floor":31,"key":"Centennial Puzzle"},{"floor":40,"key":"Happy Flower"},{"floor":42,"key":"Mercury Hourglass"},{"floor":43,"key":"FossilizedHelix"},{"floor":47,"key":"Bronze Scales"}],"event_choices":[{"damage_healed":0,"gold_gain":100,"player_choice":"Pray","damage_taken":0,"max_hp_gain":0,"max_hp_loss":0,"event_name":"Golden Shrine","floor":3,"gold_loss":0},{"damage_healed":0,"gold_gain":0,"player_choice":"Success","damage_taken":3,"relics_obtained":["Singing Bowl"],"max_hp_gain":0,"max_hp_loss":0,"event_name":"Scrap Ooze","floor":5,"gold_loss":0},{"damage_healed":0,"gold_gain":0,"player_choice":"Ignored","damage_taken":0,"max_hp_gain":0,"max_hp_loss":0,"event_name":"Liars Game","floor":12,"gold_loss":0},{"damage_healed":0,"gold_gain":0,"player_choice":"Opened","damage_taken":0,"relics_obtained":["PreservedInsect"],"max_hp_gain":0,"max_hp_loss":0,"event_name":"The Mausoleum","floor":21,"gold_loss":0,"cards_obtained":["Writhe"]},{"damage_healed":0,"gold_gain":0,"player_choice":"Ignored","damage_taken":0,"max_hp_gain":0,"max_hp_loss":0,"event_name":"Tomb of Lord Red Mask","floor":36,"gold_loss":0},{"cards_removed":["Strike_G"],"damage_healed":0,"gold_gain":0,"player_choice":"Removed Attack","damage_taken":0,"max_hp_gain":0,"max_hp_loss":0,"event_name":"Falling","floor":38,"gold_loss":0}],"is_beta":false,"boss_relics":[{"not_picked":["Empty Cage","Astrolabe"],"picked":"Coffee Dripper"},{"not_picked":["Tiny House","WristBlade"],"picked":"Runic Dome"}],"items_purged_floors":[22,28,37,44,46],"is_endless":false,"potions_floor_spawned":[4,6,8,11,18,20,25,33,35,47,48],"ascension_level":0}}