{"host":"ih7ofq2zpufcoifs","time":1610517131,"event":{"mods":["BaseMod","Colored Map","Minty Spire (QoL Compilation)"],"gold_per_floor":[213,225,6,21,21,21,39,73,96,127,146,165,165,176,176,252,252,269,31,42,42,42,42,70,70,70,70,120,120,139,152,152,226,226,239,1,21,21,76,76,76],"floor_reached":40,"language":"ENG","playtime":2749,"items_purged":["Strike_G"],"score":907,"play_id":"1270180f-7b00-48dc-ae6c-b046fab54d3f","local_time":"20210113155211","is_ascension_mode":true,"campfire_choices":[{"data":"Blade Dance","floor":6.0,"key":"SMITH"},{"floor":13.0,"key":"REST"},{"floor":15.0,"key":"REST"},{"floor":23.0,"key":"REST"},{"data":"Catalyst","floor":25.0,"key":"SMITH"},{"floor":29.0,"key":"REST"},{"data":"Noxious Fumes","floor":32.0,"key":"SMITH"}],"circlet_count":0,"master_deck":["AscendersBane","Strike_G","Strike_G","Defend_G","Defend_G","Defend_G","Defend_G","Defend_G","Survivor","Neutralize","Bouncing Flask","Reflex","Quick Slash","Blade Dance+1","Reflex","Noxious Fumes+1","Catalyst+1","Leg Sweep","Blur","Adrenaline","Prepared","Night Terror","Outmaneuver+1","Catalyst","Leg Sweep","Accuracy","Die Die Die","Caltrops","Deadly Poison","Blur","Blur","Corpse Explosion","Footwork","Night Terror","Madness","Madness","Burst"],"relics":["Ring of the Snake","Vajra","Lantern","Dream Catcher","Akabeko","Runic Pyramid","Anchor","Pen Nib","Question Card","Nilry\u0027s Codex","Philosopher\u0027s Stone","Calipers"],"acts_visited":["Exordium","TheCity","TheBeyond"],"potions_floor_usage":[40],"damage_taken":[{"damage":0.0,"enemies":"2 Louse","floor":1.0,"turns":3.0},{"damage":1.0,"enemies":"Cultist","floor":2.0,"turns":4.0},{"damage":0.0,"enemies":"Small Slimes","floor":4.0,"turns":3.0},{"damage":4.0,"enemies":"2 Fungi Beasts","floor":7.0,"turns":3.0},{"damage":11.0,"enemies":"Gremlin Nob","floor":8.0,"turns":3.0},{"damage":25.0,"enemies":"Lagavulin","floor":10.0,"turns":5.0},{"damage":0.0,"enemies":"Gremlin Gang","floor":11.0,"turns":3.0},{"damage":7.0,"enemies":"Exordium Thugs","floor":12.0,"turns":4.0},{"damage":0.0,"enemies":"Exordium Wildlife","floor":14.0,"turns":2.0},{"damage":25.0,"enemies":"Slime Boss","floor":16.0,"turns":8.0},{"damage":5.0,"enemies":"Shell Parasite","floor":18.0,"turns":6.0},{"damage":3.0,"enemies":"Chosen","floor":20.0,"turns":4.0},{"damage":5.0,"enemies":"Book of Stabbing","floor":24.0,"turns":5.0},{"damage":11.0,"enemies":"Shelled Parasite and Fungi","floor":30.0,"turns":5.0},{"damage":4.0,"enemies":"Centurion and Healer","floor":31.0,"turns":6.0},{"damage":20.0,"enemies":"Champ","floor":33.0,"turns":10.0},{"damage":0.0,"enemies":"3 Shapes","floor":35.0,"turns":4.0},{"damage":0.0,"enemies":"Orb Walker","floor":37.0,"turns":3.0},{"damage":20.0,"enemies":"2 Orb Walkers","floor":39.0,"turns":5.0},{"damage":23,"enemies":"Reptomancer","floor":40,"turns":2}],"seed_played":"-5541148080808659314","potions_obtained":[{"floor":1.0,"key":"PowerPotion"},{"floor":7.0,"key":"SteroidPotion"},{"floor":10.0,"key":"Swift Potion"},{"floor":11.0,"key":"SpeedPotion"},{"floor":14.0,"key":"SpeedPotion"},{"floor":33.0,"key":"ColorlessPotion"},{"floor":37.0,"key":"BlessingOfTheForge"},{"floor":39.0,"key":"Dexterity Potion"}],"is_trial":false,"path_per_floor":["M","M","$","M","?","R","M","E","T","E","M","M","R","M","R","B",null,"M","$","M","?","?","R","E","R","T","?","?","R","M","M","R","B",null,"M","$","M","?","?","E"],"character_chosen":"THE_SILENT","items_purchased":["Quick Slash","Vajra","Anchor","Catalyst","Night Terror"],"campfire_rested":4,"item_purchase_floors":[3,3,19,19,36],"current_hp_per_floor":[59,58,58,58,49,49,45,34,34,9,9,2,21,21,40,15,53,48,48,45,45,27,48,43,43,43,22,22,43,32,28,28,8,55,55,55,55,42,22,0,0],"gold":76,"neow_bonus":"HUNDRED_GOLD","is_daily":false,"chose_seed":false,"campfire_upgraded":3,"win_rate":0.0,"timestamp":1610517131,"path_taken":["M","M","$","M","?","R","M","E","T","E","?","?","R","M","R","BOSS","M","$","M","?","?","R","E","R","T","?","?","R","M","M","R","BOSS","M","$","?","?","?","E"],"items_purchased_type":["Card","Relic","Relic","Card","Card"],"build_version":"2020-12-22","purchased_purges":1,"victory":false,"max_hp_per_floor":[66,66,66,66,66,66,66,66,66,66,66,66,66,66,66,66,66,66,66,66,66,71,71,71,71,71,71,71,71,71,71,71,71,71,71,71,71,71,71,71,71],"card_choices":[{"not_picked":["Acrobatics","Cloak And Dagger"],"picked":"Bouncing Flask","floor":1.0},{"not_picked":["Underhanded Strike","Tactician"],"picked":"Reflex","floor":2.0},{"not_picked":["Cloak And Dagger","Deadly Poison"],"picked":"Blade Dance","floor":4.0},{"not_picked":["Slice","Finisher"],"picked":"Reflex","floor":7.0},{"not_picked":["Sucker Punch","Blade Dance"],"picked":"Noxious Fumes","floor":8.0},{"not_picked":["Backstab","Sucker Punch"],"picked":"Catalyst","floor":10.0},{"not_picked":["Sucker Punch","Quick Slash"],"picked":"Leg Sweep","floor":11.0},{"not_picked":["Sucker Punch","Cloak And Dagger"],"picked":"Blur","floor":12.0},{"not_picked":["Deadly Poison","Poisoned Stab"],"picked":"Adrenaline","floor":13.0},{"not_picked":["Flechettes","Poisoned Stab"],"picked":"Prepared","floor":14.0},{"not_picked":["Bullet Time","Phantasmal Killer"],"picked":"Night Terror","floor":16.0},{"not_picked":["Eviscerate","Slice"],"picked":"Outmaneuver+1","floor":18.0},{"not_picked":["Masterful Stab","Backflip"],"picked":"Leg Sweep","floor":20.0},{"not_picked":["Flying Knee","Sucker Punch"],"picked":"Caltrops","floor":23.0},{"not_picked":["Sucker Punch","Deadly Poison","Outmaneuver"],"picked":"SKIP","floor":24.0},{"not_picked":["Slice","Well Laid Plans","Masterful Stab"],"picked":"Deadly Poison","floor":29.0},{"not_picked":["Doppelganger","Outmaneuver","Bane"],"picked":"Blur","floor":30.0},{"not_picked":["Outmaneuver","Prepared","Skewer"],"picked":"Blur","floor":31.0},{"not_picked":["Die Die Die","Night Terror","Venomology"],"picked":"Corpse Explosion","floor":33.0},{"not_picked":["Quick Slash","PiercingWail","Riddle With Holes"],"picked":"Footwork","floor":35.0},{"not_picked":["Sucker Punch","Dagger Throw","Dagger Spray","Poisoned Stab"],"picked":"SKIP","floor":37.0},{"not_picked":["Sucker Punch","Dagger Throw","Dagger Spray","Poisoned Stab"],"picked":"SKIP","floor":37.0},{"not_picked":["Leg Sweep","Prepared","Infinite Blades"],"picked":"Burst","floor":39.0}],"player_experience":481726,"relics_obtained":[{"floor":8.0,"key":"Lantern"},{"floor":9.0,"key":"Dream Catcher"},{"floor":10.0,"key":"Akabeko"},{"floor":24.0,"key":"Pen Nib"},{"floor":26.0,"key":"Question Card"},{"floor":27.0,"key":"Nilry\u0027s Codex"},{"floor":39.0,"key":"Calipers"}],"event_choices":[{"damage_healed":0.0,"max_hp_gain":0.0,"max_hp_loss":0.0,"gold_gain":0.0,"event_name":"Wheel of Change","player_choice":"Damaged","floor":5.0,"gold_loss":0.0,"damage_taken":9.0},{"damage_healed":0.0,"max_hp_gain":0.0,"max_hp_loss":0.0,"gold_gain":0.0,"cards_transformed":["Strike_G","Strike_G"],"event_name":"Drug Dealer","player_choice":"Became Test Subject","floor":21.0,"gold_loss":0.0,"damage_taken":0.0,"cards_obtained":["Accuracy","Die Die Die"]},{"damage_healed":0.0,"max_hp_gain":5.0,"max_hp_loss":0.0,"gold_gain":0.0,"event_name":"Forgotten Altar","player_choice":"Shed Blood","floor":22.0,"gold_loss":0.0,"damage_taken":23.0},{"damage_healed":0.0,"max_hp_gain":0.0,"max_hp_loss":0.0,"gold_gain":0.0,"event_name":"Cursed Tome","player_choice":"Obtained Book","floor":27.0,"gold_loss":0.0,"damage_taken":21.0},{"damage_healed":0.0,"max_hp_gain":0.0,"max_hp_loss":0.0,"gold_gain":100.0,"event_name":"The Joust","player_choice":"Bet on Murderer","floor":28.0,"gold_loss":50.0,"damage_taken":0.0},{"damage_healed":0.0,"max_hp_gain":0.0,"max_hp_loss":0.0,"gold_gain":0.0,"event_name":"Winding Halls","player_choice":"Embrace Madness","floor":38.0,"gold_loss":0.0,"damage_taken":13.0,"cards_obtained":["Madness","Madness"]},{"damage_healed":0.0,"max_hp_gain":0.0,"max_hp_loss":0.0,"gold_gain":0.0,"event_name":"Mysterious Sphere","player_choice":"Fight","floor":39.0,"gold_loss":0.0,"damage_taken":0.0}],"is_beta":false,"boss_relics":[{"not_picked":["Ring of the Serpent","Astrolabe"],"picked":"Runic Pyramid"},{"not_picked":["SacredBark","HoveringKite"],"picked":"Philosopher\u0027s Stone"}],"items_purged_floors":[36],"is_endless":false,"potions_floor_spawned":[1,7,10,11,14,20,33,37,39],"killed_by":"Reptomancer","ascension_level":20}}