{"host":"1rf9pknejqhzkc4o","time":1610536642,"event":{"mods":["Aspiration","BaseMod","Better Altar","Better Match","Better Note","Better Sensory Stone","Better Skull","Better Third Choice","Colored Map","Colored Powertips","Communication Mod","Conspire","Energized Spire","Hubris","Infinite Spire","Ironclad Rager","Minty Spire (QoL Compilation)","Quick Restart","RNG Fix","Rare Cards Sparkle","Relic Stats","Replay The Spire","Retaliation","Spicy Shops","StSLib","The Blue Laboratory","Trackpad"],"gold_per_floor":[114,114,114,114,38,38,53,68,93,93,18,33,58,88,88,88,88],"floor_reached":16,"language":"ENG","playtime":388,"items_purged":["Doubt"],"score":123,"play_id":"d45ff8bc-200f-4382-a72a-2f681550fc66","local_time":"20210113141722","daily_mods":["Cursed Run","Vintage","Lethality"],"is_ascension_mode":false,"campfire_choices":[{"data":"Eruption","floor":6.0,"key":"SMITH"}],"circlet_count":0,"master_deck":["Strike_P","Strike_P","Strike_P","Strike_P","Defend_P","Defend_P","Defend_P","Defend_P","Eruption+1","Vigilance","MentalFortress+1","hubris:Disease"],"relics":["Cursed Key","Darkstone Periapt","Du-Vu Doll","Boot","aspiration:ArtOfWarUpgrade","hubris:OldNail","infinitespire:PuzzleCube","trackpad:SneckoScepter","Anchor","Strawberry"],"acts_visited":["Exordium"],"potions_floor_usage":[16,16],"damage_taken":[{"damage":0.0,"enemies":"2 Louse","floor":1.0,"turns":1.0},{"damage":8.0,"enemies":"infinitespire:Voidling","floor":7.0,"turns":3.0},{"damage":0.0,"enemies":"Jaw Worm","floor":8.0,"turns":2.0},{"damage":0.0,"enemies":"3 Louse","floor":12.0,"turns":3.0},{"damage":8,"enemies":"Replay:BlueRogue","floor":14,"turns":2},{"damage":88,"enemies":"The Guardian","floor":16,"turns":9}],"seed_played":"-4624312993155624390","potions_obtained":[{"floor":1.0,"key":"ColorlessPotion"},{"floor":8.0,"key":"blueLaboratory:PyrophylliteBrew"}],"is_trial":false,"path_per_floor":["M","?","?","?","$","R","M","M","T","R","$","M","T","E","R","B"],"character_chosen":"WATCHER","items_purchased":["MentalFortress+1"],"campfire_rested":0,"item_purchase_floors":[5],"current_hp_per_floor":[72,75,75,75,75,75,67,67,73,73,73,73,79,78,78,0,0],"gold":88,"neow_bonus":"","is_daily":true,"chose_seed":false,"campfire_upgraded":1,"win_rate":0.0,"timestamp":1610536642,"path_taken":["M","?","?","?","$","R","M","M","T","R","$","M","?","E","R","BOSS"],"items_purchased_type":["Card"],"build_version":"2020-12-22","purchased_purges":1,"victory":false,"max_hp_per_floor":[72,75,75,75,75,75,75,75,81,81,81,81,87,94,94,94,94],"relic_stats":{"Darkstone Periapt":12,"counters":[6,20],"Cursed Key":2,"Boot":[1],"obtain_stats":[{"Darkstone Periapt":0,"Du-Vu Doll":0,"Anchor":13,"Strawberry":14,"aspiration:ArtOfWarUpgrade":15,"Art of War":7,"Cursed Key":0,"Boot":1,"hubris:OldNail":8,"infinitespire:PuzzleCube":9,"trackpad:SneckoScepter":12},{"Darkstone Periapt":0,"Du-Vu Doll":0,"Anchor":4,"Strawberry":5,"aspiration:ArtOfWarUpgrade":5,"Art of War":2,"Cursed Key":0,"Boot":1,"hubris:OldNail":3,"infinitespire:PuzzleCube":3,"trackpad:SneckoScepter":4},{"Darkstone Periapt":0,"Du-Vu Doll":0,"Anchor":9,"Strawberry":11,"aspiration:ArtOfWarUpgrade":11,"Art of War":4,"Cursed Key":0,"Boot":1,"hubris:OldNail":6,"infinitespire:PuzzleCube":6,"trackpad:SneckoScepter":9}]},"card_choices":[{"not_picked":["Establishment","FlyingSleeves","JustLucky"],"picked":"SKIP","floor":14}],"player_experience":174361,"relics_obtained":[{"floor":1.0,"key":"Boot"},{"floor":7.0,"key":"Art of War"},{"floor":8.0,"key":"hubris:OldNail"},{"floor":9.0,"key":"infinitespire:PuzzleCube"},{"floor":12.0,"key":"trackpad:SneckoScepter"},{"floor":13.0,"key":"Anchor"},{"floor":14,"key":"Strawberry"}],"event_choices":[{"damage_healed":0.0,"max_hp_gain":0.0,"max_hp_loss":0.0,"gold_gain":0.0,"event_name":"Golden Wing","player_choice":"Ignored","floor":3.0,"gold_loss":0.0,"damage_taken":0.0},{"damage_healed":0.0,"max_hp_gain":0.0,"max_hp_loss":0.0,"gold_gain":0.0,"event_name":"The Cleric","player_choice":"Leave","floor":4.0,"gold_loss":0.0,"damage_taken":0.0}],"is_beta":false,"boss_relics":[],"items_purged_floors":[11],"is_endless":false,"potions_floor_spawned":[1,8],"killed_by":"The Guardian","ascension_level":0}}