{"host":"ymw71f7rc9ndansy","time":1610507803,"event":{"mods":["ATMod(阿瑾Mod)","Act Like it!","Aspiration","BaseMod","DeckTracker","Hubris","Library of Ruina","Library of Ruina Extra","Lobotomy","LobotomyExtend","Minty Spire (QoL Compilation)","MostiFishMod","Remove Card Discount Mod","Replay The Spire","StSLib","TestMod","【功能Mod】精心准备","【遗物卡牌】REMEMod"],"gold_per_floor":[111,111,111,131,141,176,192,192,217,249,265,282,282,308,308,385,385,395,128,128,145,62,88,107,141,167,177,206,225,259,270,270,345,345,363,361,361,373,373,405,405,405,405,333,333,333],"floor_reached":45,"language":"ZHS","playtime":866,"items_purged":["Strike_P","Strike_P","Defend_P","Defend_P","RagingStorm+1","Defend_P","Defend_P","Strike_P","Strike_P+1"],"score":1796,"play_id":"7e627e7f-545f-4498-9993-a9b3a2604e9e","local_time":"20210113111643","is_ascension_mode":true,"campfire_choices":[{"floor":8.0,"key":"RECALL"},{"floor":15.0,"key":"REST"},{"floor":42,"key":"REST"}],"circlet_count":0,"master_deck":["AscendersBane","Eruption+1","Vigilance+1","AT_KingSlayer+1","Adaptation+1","FearNoEvil+1","LessonLearned+1","MostiFishMod:Adaptation+1","TalkToTheHand+1","WristCuter+1","MostiFishMod:Speedup+1","Vault+1","Tantrum+1"],"relics":["DaveBox","REME_ComplimentaryCards","AT_ATBox","SacredBark","testmod-IntensifyImprint","AT_SeraphEmbrace","Fusion Hammer","SynthV:TestCard","Ring of Fury","ReplayTheSpireMod:Shallot","LetterFromLob","Bag of Preparation","testmod-IndustrialRevolution","PatriotShield","Guide Book","PageOfLittleHelper","Anchor","aspiration:ChemicalBlood","Pear","Shuriken","Cursed Key","HonorFeather","hubris:Icosahedron","Strawberry","Question Card"],"acts_visited":["Exordium","TheCity","TheBeyond"],"potions_floor_usage":[],"damage_taken":[{"damage":0.0,"enemies":"Jaw Worm","floor":1.0,"turns":1.0},{"damage":0.0,"enemies":"2 Louse","floor":4.0,"turns":1.0},{"damage":0.0,"enemies":"Small Slimes","floor":5.0,"turns":2.0},{"damage":0.0,"enemies":"Lagavulin","floor":6.0,"turns":2.0},{"damage":0.0,"enemies":"2 Fungi Beasts","floor":7.0,"turns":1.0},{"damage":0.0,"enemies":"Gremlin Nob","floor":10.0,"turns":1.0},{"damage":0.0,"enemies":"Large Slime","floor":11.0,"turns":1.0},{"damage":0.0,"enemies":"Blue Slaver","floor":12.0,"turns":2.0},{"damage":0.0,"enemies":"Lagavulin","floor":14.0,"turns":1.0},{"damage":23.0,"enemies":"Fading Forest","floor":16.0,"turns":4.0},{"damage":0.0,"enemies":"Chosen","floor":18.0,"turns":1.0},{"damage":0,"enemies":"Spheric Guardian","floor":21,"turns":1},{"damage":0,"enemies":"Slavers","floor":23,"turns":2},{"damage":0,"enemies":"3 Cultists","floor":24,"turns":3},{"damage":0,"enemies":"Book of Stabbing","floor":25,"turns":2},{"damage":0,"enemies":"Centurion and Healer","floor":27,"turns":1},{"damage":0,"enemies":"Slavers","floor":28,"turns":1},{"damage":0,"enemies":"Snake Plant","floor":29,"turns":1},{"damage":0,"enemies":"Book of Stabbing","floor":30,"turns":2},{"damage":0,"enemies":"Cultist and Chosen","floor":31,"turns":2},{"damage":0,"enemies":"Champ","floor":33,"turns":3},{"damage":0,"enemies":"Orb Walker","floor":35,"turns":2},{"damage":0,"enemies":"Orb Walker","floor":37,"turns":1},{"damage":0,"enemies":"3 Shapes","floor":38,"turns":1},{"damage":0,"enemies":"R_Hoarder","floor":40,"turns":1},{"damage":0,"enemies":"Reptomancer","floor":44,"turns":1},{"damage":0,"enemies":"Maw","floor":45,"turns":1}],"seed_played":"-5790817920549127738","potions_obtained":[{"floor":5.0,"key":"Swift Potion"},{"floor":6.0,"key":"PowerPotion"},{"floor":24,"key":"Adrenaline Potion"}],"is_trial":false,"path_per_floor":["M","?","?","M","M","E","M","R","T","E","M","M","?","E","R","B",null,"M","$","?","M","$","E","M","E","T","M","E","M","E","M","R","B",null,"M","$","?","M","?","E","?","R","T","E","M"],"character_chosen":"WATCHER","items_purchased":["Guide Book","TalkToTheHand","MostiFishMod:Speedup"],"campfire_rested":2,"item_purchase_floors":[19,19,22],"current_hp_per_floor":[61,61,61,61,61,61,61,61,61,61,61,61,61,61,68,45,62,62,62,62,62,62,62,62,62,62,62,72,72,72,72,72,72,77,77,77,78,78,78,85,85,85,85,85,85,85],"gold":333,"neow_bonus":"BOSS_RELIC","is_daily":false,"chose_seed":false,"campfire_upgraded":0,"win_rate":0.0,"timestamp":1610507803,"path_taken":["M","?","?","M","M","E","M","R","T","E","M","M","?","E","R","BOSS","M","$","?","M","$","E","M","E","T","M","E","M","E","M","R","BOSS","M","$","?","M","?","E","?","R","T","E","?"],"items_purchased_type":["Relic","Card","Card"],"build_version":"2020-12-22","purchased_purges":9,"victory":false,"max_hp_per_floor":[68,68,68,68,68,68,68,68,68,68,68,68,68,68,68,68,68,68,68,68,68,68,68,68,68,68,68,78,78,78,78,78,78,78,78,78,78,78,78,85,85,85,85,85,85,85],"card_choices":[{"not_picked":["FlurryOfBlows","BowlingBash","AT_DivineConfetti","CrushJoints"],"picked":"Adaptation","floor":5.0},{"not_picked":["AT_OneInchPunch","ThirdEye","Pray","REME_MusicOfDeath"],"picked":"Brilliance","floor":6.0},{"not_picked":["Replay:BluntJabs","Replay:AtTheReady","Replay:ManipulateFuture","WaveOfTheHand"],"picked":"FearNoEvil","floor":10.0},{"not_picked":["WaveOfTheHand","Study","LikeWater","JustLucky"],"picked":"LessonLearned","floor":14.0},{"not_picked":["MostiFishMod:CyberBuddha","Devotion","MostiFishMod:DisColor","Judgement"],"picked":"MostiFishMod:Adaptation","floor":16.0},{"not_picked":["MostiFishMod:Moonprays","MostiFishMod:CyberBuddha","MostiFishMod:StarOceanP","MostiFishMod:ScryFuture"],"picked":"Vault","floor":33},{"not_picked":["BowlingBash","EmptyMind","Replay:AtTheReady","REME_Repentance"],"picked":"Tantrum","floor":38}],"player_experience":1103570,"relics_obtained":[{"floor":1.0,"key":"SynthV:TestCard"},{"floor":2.0,"key":"Ring of Fury"},{"floor":6.0,"key":"ReplayTheSpireMod:Shallot"},{"floor":7.0,"key":"LetterFromLob"},{"floor":10.0,"key":"Bag of Preparation"},{"floor":14.0,"key":"testmod-IndustrialRevolution"},{"floor":23,"key":"PageOfLittleHelper"},{"floor":25,"key":"Anchor"},{"floor":26,"key":"aspiration:ChemicalBlood"},{"floor":28,"key":"Pear"},{"floor":30,"key":"Shuriken"},{"floor":40,"key":"Strawberry"},{"floor":43,"key":"Question Card"}],"event_choices":[{"damage_healed":0.0,"max_hp_gain":0.0,"max_hp_loss":0.0,"gold_gain":0.0,"event_name":"Living Wall","player_choice":"Grow","floor":3.0,"gold_loss":0.0,"damage_taken":0.0,"cards_upgraded":["Eruption"]},{"damage_healed":0.0,"max_hp_gain":0.0,"max_hp_loss":0.0,"gold_gain":0.0,"event_name":"Liars Game","player_choice":"Ignored","floor":13.0,"gold_loss":0.0,"damage_taken":0.0},{"damage_healed":0,"gold_gain":0,"player_choice":"Read","damage_taken":0,"max_hp_gain":0,"max_hp_loss":0,"event_name":"The Library","floor":20,"gold_loss":0,"cards_obtained":["WristCuter"]},{"cards_removed":["Brilliance"],"damage_healed":0,"gold_gain":0,"player_choice":"Elegance","damage_taken":0,"max_hp_gain":0,"max_hp_loss":0,"event_name":"Back to Basics","floor":32,"gold_loss":0},{"damage_healed":0,"gold_gain":0,"player_choice":"Got Potions","damage_taken":0,"max_hp_gain":0,"max_hp_loss":0,"event_name":"Lab","floor":41,"gold_loss":0}],"is_beta":false,"boss_relics":[{"not_picked":["testmod-KeyOfTheVoid","aspiration:RunicSpoon"],"picked":"PatriotShield"},{"not_picked":["hubris:VirtuousBlindfold","PageOfBlackSwan"],"picked":"Cursed Key"}],"items_purged_floors":[19,19,19,19,19,19,19,19,36],"is_endless":false,"potions_floor_spawned":[5,6,11,12,14,24,25,28,29,30,31,35,37],"killed_by":"Maw","ascension_level":20}}