{"host":"i58uscbei3sy5089","time":1610554907,"event":{"mods":["ATMod(阿瑾Mod)","Act Like it!","BaseMod","Challenge The Spire","Colored Powertips","Conspire","Infinite Spire","Koishi","Lobotomy","LobotomyExtend","Minty Spire (QoL Compilation)","MostiFishMod","Prisma Mod","Quick Restart","Replay The Spire","Shop Mod","Spicy Shops","StSLib","TestMod","The Administrix","The Construct","The Marked","UnlockEverythingMod","WarShipGirlsR/战舰少女R mod","[IsaacMod]以撒尖塔","vexMod","【功能Mod】混沌之环修复补丁","【遗物卡牌】REMEMod","篝火指南"],"gold_per_floor":[112,128,145,67,82,82,82,177,202,202,213,226,8,33,33,132,132,45,45,63,63,93,93],"floor_reached":22,"language":"ZHS","playtime":1288,"items_purged":["PrismaMod:IllyaCommonAttack"],"score":248,"play_id":"7a511809-4e5c-4bf2-9a45-9eb4485c610c","local_time":"20210114002147","is_ascension_mode":true,"campfire_choices":[{"data":"PrismaMod:IllyaUncommonDefend","floor":6,"key":"SMITH"},{"data":"PrismaMod:IllyaSaphire","floor":10,"key":"SMITH"},{"floor":15,"key":"RECALL"}],"circlet_count":0,"master_deck":["PrismaMod:IllyaCommonDefend","PrismaMod:IllyaCommonAttack","PrismaMod:IllyaCommonDefend","PrismaMod:IllyaCommonDefend","PrismaMod:IllyaCommonAttack","PrismaMod:IllyaCommonDefend","PrismaMod:IllyaCommonAttack","PrismaMod:IllyaCommonDefend","PrismaMod:IllyaUncommonDefend+1","AT_WaterDrop+1","PrismaMod:MiyuCarnivalDefend+1","LongBird","PrismaMod:IllyaSaphire+1","MHz","OSAHOGD","WallGazer","PrismaMod:IllyaInstallAlterEgo","REME_WheelOfFate+1","PrismaMod:IllyaCarnivalPrismaAstolfo+1","PrismaMod:IllyaUncommonDefend"],"relics":["PrismaMod:PrismaRuby","testmod-TestBox","HushsDoor","DaveBox","AT_ATBox","REME_ComplimentaryCards","BrkXgEgg","CogitoBucket","SynthV:TestCard","LetterFromLob","MagicBullet_r","MerchantsRug","Amita_r","REME_HourglassOfDeath","xbg"],"acts_visited":["Exordium","TheCity"],"potions_floor_usage":[],"damage_taken":[{"damage":0,"enemies":"Jaw Worm","floor":1,"turns":3},{"damage":0,"enemies":"2 Louse","floor":2,"turns":3},{"damage":0,"enemies":"Cultist","floor":3,"turns":3},{"damage":2,"enemies":"3 Louse","floor":5,"turns":4},{"damage":0,"enemies":"Exordium Thugs","floor":11,"turns":2},{"damage":0,"enemies":"2 Fungi Beasts","floor":12,"turns":2},{"damage":10,"enemies":"Gremlin Nob","floor":14,"turns":7},{"damage":2,"enemies":"Slime Boss","floor":16,"turns":4},{"damage":4,"enemies":"Spheric Guardian","floor":18,"turns":6},{"damage":2,"enemies":"Chosen","floor":20,"turns":3},{"damage":28,"enemies":"conspire:MimicChest","floor":22,"turns":3}],"seed_played":"-21017887750400079","potions_obtained":[{"floor":11,"key":"REME_GoldPotion"},{"floor":12,"key":"Toxic Potion"},{"floor":16,"key":"Dexterity Potion"}],"is_trial":false,"path_per_floor":["M","M","M","$","M","R","E","?","T","R","M","M","$","E","R","B",null,"M","$","M","?","?"],"character_chosen":"ILLYA","items_purchased":["OrangePellets","MerchantsRug","REME_WheelOfFate+1"],"campfire_rested":0,"item_purchase_floors":[4,13,13],"current_hp_per_floor":[75,75,75,75,73,73,73,58,58,58,58,58,58,48,48,46,77,73,73,71,71,43,43],"gold":93,"neow_bonus":"","is_daily":false,"chose_seed":false,"campfire_upgraded":2,"win_rate":0.0,"timestamp":1610554907,"path_taken":["M","M","M","$","M","R","E","?","T","R","M","M","$","E","R","BOSS","M","$","M","?","?"],"items_purchased_type":["Relic","Relic","Card"],"build_version":"2020-12-22","purchased_purges":1,"victory":false,"max_hp_per_floor":[75,75,75,75,75,75,75,75,75,75,75,75,75,75,75,77,77,78,78,79,79,79,79],"card_choices":[{"not_picked":["PrismaMod:IllyaRubysPotion","PrismaMod:IllyaUncommonAOEAttack","PrismaMod:IllyaHassanGift"],"picked":"SKIP","floor":1},{"not_picked":["PrismaMod:IllyaUncommonAttack","PrismaMod:IllyaRubysPotion","PrismaMod:IllyaUncommonAOEAttack","PrismaMod:IllyaPoisoningPhantasm","PrismaMod:IllyaUberChannel"],"picked":"SKIP","floor":2},{"not_picked":["PunishingBird","BlackSwan"],"picked":"LongBird","floor":3},{"not_picked":["PrismaMod:IllyaDetonatingBlow","PrismaMod:IllyaMinorZwei","PrismaMod:IllyaDualEvoke","PrismaMod:IllyaPoisonBlock"],"picked":"PrismaMod:IllyaSaphire","floor":3},{"not_picked":["BigBird","CrumblingArmor"],"picked":"MHz","floor":5},{"not_picked":["PrismaMod:IllyaRussianRoulette","PrismaMod:IllyaAOECommonAttack","PrismaMod:IllyaMaid","PrismaMod:IllyaBoysLove","PrismaMod:IllyaCommonEvoke"],"picked":"SKIP","floor":5},{"not_picked":["ShyLook","RedShoes"],"picked":"OSAHOGD","floor":11},{"not_picked":["PrismaMod:IllyaUberDefendChannel+1","PrismaMod:IllyaStunPoison","PrismaMod:IllyaCheapChannelDefend","PrismaMod:IllyaMaid","PrismaMod:IllyaFriendMaker"],"picked":"SKIP","floor":11},{"not_picked":["CherryBlossoms","Laetitia"],"picked":"WallGazer","floor":12},{"not_picked":["PrismaMod:IllyaCheapChannelDefend","PrismaMod:IllyaFeed","PrismaMod:IllyaMaid","PrismaMod:IllyaMinorReinForce"],"picked":"PrismaMod:IllyaInstallAlterEgo","floor":12},{"not_picked":["PrismaMod:IllyaCommandSeal","PrismaMod:IllyaHassanGift","PrismaMod:IllyaUpgradeOrbs","PrismaMod:IllyaBerserCAR","PrismaMod:IllyaCheapChannelAttack"],"picked":"SKIP","floor":14},{"not_picked":["PrismaMod:IllyaCarnivalDefend+1","PrismaMod:IllyaCarnivalAttack+1","PrismaMod:IllyaInstallRider","PrismaMod:IllyaInstallRuler"],"picked":"PrismaMod:IllyaCarnivalPrismaAstolfo+1","floor":16},{"not_picked":["DreamingCurrent","Bloodbath","FairyFestival"],"picked":"Singing Bowl","floor":16},{"not_picked":["PunishingBird","SilentOrchestra","Scorched"],"picked":"Singing Bowl","floor":18},{"not_picked":["PrismaMod:IllyaEvokeAll","PrismaMod:IllyaDetonatingBlow+1","PrismaMod:IllyaMaid","PrismaMod:IllyaGun"],"picked":"PrismaMod:IllyaUncommonDefend","floor":18},{"not_picked":["BigBadWolf","BeautyBeast","CherryBlossoms"],"picked":"Singing Bowl","floor":20},{"not_picked":["PrismaMod:IllyaAlice","PrismaMod:IllyaDualEvoke","PrismaMod:IllyaBerserCAR+1","PrismaMod:IllyaUberPoisonBlock","PrismaMod:IllyaHassanGift"],"picked":"SKIP","floor":20}],"player_experience":725007,"relics_obtained":[{"floor":1,"key":"SynthV:TestCard"},{"floor":1,"key":"LetterFromLob"},{"floor":9,"key":"REME_HandOfSuture"},{"floor":14,"key":"REME_HourglassOfDeath"}],"event_choices":[{"cards_removed":["PrismaMod:IllyaUncommonAttack"],"damage_healed":0,"gold_gain":0,"player_choice":"Elegance","damage_taken":0,"max_hp_gain":0,"max_hp_loss":0,"event_name":"Back to Basics","floor":21,"gold_loss":0}],"is_beta":false,"boss_relics":[{"not_picked":["testmod-NegativeEmotionEnhancer","REME_LowDesire"],"picked":"xbg"},{"not_picked":[]}],"items_purged_floors":[13],"is_endless":false,"potions_floor_spawned":[11,12,16],"killed_by":"conspire:MimicChest","ascension_level":1}}