{"host":"2nhpogk5xa0u9xre","time":1610568641,"event":{"mods":["Aspiration","BaseMod","Colored Powertips","Googly Eyes","Hubris","Infinite Spire","Minty Spire (QoL Compilation)","Rare Cards Sparkle","Replay The Spire","StSLib","The Construct","The Hayseed","The Hierophant","The Runesmith","The Senshi","everything is the same but u backflip on backflip"],"gold_per_floor":[110,123,139,139,139,173,173,508,561,561,575,591,591,602,602,701,701,720,737,750,750,750,750,750,750,801,801,801,835,835,868,868,968,968,987,987,1006,1018,1018,1018,562,562,562,580,580,26,41,141,141,141,141],"floor_reached":50,"language":"ENG","playtime":2171,"items_purged":[],"score":688,"play_id":"e7956e38-6810-400b-924b-cfca82de35d3","local_time":"20210113151041","is_ascension_mode":false,"campfire_choices":[{"data":"theSenshi:MoonPrismPowerMakeUp","floor":7,"key":"SMITH"},{"floor":10,"key":"REST"},{"floor":15,"key":"REST"},{"data":"theSenshi:MoonKick","floor":23,"key":"SMITH"},{"data":"theSenshi:InTheNameOfTheMoon","floor":24,"key":"SMITH"},{"data":"infinitespire:Punishment","floor":28,"key":"SMITH"},{"data":"Replay:Fractal Strike","floor":30,"key":"SMITH"},{"data":"theSenshi:VenusGlamour","floor":30,"key":"SMITH"},{"floor":32,"key":"REST"},{"data":"theSenshi:VenusGlamour","floor":40,"key":"SMITH"},{"data":"theSenshi:SailorKick","floor":40,"key":"SMITH"},{"data":"ReplayUltimateDefense","floor":42,"key":"SMITH"},{"data":"theSenshi:MoonCosmicPowerMakeUp","floor":42,"key":"SMITH"},{"data":"theSenshi:IWillPunishYou","floor":45,"key":"SMITH"},{"data":"theSenshi:MoonKick","floor":45,"key":"SMITH"},{"data":"theSenshi:CrisisMakeUp","floor":49,"key":"SMITH"},{"data":"theSenshi:CrisisMakeUp","floor":49,"key":"SMITH"}],"circlet_count":0,"master_deck":["theSenshi:SailorKick","theSenshi:SailorKick","theSenshi:SailorKick","theSenshi:SailorKick+1","theSenshi:SailorBlock","theSenshi:SailorBlock","theSenshi:SailorBlock","theSenshi:RoseThrow+1","theSenshi:MoonPrismPowerMakeUp+1","theSenshi:MoonPunch","theSenshi:VenusGlamour+1","Spreading Infection","theSenshi:VenusGlamour+1","theSenshi:InTheNameOfTheMoon+1","CurseOfTheBell","theSenshi:MoonKick+1","theSenshi:UranusStrength+1","theSenshi:SailorJupiterAssists","ReplayTheSpireMod:IOU","Amnesia","infinitespire:Fortify+1","AbeCurse","Replay:Fractal Strike+1","infinitespire:Punishment+1","theSenshi:SailorJupiterAssists+1","theSenshi:SailorStarHealerAssists","theSenshi:SailorVenusAssists+1","theSenshi:IWillPunishYou+1","theSenshi:MoonTiaraMagic","theSenshi:MoonCosmicPowerMakeUp+1","theSenshi:MoonKick+1","theSenshi:SailorJupiterAssists","ReplayUltimateDefense+1","theSenshi:SailorJupiterAssists","theSenshi:CrisisMakeUp+1","theSenshi:CrisisMakeUp+1","theSenshi:MoonCrisisMakeUp","theSenshi:MoonPunch","theSenshi:MoonlightKnight","infinitespire:FinalStrike","theSenshi:SailorVenusAssists+1"],"relics":["theSenshi:TransformationBroochRelic","Boot","Old Coin","aspiration:Lifesprig","Ring of Misfortune","Calling Bell","ReplayTheSpireMod:TigerMarble","Matryoshka","WingedGreaves","hubris:Towel","Thread and Needle","Abe\u0027s Treasure","theSenshi:CutieMoonRodRelic","War Paint","Replay:Arrowhead","Replay:Wax Seal","construct:ClawGrip","Replay:Rubber Ducky","Chameleon Ring","theSenshi:SailorFukuRelic","The Courier","PreservedInsect","Prayer Wheel","Pondfish Scales"],"acts_visited":["Exordium","TheCity","TheBeyond"],"potions_floor_usage":[6,11,33,48,48,50],"damage_taken":[{"damage":0,"enemies":"2 Louse","floor":1,"turns":3},{"damage":2,"enemies":"Jaw Worm","floor":2,"turns":3},{"damage":0,"enemies":"Cultist","floor":3,"turns":4},{"damage":23,"enemies":"Gremlin Nob","floor":6,"turns":4},{"damage":30,"enemies":"3 Sentries","floor":8,"turns":11},{"damage":6,"enemies":"3 Louse","floor":11,"turns":2},{"damage":7,"enemies":"2 Fungi Beasts","floor":12,"turns":3},{"damage":6,"enemies":"Large Slime","floor":14,"turns":7},{"damage":39,"enemies":"Fading Forest","floor":16,"turns":11},{"damage":0,"enemies":"Spheric Guardian","floor":18,"turns":3},{"damage":4,"enemies":"3 Byrds","floor":19,"turns":5},{"damage":9,"enemies":"3 Cultists","floor":20,"turns":4},{"damage":19,"enemies":"Gremlin Leader","floor":29,"turns":4},{"damage":1,"enemies":"Replay:Snechameleon","floor":31,"turns":4},{"damage":1,"enemies":"Automaton","floor":33,"turns":6},{"damage":0,"enemies":"3 Darklings","floor":35,"turns":7},{"damage":1,"enemies":"Orb Walker","floor":37,"turns":3},{"damage":10,"enemies":"Jaw Worm Horde","floor":38,"turns":3},{"damage":0,"enemies":"3 Darklings","floor":44,"turns":5},{"damage":29,"enemies":"Writhing Mass","floor":47,"turns":5},{"damage":30,"enemies":"infinitespire:Three Voidlings","floor":48,"turns":5},{"damage":0,"enemies":"Nightmare_Alpha","floor":48,"turns":10},{"damage":69,"enemies":"infinitespire:MassOfShapes","floor":50,"turns":21}],"seed_played":"8169130704615853237","potions_obtained":[{"floor":3,"key":"SkillPotion"},{"floor":8,"key":"Fire Potion"},{"floor":20,"key":"Elixir"},{"floor":31,"key":"CultistPotion"},{"floor":38,"key":"Languid Potion"},{"floor":47,"key":"LiquidMemories"}],"is_trial":false,"path_per_floor":["M","M","M","?","?","E","R","E","T","R","M","M","?","M","R","B",null,"M","M","M","?","?","R","R","AVR","T","?","R","E","R","E","R","B",null,"M","?","M","M","T","R","$","R","T","M","R","$","M","?","R","B"],"character_chosen":"THE_SENSHI","items_purchased":["theSenshi:SailorFukuRelic","theSenshi:MoonCosmicPowerMakeUp","theSenshi:MoonKick","theSenshi:SailorJupiterAssists","ReplayUltimateDefense","theSenshi:CrisisMakeUp","PreservedInsect","theSenshi:CrisisMakeUp","theSenshi:MoonCrisisMakeUp","Prayer Wheel"],"campfire_rested":3,"item_purchase_floors":[41,41,41,41,41,46,46,46,46,46],"current_hp_per_floor":[75,73,73,66,71,48,48,18,18,40,34,27,27,21,43,30,75,75,71,62,62,62,62,62,62,62,62,62,48,48,47,69,68,75,75,75,74,64,64,64,64,64,64,69,69,69,46,47,47,0,0],"gold":141,"neow_bonus":"TRANSFORM_CARD","is_daily":false,"chose_seed":false,"campfire_upgraded":14,"win_rate":0.0,"timestamp":1610568641,"path_taken":["M","M","M","?","?","E","R","E","T","R","M","?","?","M","R","BOSS","M","M","M","?","?","R","R","AVR","T","?","R","E","R","E","R","BOSS","M","?","M","M","?","R","?","R","T","M","R","$","M","?","R","BOSS"],"items_purchased_type":["Relic","Card","Card","Card","Card","Card","Relic","Card","Card","Relic"],"build_version":"2020-12-22","purchased_purges":0,"victory":false,"max_hp_per_floor":[75,75,75,75,75,75,75,75,75,75,75,75,75,75,75,75,75,75,75,75,75,75,75,75,75,75,75,75,75,75,75,75,75,75,75,75,75,75,75,75,75,75,75,75,75,75,75,75,75,75,75],"card_choices":[{"not_picked":["theSenshi:InTheNickOfTime","theSenshi:GatheringStrength"],"picked":"theSenshi:LunasBite","floor":1},{"not_picked":["theSenshi:TuxedoSmokingBomber","theSenshi:MoonPrincessHalation","theSenshi:MoonsReflection"],"picked":"SKIP","floor":2},{"not_picked":["theSenshi:MoonPunch","theSenshi:LateForSchool","theSenshi:MoonPrincessHalation"],"picked":"SKIP","floor":3},{"not_picked":["theSenshi:PlutosSolemnity","theSenshi:RainbowMoonHeartAche","theSenshi:TuxedoSmokingBomber"],"picked":"SKIP","floor":6},{"not_picked":["theSenshi:LunaWiseMentor","theSenshi:MoonsReflection"],"picked":"theSenshi:MoonPunch","floor":8},{"not_picked":["theSenshi:EncouragingSpeech","theSenshi:MoonPrincessHalation"],"picked":"theSenshi:VenusGlamour","floor":11},{"not_picked":["theSenshi:MoonsReflection","theSenshi:TuxedoMaskAssists","theSenshi:MoonSpiralHeartAttack"],"picked":"SKIP","floor":12},{"not_picked":["theSenshi:SupersonicWaves","theSenshi:SailorV"],"picked":"theSenshi:VenusGlamour","floor":14},{"not_picked":["theSenshi:FatedKiss","theSenshi:LunaSensingAllies"],"picked":"theSenshi:InTheNameOfTheMoon","floor":16},{"not_picked":["theSenshi:SchoolBag","theSenshi:HesSoDreamy"],"picked":"theSenshi:MoonKick","floor":18},{"not_picked":["theSenshi:MoonPunch","theSenshi:GatheringStrength"],"picked":"theSenshi:UranusStrength+1","floor":19},{"not_picked":["theSenshi:MoonKick+1","theSenshi:EncouragingSpeech"],"picked":"theSenshi:SailorJupiterAssists","floor":20},{"not_picked":["infinitespire:TheBestDefense","infinitespire:FutureSight"],"picked":"infinitespire:Fortify","floor":21},{"not_picked":["theSenshi:MoonPrincessHalation","theSenshi:LunasBite","theSenshi:OdangoHead"],"picked":"SKIP","floor":29},{"not_picked":["theSenshi:InTheNickOfTime+1","theSenshi:InTheNameOfTheMoon"],"picked":"theSenshi:SailorJupiterAssists+1","floor":31},{"not_picked":["theSenshi:ChibiMoonsLove","theSenshi:LunaSensingAllies"],"picked":"theSenshi:SailorStarHealerAssists","floor":33},{"not_picked":["theSenshi:EncouragingSpeech","theSenshi:PlutosSolemnity"],"picked":"theSenshi:SailorVenusAssists+1","floor":35},{"not_picked":["theSenshi:SailorV+1","theSenshi:VenusGlamour"],"picked":"theSenshi:IWillPunishYou","floor":37},{"not_picked":["theSenshi:GatheringStrength","theSenshi:SailorChibiMoonAssists+1"],"picked":"theSenshi:MoonTiaraMagic","floor":38},{"not_picked":["theSenshi:SailorV","theSenshi:MoonPunch"],"picked":"theSenshi:SailorJupiterAssists","floor":44},{"not_picked":["theSenshi:SailorStarMakerAssists","theSenshi:SupersonicWaves"],"picked":"theSenshi:MoonPunch","floor":47},{"not_picked":["theSenshi:SailorSaturnAssists","theSenshi:MoonTwilightFlash+1"],"picked":"theSenshi:MoonlightKnight","floor":47},{"not_picked":["infinitespire:TheBestDefense","ReplayTheSpireMod:Haul"],"picked":"infinitespire:FinalStrike","floor":48},{"not_picked":["theSenshi:MoonSpiralHeartAttack+1","theSenshi:InTheNickOfTime"],"picked":"theSenshi:SailorVenusAssists+1","floor":48}],"player_experience":247887,"relics_obtained":[{"floor":6,"key":"Boot"},{"floor":8,"key":"Old Coin"},{"floor":9,"key":"aspiration:Lifesprig"},{"floor":13,"key":"Ring of Misfortune"},{"floor":17,"key":"ReplayTheSpireMod:TigerMarble"},{"floor":17,"key":"Matryoshka"},{"floor":17,"key":"WingedGreaves"},{"floor":26,"key":"theSenshi:CutieMoonRodRelic"},{"floor":26,"key":"War Paint"},{"floor":29,"key":"Replay:Arrowhead"},{"floor":31,"key":"Replay:Wax Seal"},{"floor":39,"key":"Replay:Rubber Ducky"},{"floor":39,"key":"Chameleon Ring"},{"floor":43,"key":"The Courier"},{"floor":48,"key":"Pondfish Scales"}],"event_choices":[{"cards_removed":["theSenshi:LateForSchool"],"damage_healed":0,"gold_gain":0,"player_choice":"Card Removal","damage_taken":7,"max_hp_gain":0,"max_hp_loss":0,"event_name":"Golden Wing","floor":4,"gold_loss":0},{"cards_removed":["theSenshi:LunasBite"],"damage_healed":5,"gold_gain":0,"player_choice":"Offered Common","damage_taken":0,"max_hp_gain":0,"max_hp_loss":0,"event_name":"Bonfire Elementals","floor":5,"gold_loss":0},{"cards_removed":["theSenshi:LunasBite"],"damage_healed":5,"gold_gain":0,"player_choice":"Offered Special","damage_taken":0,"max_hp_gain":0,"max_hp_loss":0,"event_name":"Bonfire Elementals","floor":5,"gold_loss":0},{"damage_healed":0,"gold_gain":0,"player_choice":"Ignored","damage_taken":0,"max_hp_gain":0,"max_hp_loss":0,"event_name":"Vampires","floor":27,"gold_loss":0}],"is_beta":false,"boss_relics":[{"not_picked":["Kintsugi","hubris:ScarierMask"],"picked":"Calling Bell"},{"not_picked":["hubris:CrackedHourglass","Runic Dome"],"picked":"construct:ClawGrip"}],"items_purged_floors":[],"is_endless":true,"potions_floor_spawned":[3,8,20,31,38,47],"killed_by":"infinitespire:MassOfShapes","ascension_level":0}}