{"host":"y193d0agu1dp5x1y","time":1610512944,"event":{"mods":["BaseMod","Googly Eyes","Minty Spire (QoL Compilation)"],"gold_per_floor":[112,66,81,81,95,126,143,143,143,155,186,186,204,216,216,321,321,339,339],"floor_reached":18,"language":"ENG","playtime":1090,"items_purged":[],"score":176,"play_id":"423eee03-8d5d-45c0-be16-717a7c4e496d","local_time":"20210112224224","is_ascension_mode":false,"campfire_choices":[{"data":"Zap","floor":8,"key":"SMITH"},{"data":"Gash","floor":12,"key":"SMITH"},{"data":"Gash","floor":15,"key":"SMITH"}],"circlet_count":0,"master_deck":["Zap+1","Dualcast","Gash+1","Conserve Battery","Ball Lightning","Beam Cell","Gash+1","Biased Cognition","Go for the Eyes","Amplify","Hyperbeam","Genetic Algorithm","Chaos","Genetic Algorithm","Buffer","Consume","Sweeping Beam"],"relics":["Runic Pyramid","InkBottle","FossilizedHelix","Anchor","Pandora\u0027s Box"],"acts_visited":["Exordium","TheCity"],"potions_floor_usage":[],"damage_taken":[{"damage":7,"enemies":"Cultist","floor":1,"turns":6},{"damage":0,"enemies":"Jaw Worm","floor":3,"turns":4},{"damage":0,"enemies":"2 Louse","floor":5,"turns":3},{"damage":23,"enemies":"3 Sentries","floor":6,"turns":7},{"damage":0,"enemies":"Large Slime","floor":7,"turns":4},{"damage":0,"enemies":"Blue Slaver","floor":10,"turns":4},{"damage":9,"enemies":"Gremlin Nob","floor":11,"turns":5},{"damage":3,"enemies":"Gremlin Gang","floor":13,"turns":4},{"damage":0,"enemies":"2 Fungi Beasts","floor":14,"turns":3},{"damage":8,"enemies":"The Guardian","floor":16,"turns":12},{"damage":10,"enemies":"2 Thieves","floor":18,"turns":4}],"seed_played":"8555438103844958109","potions_obtained":[{"floor":1,"key":"ColorlessPotion"},{"floor":3,"key":"DuplicationPotion"},{"floor":7,"key":"Swift Potion"}],"is_trial":false,"path_per_floor":["M","$","M","?","M","E","M","R","T","M","E","R","M","M","R","B",null,"M"],"character_chosen":"DEFECT","items_purchased":["Conserve Battery"],"campfire_rested":0,"item_purchase_floors":[2],"current_hp_per_floor":[68,68,68,68,68,45,45,45,45,45,36,36,33,33,33,25,75,65,65],"gold":339,"neow_bonus":"BOSS_RELIC","is_daily":false,"chose_seed":false,"campfire_upgraded":3,"win_rate":0.0,"timestamp":1610512944,"path_taken":["M","?","M","?","?","E","M","R","T","M","E","R","M","M","R","BOSS","M"],"items_purchased_type":["Card"],"build_version":"2020-12-22","purchased_purges":0,"victory":false,"max_hp_per_floor":[75,75,75,75,75,75,75,75,75,75,75,75,75,75,75,75,75,75,75],"card_choices":[{"not_picked":["Hologram","Steam"],"picked":"Gash","floor":1},{"not_picked":["Sweeping Beam","Reinforced Body","Double Energy"],"picked":"SKIP","floor":3},{"not_picked":["Conserve Battery","Barrage"],"picked":"Ball Lightning","floor":5},{"not_picked":["Compile Driver","Hyperbeam"],"picked":"Beam Cell","floor":6},{"not_picked":["Go for the Eyes","Chill"],"picked":"Gash","floor":7},{"not_picked":["Compile Driver","Ball Lightning"],"picked":"Biased Cognition","floor":10},{"not_picked":["Steam","Darkness","Reprogram"],"picked":"SKIP","floor":11},{"not_picked":["Darkness","Rebound","Static Discharge"],"picked":"SKIP","floor":13},{"not_picked":["Steam Power","Force Field"],"picked":"Go for the Eyes","floor":14}],"player_experience":65944,"relics_obtained":[{"floor":4,"key":"InkBottle"},{"floor":6,"key":"FossilizedHelix"},{"floor":11,"key":"Anchor"}],"event_choices":[{"damage_healed":0,"gold_gain":0,"player_choice":"Relic","damage_taken":0,"max_hp_gain":0,"max_hp_loss":0,"event_name":"Wheel of Change","floor":4,"gold_loss":0}],"is_beta":false,"boss_relics":[{"not_picked":["Velvet Choker","SlaversCollar"],"picked":"Pandora\u0027s Box"}],"items_purged_floors":[],"is_endless":false,"potions_floor_spawned":[1,3,7,10,14,16,18],"killed_by":"2 Thieves","ascension_level":0}}