{"host":"guwca93h2ke9l2g3","time":1610520361,"event":{"mods":["100% Spire Juice","2.2 Compatiblity","Act Like it!","Arknights The Spire","Aspiration","BaseMod","Better Skull","ChefMod","Colored Powertips","Conspire","Dark Map","Downfall","Fox Events","GungeonMod","Halation","Hallownest","HololiveMod","Hubris","Infinite Spire","Lobotomy","LobotomyExtend","Marked Mod","Minty Spire (QoL Compilation)","Permanent Neow","Potionbrewer","Prisma Mod","Quick Restart","Relic Sorter","Relic Stats","Replay The Spire","Robot Space Explorer","Shade Mod","Spicy Shops","StSLib","The Alterego","The Animator","The Bug Knight","The Cursed","The Marked","The Mystic","The Necromancer","The Poker Player","TheVacant","TheWitcher","Waifu the Spire","WarShipGirlsR/????R mod","Yakumo Yukari mod","Yuri Mod","vexMod"],"gold_per_floor":[111,111,36,60,84,84,115,140,185,185,21,41,41,90,90,90,90],"floor_reached":16,"language":"ENG","playtime":1309,"items_purged":["DemoMod:Defend_Huntress"],"score":138,"play_id":"734d0846-b3d5-497c-839c-b22197b4e079","local_time":"20210113004601","is_ascension_mode":true,"campfire_choices":[{"data":"DemoMod:Casey","floor":6,"key":"SMITH"},{"floor":10,"key":"RECALL"},{"data":"DemoMod:SuppressiveFire","floor":15,"key":"SMITH"}],"circlet_count":0,"master_deck":["DemoMod:Strike_Huntress","DemoMod:Strike_Huntress","DemoMod:Strike_Huntress","DemoMod:Defend_Huntress","DemoMod:Defend_Huntress","DemoMod:Defend_Huntress","DemoMod:Roll","DemoMod:ManualReload","DemoMod:RustySidearm","DemoMod:CrossBow","DemoMod:Casey+1","DemoMod:TripleGun","DemoMod:ShadowBullets","DemoMod:BattleInHaste","DemoMod:FinishedGun","DemoMod:FastSwitch","DemoMod:HuntsMan","DemoMod:FeignSurrender","DemoMod:BSG","DemoMod:SuppressiveFire+1"],"relics":["DemoMod:Dog","aspiration:Nostalgia","rmod:firstchargereward","LetterFromLob","Golden Idol","Pen Nib","DemoMod:GnawedKey","Bronze Scales"],"acts_visited":["Exordium"],"potions_floor_usage":[7,14,14,16],"damage_taken":[{"damage":0,"enemies":"Jaw Worm","floor":1,"turns":3},{"damage":0,"enemies":"Small Slimes","floor":4,"turns":1},{"damage":0,"enemies":"Cultist","floor":5,"turns":2},{"damage":18,"enemies":"Lagavulin","floor":7,"turns":3},{"damage":4,"enemies":"Blue Slaver","floor":8,"turns":2},{"damage":0,"enemies":"Large Slime","floor":9,"turns":4},{"damage":0,"enemies":"Large Slime","floor":12,"turns":5},{"damage":12,"enemies":"Gremlin Nob","floor":14,"turns":3},{"damage":30,"enemies":"Hexaghost","floor":16,"turns":7}],"seed_played":"6240857359695801118","potions_obtained":[{"floor":1,"key":"champ:CounterPotion"},{"floor":4,"key":"Strength Potion"},{"floor":12,"key":"FearPotion"},{"floor":14,"key":"Explosive Potion"}],"is_trial":false,"path_per_floor":["M","?","$","M","M","R","E","M","T","R","$","M","?","E","R","B"],"character_chosen":"HUNTRESS","items_purchased":["DemoMod:GnawedKey","DemoMod:BattleInHaste"],"campfire_rested":0,"item_purchase_floors":[11,11],"current_hp_per_floor":[70,65,65,65,65,65,47,43,43,43,43,43,43,31,31,1,1],"gold":90,"neow_bonus":"NOSTALGIA","is_daily":false,"chose_seed":false,"campfire_upgraded":2,"win_rate":0.0,"timestamp":1610520361,"path_taken":["M","?","$","M","M","R","E","M","T","R","$","?","?","E","R","BOSS"],"items_purchased_type":["Relic","Card"],"build_version":"2020-12-22","purchased_purges":1,"victory":false,"max_hp_per_floor":[70,65,65,65,65,65,65,65,65,65,65,65,65,65,65,65,65],"relic_stats":{"counters":[9,30],"Golden Idol":48,"Bronze Scales":[30],"Pen Nib":[4],"obtain_stats":[{"DemoMod:Dog":0,"aspiration:Nostalgia":0,"Golden Idol":2,"Bronze Scales":14,"DemoMod:GlassGuonStoneRelic":1,"Pen Nib":7,"rmod:firstchargereward":0,"LetterFromLob":1,"DemoMod:GnawedKey":11},{"DemoMod:Dog":0,"aspiration:Nostalgia":0,"Golden Idol":1,"Bronze Scales":8,"DemoMod:GlassGuonStoneRelic":1,"Pen Nib":4,"rmod:firstchargereward":0,"LetterFromLob":1,"DemoMod:GnawedKey":6},{"DemoMod:Dog":0,"aspiration:Nostalgia":0,"Golden Idol":3,"Bronze Scales":23,"DemoMod:GlassGuonStoneRelic":3,"Pen Nib":9,"rmod:firstchargereward":0,"LetterFromLob":3,"DemoMod:GnawedKey":15}]},"card_choices":[{"not_picked":["DemoMod:SAA","DemoMod:TeaPot"],"picked":"DemoMod:Casey","floor":1},{"not_picked":["DemoMod:TeaPot","DemoMod:StickyCrossBow","DemoMod:Gungine"],"picked":"SKIP","floor":4},{"not_picked":["DemoMod:AbyssalTentacle","DemoMod:HuntsMan"],"picked":"DemoMod:TripleGun","floor":5},{"not_picked":["DemoMod:HuntsMan","DemoMod:MachoBrace"],"picked":"DemoMod:ShadowBullets","floor":7},{"not_picked":["DemoMod:MachoBrace","DemoMod:SAA","DemoMod:HuntsMan"],"picked":"SKIP","floor":8},{"not_picked":["DemoMod:DoubleSwitch","DemoMod:ProbeStrike","DemoMod:FeignSurrender"],"picked":"SKIP","floor":9},{"not_picked":["DemoMod:JK47","DemoMod:HuntsMan"],"picked":"DemoMod:DirectionalPad","floor":12},{"not_picked":["DemoMod:SniperShot","DemoMod:ProbeStrike"],"picked":"DemoMod:SuppressiveFire","floor":14}],"player_experience":295349,"relics_obtained":[{"floor":1,"key":"LetterFromLob"},{"floor":7,"key":"Pen Nib"},{"floor":14,"key":"Bronze Scales"}],"event_choices":[{"damage_healed":0,"gold_gain":0,"player_choice":"Lose Max HP","damage_taken":0,"relics_obtained":["Golden Idol"],"max_hp_gain":0,"max_hp_loss":5,"event_name":"Golden Idol","floor":2,"gold_loss":0}],"is_beta":false,"boss_relics":[],"items_purged_floors":[3],"is_endless":false,"potions_floor_spawned":[1,4,12,14],"killed_by":"Hexaghost","ascension_level":5}}