{"host":"9tdk3zzhmpo6o3dg","time":1610546721,"event":{"mods":["BaseMod","Downfall","Marisa£®ÏF”Í°°ƒß¿Ì…≥£©","Minty Spire (QoL Compilation)","Shop Mod","StSLib","The Cursed","The Marked","The Servant 0.9.4"],"gold_per_floor":[110,128,148,182,216,247,247,265,292,305,30,105,105,130,130,234,234,252,263,274,286,211,232,232,232,232,249,284,32,85,126,126,240,240,252,48,66,66,84,84,84,84],"floor_reached":41,"language":"ZHS","playtime":2235,"items_purged":["Strike_MRS","Strike_MRS","Defend_MRS"],"score":491,"play_id":"d9749adc-f516-43c4-bfa6-6b392fb685e4","local_time":"20210113220521","is_ascension_mode":false,"campfire_choices":[{"floor":7,"key":"REST"},{"floor":13,"key":"REST"},{"floor":15,"key":"REST"},{"floor":24,"key":"REST"},{"floor":32,"key":"REST"},{"floor":40,"key":"REST"}],"circlet_count":0,"master_deck":["Defend_MRS","Defend_MRS","Defend_MRS","MasterSpark","UpSweep","SuperNova","Robbery","WitchLeyline","MeteoricShower","NonDirectionalLaser","MagicAbsorber","SuperPerseids","EarthLightRay","ShootingEcho","DragonMeteor","UnstableBomb","EnergyFlow","BigCrunch","PropBag+1","WitchLeyline+1","OortCloud","PowerUp","WitchLeyline","Orbital","OortCloud+1","ManaConvection","GrandCross","SprinkleStarSeal","MysteriousBeam","SuperNova","ShootingEcho","OortCloud","Madness","Madness"],"relics":["MiniHakkero","Omamori","Dream Catcher","Potion Belt","ExperimentalFamiliar","InkBottle","Pantograph","Strange Spoon","Vajra","Snecko Eye"],"acts_visited":["Exordium","TheCity","TheBeyond"],"potions_floor_usage":[18,28,28,31,41],"damage_taken":[{"damage":1,"enemies":"Cultist","floor":1,"turns":3},{"damage":7,"enemies":"2 Louse","floor":2,"turns":2},{"damage":0,"enemies":"Small Slimes","floor":3,"turns":3},{"damage":18,"enemies":"Red Slaver","floor":4,"turns":3},{"damage":14,"enemies":"Blue Slaver","floor":5,"turns":3},{"damage":18,"enemies":"Lagavulin","floor":6,"turns":6},{"damage":7,"enemies":"Exordium Thugs","floor":8,"turns":4},{"damage":2,"enemies":"3 Louse","floor":10,"turns":2},{"damage":12,"enemies":"Exordium Wildlife","floor":14,"turns":3},{"damage":27,"enemies":"Slime Boss","floor":16,"turns":6},{"damage":22,"enemies":"Shell Parasite","floor":18,"turns":3},{"damage":0,"enemies":"3 Byrds","floor":19,"turns":2},{"damage":24,"enemies":"Centurion and Healer","floor":20,"turns":4},{"damage":18,"enemies":"Snake Plant","floor":21,"turns":3},{"damage":0,"enemies":"Cultist and Chosen","floor":23,"turns":4},{"damage":33,"enemies":"Centurion and Healer","floor":27,"turns":4},{"damage":0,"enemies":"Book of Stabbing","floor":28,"turns":3},{"damage":11,"enemies":"Snake Plant","floor":30,"turns":3},{"damage":23,"enemies":"Slavers","floor":31,"turns":4},{"damage":62,"enemies":"Collector","floor":33,"turns":10},{"damage":10,"enemies":"3 Darklings","floor":35,"turns":2},{"damage":1,"enemies":"3 Shapes","floor":37,"turns":2},{"damage":6,"enemies":"Maw","floor":39,"turns":7},{"damage":192,"enemies":"Giant Head","floor":41,"turns":9}],"seed_played":"-5534172607632394085","potions_obtained":[{"floor":1,"key":"FairyPotion"},{"floor":3,"key":"PowerPotion"},{"floor":6,"key":"SteroidPotion"},{"floor":16,"key":"ColorlessPotion"},{"floor":18,"key":"LiquidMemories"},{"floor":19,"key":"ColorlessPotion"},{"floor":30,"key":"SpeedPotion"},{"floor":31,"key":"FairyPotion"},{"floor":33,"key":"SteroidPotion"},{"floor":39,"key":"LiquidMemories"}],"is_trial":false,"path_per_floor":["M","M","M","M","M","E","R","M","T","M","$","?","R","M","R","B",null,"M","M","M","M","?","M","R","?","T","M","E","$","M","E","R","B",null,"M","$","M","?","M","R","E"],"character_chosen":"MARISA","items_purchased":["Potion Belt","ShootingEcho","Strange Spoon","OortCloud"],"campfire_rested":6,"item_purchase_floors":[11,11,29,36],"current_hp_per_floor":[74,67,67,49,35,17,39,32,32,34,34,23,45,33,55,32,75,57,57,37,19,19,23,45,45,45,16,32,32,25,18,40,7,75,65,65,64,55,49,71,0,0],"gold":84,"neow_bonus":"ONE_RANDOM_RARE_CARD","is_daily":false,"chose_seed":false,"campfire_upgraded":0,"win_rate":0.0,"timestamp":1610546721,"path_taken":["M","M","M","M","?","E","R","M","T","M","$","?","R","M","R","BOSS","M","M","M","M","?","M","R","?","T","?","E","$","M","E","R","BOSS","M","$","M","?","M","R","E"],"items_purchased_type":["Relic","Card","Relic","Card"],"build_version":"2020-12-22","purchased_purges":3,"victory":false,"max_hp_per_floor":[75,75,75,75,75,75,75,75,75,75,75,75,75,75,75,75,75,75,75,75,75,75,75,75,75,75,75,75,75,75,75,75,75,75,75,75,75,75,75,75,75,75],"card_choices":[{"not_picked":["BlazeAway","MachineGunSpark"],"picked":"Robbery","floor":1},{"not_picked":["UnstableBomb","EarthLightRay"],"picked":"WitchLeyline","floor":2},{"not_picked":["LuminesStrike","AlicesGift"],"picked":"MeteoricShower","floor":3},{"not_picked":["MeteoricShower","SporeBomb"],"picked":"NonDirectionalLaser","floor":4},{"not_picked":["NonDirectionalLaser","OpenUniverse"],"picked":"MagicAbsorber","floor":5},{"not_picked":["RefractionSpark","PulseMagic"],"picked":"SuperPerseids","floor":6},{"not_picked":["GrandCross","EnergyRecoil"],"picked":"EarthLightRay","floor":8},{"not_picked":["MilkyWay","WitchOfGreed","GalacticHalo"],"picked":"SKIP","floor":10},{"not_picked":["IllusionStar","PowerUp"],"picked":"DragonMeteor","floor":13},{"not_picked":["DeepEcoloBomb","PowerUp"],"picked":"UnstableBomb","floor":14},{"not_picked":["Singularity","AsteroidBelt"],"picked":"EnergyFlow","floor":15},{"not_picked":["StarDustReverie","CollectingQuirk"],"picked":"BigCrunch","floor":16},{"not_picked":["AsteroidBelt","ChargeUpSpray"],"picked":"PropBag+1","floor":18},{"not_picked":["SprinkleStarSeal+1","NonDirectionalLaser"],"picked":"WitchLeyline+1","floor":19},{"not_picked":["GalacticHalo","WitchOfGreed","DeepEcoloBomb+1"],"picked":"SKIP","floor":20},{"not_picked":["CasketOfStar","BlazeAway"],"picked":"OortCloud","floor":21},{"not_picked":["AsteroidBelt","GravityBeat"],"picked":"PowerUp","floor":23},{"not_picked":["EventHorizon","PowerUp+1"],"picked":"WitchLeyline","floor":24},{"not_picked":["MilkyWay","LuminesStrike"],"picked":"OortCloud+1","floor":27},{"not_picked":["EarthLightRay+1","AlicesGift"],"picked":"ManaConvection","floor":28},{"not_picked":["GravityBeat","LuminesStrike"],"picked":"GrandCross","floor":30},{"not_picked":["CollectingQuirk","GravityBeat"],"picked":"SprinkleStarSeal","floor":31},{"not_picked":["Singularity","SporeBomb"],"picked":"MysteriousBeam","floor":32},{"not_picked":["UltimateShortwave","StarDustReverie"],"picked":"SuperNova","floor":33},{"not_picked":["MeteoricShower","MysteriousBeam+1"],"picked":"ShootingEcho","floor":35},{"not_picked":["DC+1","MilkyWay+1","RefractionSpark+1"],"picked":"SKIP","floor":37},{"not_picked":["DoubleSpark","PropBag","LuminesStrike+1"],"picked":"SKIP","floor":39}],"player_experience":108554,"relics_obtained":[{"floor":6,"key":"Omamori"},{"floor":9,"key":"Dream Catcher"},{"floor":26,"key":"InkBottle"},{"floor":28,"key":"Pantograph"},{"floor":31,"key":"Vajra"}],"event_choices":[{"damage_healed":0,"gold_gain":75,"player_choice":"Gather Gold","damage_taken":11,"max_hp_gain":0,"max_hp_loss":0,"event_name":"World of Goop","floor":12,"gold_loss":0},{"cards_removed":["Strike_MRS"],"damage_healed":0,"gold_gain":0,"player_choice":"Gave Gold","damage_taken":0,"max_hp_gain":0,"max_hp_loss":0,"event_name":"Beggar","floor":22,"gold_loss":75},{"damage_healed":0,"gold_gain":0,"cards_transformed":["Strike_MRS"],"player_choice":"Transformed","damage_taken":0,"max_hp_gain":0,"max_hp_loss":0,"event_name":"Transmorgrifier","floor":25,"gold_loss":0,"cards_obtained":["Orbital"]},{"damage_healed":0,"gold_gain":0,"player_choice":"Embrace Madness","damage_taken":9,"max_hp_gain":0,"max_hp_loss":0,"event_name":"Winding Halls","floor":38,"gold_loss":0,"cards_obtained":["Madness","Madness"]}],"is_beta":false,"boss_relics":[{"not_picked":["Astrolabe","Black Star"],"picked":"ExperimentalFamiliar"},{"not_picked":["Coffee Dripper","BewitchedHakkero"],"picked":"Snecko Eye"}],"items_purged_floors":[11,29,36],"is_endless":false,"potions_floor_spawned":[1,3,6,8,16,18,19,23,30,31,33,37,39],"killed_by":"Giant Head","ascension_level":0}}