{"host":"qy1e0kd24tpj3i2m","time":1610575029,"event":{"mods":["Act Like it!","Alarm Clock","BaseMod","Better Skull","Better Vampires","Colored Map","Colored Powertips","Custom Start","Faster Ascension Climbing","Friendly Minions","GifTheSpireLib","Gremlin Skip","Highlight Path","Minty Spire (QoL Compilation)","Permanent Neow","Poor People Problems","Quick Restart","Red Circlet Mod","Relic Sorter","Reorder Act Four","SacredBarkPlus","Shop Mod","StSLib","SuperFastMode","Transform Curses","没有小屋子和绿帽子啦"],"gold_per_floor":[113,125,50,66,84,117,128,128,128],"floor_reached":8,"language":"ZHS","playtime":684,"items_purged":[],"score":120,"play_id":"43db505b-e31f-4899-937e-703f8a078bde","local_time":"20210114065709","daily_mods":["Heirloom"],"is_ascension_mode":true,"campfire_choices":[],"circlet_count":0,"master_deck":["AscendersBane","Strike_R","Strike_R","Strike_R","Strike_R","Strike_R","Defend_R","Defend_R","Defend_R","Defend_R","Fire Breathing","Reckless Charge","Flame Barrier","True Grit","Barricade","Body Slam","Juggernaut","Ghostly Armor"],"relics":["Burning Blood","Prayer Wheel","Omamori"],"acts_visited":["Exordium"],"potions_floor_usage":[7],"damage_taken":[{"damage":9.0,"enemies":"2 Louse","floor":1.0,"turns":4.0},{"damage":9.0,"enemies":"Jaw Worm","floor":2.0,"turns":5.0},{"damage":1.0,"enemies":"Cultist","floor":4.0,"turns":4.0},{"damage":8.0,"enemies":"Gremlin Gang","floor":5.0,"turns":4.0},{"damage":25.0,"enemies":"3 Sentries","floor":6.0,"turns":6.0},{"damage":33,"enemies":"Exordium Thugs","floor":7,"turns":5},{"damage":15,"enemies":"Lagavulin","floor":8,"turns":3}],"seed_played":"-8958155529249875208","potions_obtained":[{"floor":2.0,"key":"Strength Potion"},{"floor":4.0,"key":"Explosive Potion"},{"floor":6.0,"key":"ElixirPotion"}],"is_trial":true,"path_per_floor":["M","M","?","M","M","E","M","E"],"character_chosen":"IRONCLAD","items_purchased":[],"campfire_rested":0,"item_purchase_floors":[],"current_hp_per_floor":[65,62,62,67,65,46,19,4,4],"gold":128,"neow_bonus":"","is_daily":false,"chose_seed":false,"campfire_upgraded":0,"win_rate":0.0,"timestamp":1610575029,"path_taken":["M","M","?","M","M","E","M","E"],"items_purchased_type":[],"build_version":"2020-12-22","purchased_purges":0,"victory":false,"max_hp_per_floor":[75,75,75,75,75,75,75,75,75],"card_choices":[{"not_picked":["Body Slam","Havoc"],"picked":"Fire Breathing","floor":1.0},{"not_picked":["True Grit","Fire Breathing"],"picked":"Reckless Charge","floor":1.0},{"not_picked":["Headbutt","Entrench"],"picked":"Flame Barrier","floor":2.0},{"not_picked":["Heavy Blade","Havoc","Second Wind"],"picked":"SKIP","floor":2.0},{"not_picked":["Spot Weakness","Sever Soul"],"picked":"True Grit","floor":4.0},{"not_picked":["Flex","Pummel","Bloodletting"],"picked":"SKIP","floor":4.0},{"not_picked":["Entrench","Body Slam"],"picked":"Barricade","floor":5.0},{"not_picked":["Armaments","Sword Boomerang"],"picked":"Body Slam","floor":5.0},{"not_picked":["Iron Wave","Sword Boomerang"],"picked":"Juggernaut","floor":6.0},{"not_picked":["Battle Trance","True Grit"],"picked":"Ghostly Armor","floor":7},{"not_picked":["Perfected Strike","Cleave","Clash"],"picked":"SKIP","floor":7}],"player_experience":915401,"relics_obtained":[{"floor":6.0,"key":"Omamori"}],"event_choices":[{"cards_removed":["Bash"],"damage_healed":0.0,"max_hp_gain":0.0,"max_hp_loss":0.0,"gold_gain":0.0,"event_name":"The Cleric","player_choice":"Card Removal","floor":3.0,"gold_loss":75.0,"damage_taken":0.0}],"is_beta":false,"boss_relics":[],"items_purged_floors":[],"is_endless":false,"potions_floor_spawned":[2,4,6],"killed_by":"Lagavulin","ascension_level":20}}