{"host":"ga4s3hj9m6nkn6gp","time":1610580718,"event":{"mods":["AchievementEnabler","BaseMod","Bestiary","Colored Powertips","Highlight Path","Minty Spire (QoL Compilation)","Relic Stats","everything is the same but u backflip on backflip"],"gold_per_floor":[99,99,99,53,53,53,53,53,53,53,53,53,53,53,53,53,53,53,53,53,53,53,53,53,53,53,53,53,53,53,53,53,53,53],"floor_reached":33,"language":"ENG","playtime":1788,"items_purged":[],"score":513,"play_id":"e3eaed46-915e-4baf-9162-7c701cee845a","local_time":"20210114003158","is_ascension_mode":true,"campfire_choices":[{"data":"Reprogram","floor":7.0,"key":"SMITH"},{"floor":15,"key":"REST"},{"data":"Hologram","floor":23,"key":"SMITH"},{"data":"Seek","floor":25,"key":"SMITH"},{"floor":27,"key":"REST"},{"floor":30,"key":"REST"},{"floor":32,"key":"REST"}],"circlet_count":0,"master_deck":["Zap","Dualcast","Reprogram+1","Barrage","Gash","Melter","Auto Shields","Gash","Gash","Go for the Eyes","Hologram+1","Hologram","Seek+1","Reinforced Body","Core Surge","Hologram","Melter","Glacier","Machine Learning","BootSequence","Rebound","Steam Power+1","Stack+1","Turbo+1"],"relics":["Ectoplasm","Blue Candle","Bottled Flame","Kunai","Dream Catcher","Pandora\u0027s Box","Vajra","Letter Opener","Toxic Egg 2"],"acts_visited":["Exordium","TheCity"],"potions_floor_usage":[14,16,28,28],"damage_taken":[{"damage":0.0,"enemies":"Cultist","floor":1.0,"turns":4.0},{"damage":2.0,"enemies":"2 Louse","floor":2.0,"turns":3.0},{"damage":14.0,"enemies":"Jaw Worm","floor":3.0,"turns":4.0},{"damage":30.0,"enemies":"3 Sentries","floor":6.0,"turns":6.0},{"damage":0.0,"enemies":"Lagavulin","floor":8.0,"turns":5.0},{"damage":18.0,"enemies":"Gremlin Nob","floor":10.0,"turns":4.0},{"damage":2.0,"enemies":"Blue Slaver","floor":11.0,"turns":4.0},{"damage":0.0,"enemies":"2 Fungi Beasts","floor":12.0,"turns":4.0},{"damage":0,"enemies":"3 Louse","floor":14,"turns":3},{"damage":0,"enemies":"The Guardian","floor":16,"turns":11},{"damage":6,"enemies":"Spheric Guardian","floor":18,"turns":3},{"damage":14,"enemies":"Shell Parasite","floor":19,"turns":5},{"damage":2,"enemies":"Centurion and Healer","floor":24,"turns":5},{"damage":19,"enemies":"Gremlin Leader","floor":28,"turns":5},{"damage":17,"enemies":"Snake Plant","floor":29,"turns":4},{"damage":26,"enemies":"Slavers","floor":31,"turns":5},{"damage":50,"enemies":"Automaton","floor":33,"turns":6}],"seed_played":"-3809360411030008742","potions_obtained":[{"floor":1.0,"key":"GamblersBrew"},{"floor":3.0,"key":"EntropicBrew"},{"floor":5.0,"key":"PowerPotion"},{"floor":5.0,"key":"EntropicBrew"},{"floor":6.0,"key":"DistilledChaos"},{"floor":12.0,"key":"SneckoOil"},{"floor":14,"key":"SteroidPotion"},{"floor":16,"key":"ColorlessPotion"},{"floor":19,"key":"DuplicationPotion"},{"floor":24,"key":"CultistPotion"}],"is_trial":false,"path_per_floor":["M","M","M","$","?","E","R","E","T","E","M","M","$","M","R","B",null,"M","M","$","?","?","R","M","R","T","R","E","M","R","E","R","B"],"character_chosen":"DEFECT","items_purchased":["Gash"],"campfire_rested":4,"item_purchase_floors":[4],"current_hp_per_floor":[68,66,52,52,52,22,22,22,22,4,2,2,2,2,24,24,62,56,42,42,28,28,28,26,26,26,50,31,14,38,12,36,0,0],"gold":53,"neow_bonus":"BOSS_RELIC","is_daily":false,"chose_seed":false,"campfire_upgraded":3,"win_rate":0.0,"timestamp":1610580718,"path_taken":["M","M","M","$","?","E","R","E","T","E","M","M","$","M","R","BOSS","M","M","?","?","?","R","?","R","T","R","E","M","R","E","R","BOSS"],"items_purchased_type":["Card"],"build_version":"2020-12-22","purchased_purges":0,"victory":false,"max_hp_per_floor":[75,75,75,75,75,75,75,75,75,75,75,75,75,75,75,75,75,75,75,75,80,80,80,80,80,80,80,80,80,80,80,80,80,80],"relic_stats":{"Dream Catcher":4,"counters":[17,81],"Blue Candle":[0],"Pandora\u0027s Box":["Reinforced Body","Compile Driver","Core Surge","Hologram","Melter","Glacier","Machine Learning","BootSequence"],"Ectoplasm":409,"Kunai":[26],"Letter Opener":[58],"obtain_stats":[{"Bottled Flame":8,"Dream Catcher":10,"Blue Candle":6,"Vajra":26,"Pandora\u0027s Box":17,"Ectoplasm":0,"Kunai":9,"Letter Opener":28,"Toxic Egg 2":31,"Cracked Core":0},{"Bottled Flame":5,"Dream Catcher":6,"Blue Candle":4,"Vajra":13,"Pandora\u0027s Box":10,"Ectoplasm":0,"Kunai":5,"Letter Opener":14,"Toxic Egg 2":16,"Cracked Core":0},{"Bottled Flame":22,"Dream Catcher":26,"Blue Candle":17,"Vajra":61,"Pandora\u0027s Box":48,"Ectoplasm":0,"Kunai":22,"Letter Opener":66,"Toxic Egg 2":75,"Cracked Core":0}]},"card_choices":[{"not_picked":["Redo","Steam"],"picked":"Reprogram","floor":1.0},{"not_picked":["Leap","Consume"],"picked":"Barrage","floor":2.0},{"not_picked":["Turbo","White Noise","Darkness"],"picked":"SKIP","floor":3.0},{"not_picked":["Redo","Chill"],"picked":"Melter","floor":6.0},{"not_picked":["Redo","Sunder"],"picked":"Auto Shields","floor":8.0},{"not_picked":["Steam","Darkness"],"picked":"Gash","floor":10.0},{"not_picked":["Steam Power","Stack"],"picked":"Gash","floor":11.0},{"not_picked":["FTL","Compile Driver"],"picked":"Go for the Eyes","floor":12.0},{"not_picked":["Chill","Hello World"],"picked":"Hologram","floor":14},{"not_picked":["Gash","Ball Lightning"],"picked":"Hologram","floor":15},{"not_picked":["Amplify","Fission"],"picked":"Seek","floor":16},{"not_picked":["Darkness","Ball Lightning","Heatsinks+1"],"picked":"SKIP","floor":18},{"not_picked":["Cold Snap","Go for the Eyes","Aggregate"],"picked":"SKIP","floor":19},{"not_picked":["Sunder","Turbo","Go for the Eyes"],"picked":"SKIP","floor":24},{"not_picked":["Chill","Turbo"],"picked":"Rebound","floor":27},{"not_picked":["Fusion","Melter","Hologram"],"picked":"SKIP","floor":28},{"not_picked":["Doom and Gloom+1","Redo+1"],"picked":"Steam Power+1","floor":29},{"not_picked":["Electrodynamics","Sweeping Beam+1"],"picked":"Stack+1","floor":31},{"not_picked":["Compile Driver","Defragment"],"picked":"Turbo+1","floor":32}],"player_experience":621736,"relics_obtained":[{"floor":6.0,"key":"Blue Candle"},{"floor":8.0,"key":"Bottled Flame"},{"floor":9.0,"key":"Kunai"},{"floor":10.0,"key":"Dream Catcher"},{"floor":26,"key":"Vajra"},{"floor":28,"key":"Letter Opener"},{"floor":31,"key":"Toxic Egg 2"}],"event_choices":[{"damage_healed":0.0,"max_hp_gain":0.0,"max_hp_loss":0.0,"gold_gain":0.0,"event_name":"Lab","player_choice":"Got Potions","floor":5.0,"gold_loss":0.0,"damage_taken":0.0},{"damage_healed":0,"gold_gain":0,"player_choice":"Shed Blood","damage_taken":19,"max_hp_gain":5,"max_hp_loss":0,"event_name":"Forgotten Altar","floor":21,"gold_loss":0},{"cards_removed":["Compile Driver"],"damage_healed":0,"gold_gain":0,"player_choice":"Elegance","damage_taken":0,"max_hp_gain":0,"max_hp_loss":0,"event_name":"Back to Basics","floor":22,"gold_loss":0}],"is_beta":false,"boss_relics":[{"not_picked":["Coffee Dripper","SacredBark"],"picked":"Pandora\u0027s Box"}],"items_purged_floors":[],"is_endless":false,"potions_floor_spawned":[1,3,6,12,14,16,19,24],"killed_by":"Automaton","ascension_level":7}}