{"host":"8k64rvi83ijr822k","time":1610507794,"event":{"mods":["A Magickal Journey","Arknights The Spire","Bard","BaseMod","Colored Powertips","Dio Mod","Downfall","Googly Eyes","Hermit","Hero for Fun","Hubris","Infinite Spire","Lobotomy","Magitek Elite","Marisa????????","Minty Spire (QoL Compilation)","Quick Restart","Railgun Mod","Remilia??????","Replay The Spire","Shop Mod","Small Relic Pack","StSLib","Td1madao Mod","The Administrix","The Animator","The Bladedancer","The Bug Knight","The Construct","The Cursed","The Disciple","The Gatherer","The Judge","The Jungle","The Mystic","The Necromancer","The Poker Player","The Problem Sleuth","The Runesmith","The Senshi","The Wild Card","TheHero","everything is the same but u backflip on backflip","themimic"],"gold_per_floor":[120,120,120,136,136,136,4,4,31,46,65,65,81,92,92,196,196,208,208,227,418,436,436,436,436,436,449,469,480,515,535,535,633,633,653,653,667,667,9,9,35,135,135],"floor_reached":42,"language":"ENG","playtime":684,"items_purged":[],"score":690,"play_id":"342ddfc9-e8a2-4fb0-9ba5-900adabf9d12","local_time":"20210112221634","is_ascension_mode":false,"campfire_choices":[{"data":"Wear_Disguise","floor":6,"key":"SMITH"},{"data":"Consecutive_Normal_Punch","floor":8,"key":"SMITH"},{"data":"Normal_Punch","floor":15,"key":"SMITH"},{"data":"Serious_Punch","floor":23,"key":"SMITH"},{"data":"Get_Hopes_Up","floor":25,"key":"SMITH"},{"data":"Serious_Punch","floor":32,"key":"SMITH"},{"data":"ReplayTheSpireMod:Book of Names","floor":40,"key":"SMITH"}],"circlet_count":0,"master_deck":["Strike_Y","Strike_Y","Strike_Y","Strike_Y","Strike_Y","Defend_Y","Defend_Y","Defend_Y","Defend_Y","Yawn+1","Wear_Disguise+1","Consecutive_Normal_Punch+1","Side_Hop+1","Slap","Yawn","Side_Hop","Serious_Punch+1","Normal_Punch+1","Get_Hopes_Up+1","Do_Nothing","Consecutive_Normal_Punch","Consecutive_Normal_Punch","Hop","Toss_Stone","Normal_Punch+1","Yawn+1","Serious_Punch+1","Normal_Punch","Hip_Strike","Slap+1","Spreading Infection","Ignore+1","ReplayTheSpireMod:Book of Names+1","Wear_Disguise","Side_Hop","Do_Nothing","Slap","Serious_Punch","expansioncontent:QuickStudy","hubris:Insight","Normal_Punch","infinitespire:NeuralNetwork","Slap"],"relics":["Cape","Anchor","Boot","Golden_Hairpin","theJungle:WildPear","hubris:TinFlute","Simple Rune","hubris:BlackHole","Ring of Searing","Omamori","hubris:64BitClover"],"acts_visited":["Exordium","Exordium","TheBeyond"],"potions_floor_usage":[],"damage_taken":[{"damage":0,"enemies":"Jaw Worm","floor":1,"turns":1},{"damage":0,"enemies":"Small Slimes","floor":4,"turns":1},{"damage":0,"enemies":"2 Louse","floor":10,"turns":1},{"damage":0,"enemies":"Exordium Thugs","floor":11,"turns":1},{"damage":0,"enemies":"Lots of Slimes","floor":13,"turns":2},{"damage":0,"enemies":"Looter","floor":14,"turns":1},{"damage":0,"enemies":"Hexaghost","floor":16,"turns":1},{"damage":0,"enemies":"theJungle:5_Spyders","floor":18,"turns":1},{"damage":0,"enemies":"theJungle:Flameango_and_Byrd","floor":20,"turns":2},{"damage":0,"enemies":"theJungle:JungleHuntersEncounter","floor":22,"turns":1},{"damage":0,"enemies":"theJungle:SlimyTreeVines","floor":27,"turns":1},{"damage":0,"enemies":"theJungle:Lyon","floor":28,"turns":1},{"damage":0,"enemies":"theJungle:2_Snecko_Cultists","floor":29,"turns":1},{"damage":0,"enemies":"theJungle:MamaSnecko","floor":30,"turns":1},{"damage":0,"enemies":"theJungle:JungleHuntersEncounter","floor":31,"turns":1},{"damage":0,"enemies":"theJungle:FunGuy","floor":33,"turns":1},{"damage":0,"enemies":"Orb Walker","floor":35,"turns":1},{"damage":0,"enemies":"3 Shapes","floor":37,"turns":2},{"damage":0,"enemies":"Nemesis","floor":41,"turns":1},{"damage":0,"enemies":"infinitespire:Three Voidlings","floor":42,"turns":1},{"damage":0,"enemies":"Nightmare_Alpha","floor":42,"turns":1}],"seed_played":"-3626649048987087273","potions_obtained":[{"floor":4,"key":"Explosive Potion"},{"floor":10,"key":"BlessingOfTheForge"},{"floor":22,"key":"sneckomod:MuddlingPotion"},{"floor":28,"key":"Swift Potion"},{"floor":31,"key":"SkillPotion"},{"floor":42,"key":"PowerPotion"}],"is_trial":false,"path_per_floor":["M","?","?","M","T","R","$","R","T","M","M","?","M","M","R","B",null,"M","?","M","?","M","R","?","R","T","M","M","M","E","M","R","B",null,"M","?","M","?","$","R","E","?"],"character_chosen":"OPM","items_purchased":["Consecutive_Normal_Punch","Side_Hop","Slap","Wear_Disguise","Side_Hop","Do_Nothing","Slap","Serious_Punch","expansioncontent:QuickStudy","hubris:Insight"],"campfire_rested":0,"item_purchase_floors":[7,7,7,39,39,39,39,39,39,39],"current_hp_per_floor":[999,999,999,999,999,999,999,999,999,999,999,999,999,999,999,999,999,999,1009,1009,1009,1009,1009,1009,1009,1009,1009,1009,1009,1009,1009,1009,1009,1009,1009,1009,1009,1009,1009,1009,1009,1009,1009],"gold":135,"neow_bonus":"HUNDRED_GOLD","is_daily":false,"chose_seed":false,"campfire_upgraded":7,"win_rate":0.0,"timestamp":1610507794,"path_taken":["M","?","?","M","?","R","$","R","T","M","M","?","M","M","R","BOSS","M","?","M","?","M","R","?","R","T","M","M","M","E","M","R","BOSS","M","?","M","?","?","R","E","?"],"items_purchased_type":["Card","Card","Card","Card","Card","Card","Card","Card","Card","Card"],"build_version":"2020-12-22","purchased_purges":0,"victory":false,"max_hp_per_floor":[999,999,999,999,999,999,999,999,999,999,999,999,999,999,999,999,999,999,1009,1009,1009,1009,1009,1009,1009,1009,1009,1009,1009,1009,1009,1009,1009,1009,1009,1009,1009,1009,1009,1009,1009,1009,1009],"card_choices":[{"not_picked":["Side_Hop","Slap"],"picked":"Yawn","floor":1},{"not_picked":["Slap","Ignore"],"picked":"Wear_Disguise","floor":4},{"not_picked":["Wear_Disguise","Ignore"],"picked":"Yawn","floor":10},{"not_picked":["Wear_Disguise","Yawn"],"picked":"Side_Hop","floor":11},{"not_picked":["Consecutive_Normal_Punch","Ignore"],"picked":"Serious_Punch","floor":13},{"not_picked":["Wear_Disguise","Do_Nothing"],"picked":"Normal_Punch","floor":14},{"not_picked":["Serious_Side_Hops","Oh"],"picked":"Get_Hopes_Up","floor":16},{"not_picked":["Ignore","Slap"],"picked":"Do_Nothing","floor":18},{"not_picked":["Ignore","Slap"],"picked":"Consecutive_Normal_Punch","floor":20},{"not_picked":["Side_Hop+1","Ignore"],"picked":"Consecutive_Normal_Punch","floor":21},{"not_picked":["Yawn","Side_Hop"],"picked":"Hop","floor":22},{"not_picked":["Wear_Disguise","Slap"],"picked":"Toss_Stone","floor":27},{"not_picked":["Ignore","Toss_Stone"],"picked":"Normal_Punch+1","floor":28},{"not_picked":["Do_Nothing","Wear_Disguise"],"picked":"Yawn+1","floor":29},{"not_picked":["Wear_Disguise","Normal_Punch+1"],"picked":"Serious_Punch","floor":30},{"not_picked":["Hop","Ignore+1"],"picked":"Normal_Punch","floor":31},{"not_picked":["Terrifying_Presence","Get_Hopes_Up"],"picked":"Hip_Strike","floor":33},{"not_picked":["Do_Nothing","Yawn"],"picked":"Slap+1","floor":35},{"not_picked":["Side_Hop+1","Do_Nothing+1"],"picked":"Ignore+1","floor":37},{"not_picked":["infinitespire:NeuralNetwork","infinitespire:TheBestDefense"],"picked":"ReplayTheSpireMod:Book of Names","floor":38},{"not_picked":["Ignore+1","Do_Nothing+1"],"picked":"Normal_Punch","floor":41},{"not_picked":["infinitespire:UltimateForm","hubris:Fate"],"picked":"infinitespire:NeuralNetwork","floor":42},{"not_picked":["Yawn+1","Wear_Disguise+1"],"picked":"Slap","floor":42}],"player_experience":125725,"relics_obtained":[{"floor":5,"key":"Anchor"},{"floor":9,"key":"Boot"},{"floor":26,"key":"hubris:TinFlute"},{"floor":30,"key":"Simple Rune"},{"floor":36,"key":"Ring of Searing"},{"floor":41,"key":"Omamori"},{"floor":42,"key":"hubris:64BitClover"}],"event_choices":[{"damage_healed":0,"gold_gain":0,"player_choice":"Grow","damage_taken":0,"max_hp_gain":0,"max_hp_loss":0,"event_name":"Living Wall","floor":2,"gold_loss":0,"cards_upgraded":["Yawn"]},{"cards_removed":["Defend_Y"],"damage_healed":0,"gold_gain":0,"player_choice":"Card Removal","damage_taken":7,"max_hp_gain":0,"max_hp_loss":0,"event_name":"Golden Wing","floor":3,"gold_loss":0}],"is_beta":false,"boss_relics":[{"not_picked":["Replay:Bronze Core","Ring of Chaos"],"picked":"Golden_Hairpin"},{"not_picked":["hubris:VirtuousBlindfold","Honey Jar"],"picked":"hubris:BlackHole"}],"items_purged_floors":[],"is_endless":true,"potions_floor_spawned":[4,10,22,28,29,31,41,42],"killed_by":"Nightmare_Alpha","ascension_level":0}}