{"host":"1rf9pknejqhzkc4o","time":1610540015,"event":{"mods":["Aspiration","BaseMod","Better Altar","Better Match","Better Note","Better Sensory Stone","Better Skull","Better Third Choice","Colored Map","Colored Powertips","Communication Mod","Conspire","Energized Spire","Hubris","Infinite Spire","Ironclad Rager","Minty Spire (QoL Compilation)","Quick Restart","RNG Fix","Rare Cards Sparkle","Relic Stats","Replay The Spire","Retaliation","Spicy Shops","StSLib","The Blue Laboratory","Trackpad"],"gold_per_floor":[113,124,124,139,151,151,151,202,202,53,68,87,13,30,30,30,30],"floor_reached":16,"language":"ENG","playtime":501,"items_purged":[],"score":94,"play_id":"093b1928-e4d6-4583-a56e-d3ce502ec6c0","local_time":"20210113151335","is_ascension_mode":false,"campfire_choices":[{"data":"Perfected Strike","floor":6,"key":"SMITH"}],"circlet_count":0,"master_deck":["Bash","ICR:RageStrike","ICR:RageStrike","ICR:RageStrike","ICR:RageStrike","ICR:RageStrike","ICR:ShieldBash","ICR:ShieldBash","ICR:ShieldBash","ICR:ShieldBash","Perfected Strike+1","DDmod:SpikedSkill","DDmod:UnstoppableAttack","Flex","Flex"],"relics":["Burning Blood","DDmod:BarbedSlagRelic","hubris:ChampionShield","aspiration:DSix","Lee\u0027s Waffle","Toolbox"],"acts_visited":["Exordium"],"potions_floor_usage":[16,16],"damage_taken":[{"damage":1.0,"enemies":"Cultist","floor":1.0,"turns":4.0},{"damage":3.0,"enemies":"Small Slimes","floor":2.0,"turns":3.0},{"damage":3,"enemies":"2 Louse","floor":4,"turns":3},{"damage":10,"enemies":"Looter","floor":5,"turns":3},{"damage":12,"enemies":"3 Louse","floor":11,"turns":4},{"damage":35,"enemies":"Exordium Wildlife","floor":12,"turns":4},{"damage":17,"enemies":"Large Slime","floor":14,"turns":6},{"damage":75,"enemies":"The Guardian","floor":16,"turns":7}],"seed_played":"6051168909178434333","potions_obtained":[{"floor":4,"key":"Ancient Potion"},{"floor":12,"key":"AttackPotion"},{"floor":14,"key":"blueLaboratory:NullPotion"},{"floor":15,"key":"SkillPotion"}],"is_trial":false,"path_per_floor":["M","M","?","M","M","R","?","T","T","$","M","M","$","M","R_BF","B"],"character_chosen":"IRONCLAD","items_purchased":["Lee\u0027s Waffle","Toolbox"],"campfire_rested":0,"item_purchase_floors":[10,13],"current_hp_per_floor":[80,80,80,80,80,80,85,85,85,92,92,67,67,61,61,0,0],"gold":30,"neow_bonus":"IRONCLAD_RAGER","is_daily":false,"chose_seed":false,"campfire_upgraded":1,"win_rate":0.0,"timestamp":1610540015,"path_taken":["M","?","?","M","M","R","?","?","T","$","M","?","?","M","R_BF","BOSS"],"items_purchased_type":["Relic","Relic"],"build_version":"2020-12-22","purchased_purges":0,"victory":false,"max_hp_per_floor":[80,80,80,80,80,80,85,85,85,92,92,92,92,92,92,92,92],"relic_stats":{"Lee\u0027s Waffle":7,"counters":[8,34],"obtain_stats":[{"Lee\u0027s Waffle":10,"Toolbox":13,"hubris:ChampionShield":8,"DDmod:BarbedSlagRelic":3,"aspiration:DSix":9,"Burning Blood":0},{"Lee\u0027s Waffle":4,"Toolbox":6,"hubris:ChampionShield":4,"DDmod:BarbedSlagRelic":2,"aspiration:DSix":4,"Burning Blood":0},{"Lee\u0027s Waffle":13,"Toolbox":21,"hubris:ChampionShield":13,"DDmod:BarbedSlagRelic":7,"aspiration:DSix":13,"Burning Blood":0}],"Burning Blood":31},"card_choices":[{"not_picked":["ReplayTheSpireMod:Strike From Hell","DDmod:SpikedSkill"],"picked":"Perfected Strike","floor":1.0},{"not_picked":["Replay:Undeath\u0027s Touch","DDmod:RechargeSkill"],"picked":"DDmod:SpikedSkill","floor":2.0},{"not_picked":["Run Through","Heavy Blade"],"picked":"DDmod:UnstoppableAttack","floor":4},{"not_picked":["Clash","hubris:ReadiedAction"],"picked":"Flex","floor":5},{"not_picked":["Massacre","ICR:Frenzy","DDmod:UnstoppableAttack"],"picked":"SKIP","floor":11},{"not_picked":["DDmod:EasePowerCard","Armaments","Flame Barrier"],"picked":"SKIP","floor":12},{"not_picked":["hubris:CleavingFinish","Shockwave"],"picked":"Flex","floor":14}],"player_experience":176617,"relics_obtained":[{"floor":8,"key":"hubris:ChampionShield"},{"floor":9,"key":"aspiration:DSix"}],"event_choices":[{"damage_healed":0,"gold_gain":0,"player_choice":"Donut","damage_taken":0,"max_hp_gain":5,"max_hp_loss":0,"event_name":"Big Fish","floor":7,"gold_loss":0}],"is_beta":false,"boss_relics":[],"items_purged_floors":[],"is_endless":false,"potions_floor_spawned":[4,12,14],"killed_by":"The Guardian","ascension_level":0}}