{"host":"wha9hktbkslqvblg","time":1610515336,"event":{"mods":["BaseMod","Colored Map","Minty Spire (QoL Compilation)","Relic Stats","SuperFastMode","everything is the same but u backflip on backflip"],"gold_per_floor":[114,39,39,39,39,75,75,94,94,94,110,151,27,52,52,142,142,167,187,206,230,70,70,70,85,85,109,134,134,9,9,9,102,102,127,127,127,158,70,70,91,91,91],"floor_reached":42,"language":"KOR","playtime":1066,"items_purged":["Defend_B","Defend_B","Pain"],"score":927,"play_id":"19d225c1-ae14-4fc0-bfb9-ab6cc6f03b07","local_time":"20210113142216","is_ascension_mode":true,"campfire_choices":[{"data":"Dualcast","floor":7.0,"key":"SMITH"},{"data":"Zap","floor":10.0,"key":"SMITH"},{"data":"Loop","floor":15.0,"key":"SMITH"},{"data":"Turbo","floor":24.0,"key":"SMITH"},{"floor":32,"key":"REST"},{"data":"Defragment","floor":40,"key":"SMITH"}],"circlet_count":0,"master_deck":["AscendersBane","Zap+1","Dualcast+1","Skim","Heatsinks","Coolheaded","Cold Snap","Loop+1","Chill","Ball Lightning","Electrodynamics","Turbo+1","Coolheaded","Capacitor","Creative AI","Self Repair","Bite","Bite","Bite","Bite","Bite","Biased Cognition","Defragment+1","Go for the Eyes"],"relics":["Cracked Core","NeowsBlessing","Golden Idol","Symbiotic Virus","Meat on the Bone","Lizard Tail","Cursed Key","Orrery","Empty Cage","Girya"],"acts_visited":["Exordium","TheCity","TheBeyond"],"potions_floor_usage":[33],"damage_taken":[{"damage":0.0,"enemies":"Jaw Worm","floor":1.0,"turns":1.0},{"damage":0.0,"enemies":"Lagavulin","floor":6.0,"turns":1.0},{"damage":0.0,"enemies":"Cultist","floor":8.0,"turns":1.0},{"damage":2.0,"enemies":"2 Louse","floor":11.0,"turns":2.0},{"damage":7.0,"enemies":"Gremlin Nob","floor":12.0,"turns":3.0},{"damage":9.0,"enemies":"Blue Slaver","floor":14.0,"turns":2.0},{"damage":33.0,"enemies":"Slime Boss","floor":16.0,"turns":4.0},{"damage":18.0,"enemies":"Chosen","floor":18.0,"turns":5.0},{"damage":10.0,"enemies":"2 Thieves","floor":19.0,"turns":3.0},{"damage":21.0,"enemies":"Snake Plant","floor":20.0,"turns":4.0},{"damage":5.0,"enemies":"Centurion and Healer","floor":21.0,"turns":6.0},{"damage":0.0,"enemies":"Book of Stabbing","floor":23.0,"turns":1.0},{"damage":41.0,"enemies":"Cultist and Chosen","floor":25.0,"turns":6.0},{"damage":20.0,"enemies":"Snake Plant","floor":27.0,"turns":3.0},{"damage":30.0,"enemies":"Sentry and Sphere","floor":28.0,"turns":4.0},{"damage":35,"enemies":"Champ","floor":33,"turns":14},{"damage":3,"enemies":"3 Shapes","floor":35,"turns":4},{"damage":31,"enemies":"Mind Bloom Boss Battle","floor":38,"turns":9},{"damage":20,"enemies":"Orb Walker","floor":41,"turns":4},{"damage":29,"enemies":"2 Orb Walkers","floor":42,"turns":3}],"seed_played":"-2681850141552498576","potions_obtained":[{"floor":1.0,"key":"LiquidMemories"},{"floor":6.0,"key":"BlessingOfTheForge"},{"floor":14.0,"key":"Swift Potion"},{"floor":18.0,"key":"LiquidBronze"},{"floor":20.0,"key":"SmokeBomb"},{"floor":25.0,"key":"PowerPotion"},{"floor":41,"key":"Dexterity Potion"}],"is_trial":false,"path_per_floor":["M","$","?","?","$","E","R","M","T","R","M","E","$","M","R","B",null,"M","M","M","M","$","E","R","M","T","M","M","?","$","?","R","B",null,"M","$","?","?","$","R","M","?"],"character_chosen":"DEFECT","items_purchased":["Ball Lightning","Orrery","Defragment"],"campfire_rested":1,"item_purchase_floors":[13,22,39],"current_hp_per_floor":[64,64,64,64,64,64,64,64,64,64,62,55,55,46,46,25,54,36,38,29,36,36,36,36,44,44,36,18,18,18,18,31,44,44,44,44,44,40,40,40,37,14,14],"gold":91,"neow_bonus":"THREE_ENEMY_KILL","is_daily":false,"chose_seed":false,"campfire_upgraded":5,"win_rate":0.0,"timestamp":1610515336,"path_taken":["M","$","?","?","$","E","R","M","T","R","M","E","$","M","R","BOSS","M","M","?","M","?","E","R","M","T","?","M","?","$","?","R","BOSS","M","$","?","?","?","R","M","?"],"items_purchased_type":["Card","Relic","Card"],"build_version":"2020-12-22","purchased_purges":3,"victory":false,"max_hp_per_floor":[71,71,64,64,64,64,64,64,64,64,64,64,64,64,64,64,64,64,64,64,64,64,64,64,64,64,64,64,64,64,44,44,44,44,44,44,44,44,44,44,44,44,44],"relic_stats":{"Lizard Tail":32,"counters":[20,80],"Golden Idol":130,"Cursed Key":1,"obtain_stats":[{"Girya":38,"Lizard Tail":12,"NeowsBlessing":0,"Golden Idol":3,"Orrery":22,"Cracked Core":0,"Symbiotic Virus":6,"Cursed Key":17,"Empty Cage":34,"Meat on the Bone":9},{"Girya":18,"Lizard Tail":5,"NeowsBlessing":0,"Golden Idol":1,"Orrery":11,"Cracked Core":0,"Symbiotic Virus":2,"Cursed Key":7,"Empty Cage":16,"Meat on the Bone":3},{"Girya":73,"Lizard Tail":8,"NeowsBlessing":0,"Golden Idol":1,"Orrery":32,"Cracked Core":0,"Symbiotic Virus":2,"Cursed Key":14,"Empty Cage":60,"Meat on the Bone":3}],"Meat on the Bone":84},"card_choices":[{"not_picked":["Blizzard","Hologram"],"picked":"Skim","floor":1.0},{"not_picked":["Thunder Strike","Recycle"],"picked":"Coolheaded","floor":6.0},{"not_picked":["Barrage","Chaos"],"picked":"Cold Snap","floor":8.0},{"not_picked":["Aggregate","Turbo"],"picked":"Loop","floor":11.0},{"not_picked":["Aggregate","Beam Cell"],"picked":"Chill","floor":12.0},{"not_picked":["Static Discharge","BootSequence","Stack"],"picked":"SKIP","floor":14.0},{"not_picked":["Meteor Strike","Rainbow"],"picked":"Electrodynamics","floor":16.0},{"not_picked":["Steam Power","Conserve Battery","Sweeping Beam"],"picked":"SKIP","floor":18.0},{"not_picked":["Hello World","Beam Cell"],"picked":"Turbo","floor":19.0},{"not_picked":["Conserve Battery","Chaos"],"picked":"Coolheaded","floor":20.0},{"not_picked":["Barrage","Skim","Steam Power"],"picked":"SKIP","floor":21.0},{"not_picked":["Blizzard","Reinforced Body"],"picked":"Capacitor","floor":22.0},{"not_picked":["Coolheaded","Stack"],"picked":"Creative AI","floor":22.0},{"not_picked":["Conserve Battery","Turbo","Go for the Eyes"],"picked":"SKIP","floor":25.0},{"not_picked":["Chaos","Redo"],"picked":"Self Repair","floor":27.0},{"not_picked":["Double Energy","Leap","Turbo"],"picked":"SKIP","floor":28.0},{"not_picked":["Echo Form","Thunder Strike"],"picked":"Biased Cognition","floor":33},{"not_picked":["Melter","Gash","Conserve Battery"],"picked":"SKIP","floor":35},{"not_picked":["Conserve Battery+1","Skim"],"picked":"Go for the Eyes","floor":41}],"player_experience":968492,"relics_obtained":[{"floor":6.0,"key":"Symbiotic Virus"},{"floor":9.0,"key":"Meat on the Bone"},{"floor":12.0,"key":"Lizard Tail"},{"floor":38,"key":"Girya"}],"event_choices":[{"damage_healed":0.0,"max_hp_gain":0.0,"max_hp_loss":7.0,"gold_gain":0.0,"event_name":"Golden Idol","player_choice":"Lose Max HP","floor":3.0,"gold_loss":0.0,"damage_taken":0.0,"relics_obtained":["Golden Idol"]},{"damage_healed":0.0,"max_hp_gain":0.0,"max_hp_loss":0.0,"gold_gain":0.0,"cards_transformed":["Strike_B"],"event_name":"Transmorgrifier","player_choice":"Transformed","floor":4.0,"gold_loss":0.0,"damage_taken":0.0,"cards_obtained":["Heatsinks"]},{"damage_healed":0.0,"max_hp_gain":0.0,"max_hp_loss":0.0,"gold_gain":0.0,"event_name":"The Mausoleum","player_choice":"Ignored","floor":29.0,"gold_loss":0.0,"damage_taken":0.0},{"damage_healed":0,"gold_gain":0,"player_choice":"Became a vampire","damage_taken":0,"max_hp_gain":0,"max_hp_loss":20,"event_name":"Vampires","floor":31,"gold_loss":0,"cards_obtained":["Bite","Bite","Bite","Bite","Bite"]},{"damage_healed":0,"gold_gain":0,"player_choice":"Ignored","damage_taken":0,"max_hp_gain":0,"max_hp_loss":0,"event_name":"Tomb of Lord Red Mask","floor":37,"gold_loss":0},{"damage_healed":0,"gold_gain":0,"player_choice":"Fight","damage_taken":0,"max_hp_gain":0,"max_hp_loss":0,"event_name":"MindBloom","floor":38,"gold_loss":0},{"damage_healed":0,"gold_gain":0,"player_choice":"Fight","damage_taken":0,"max_hp_gain":0,"max_hp_loss":0,"event_name":"Mysterious Sphere","floor":42,"gold_loss":0}],"is_beta":false,"boss_relics":[{"not_picked":["Snecko Eye","FrozenCore"],"picked":"Cursed Key"},{"not_picked":["Runic Dome","SacredBark"],"picked":"Empty Cage"}],"items_purged_floors":[2,13,30],"is_endless":false,"potions_floor_spawned":[1,6,14,18,20,25,28,41],"killed_by":"2 Orb Walkers","ascension_level":20}}