{"host":"solomon","time":1610526872,"event":{"mods":["Act Like it!","BaseMod","Library of Ruina","Library of Ruina Extra","Luminous","Minty Spire (QoL Compilation)","Robot Space Explorer","StSLib","The Dragon Tamer","【东方二次创作】八云紫mod","残留之物"],"gold_per_floor":[111,123,139,156,173,199,199,224,251,251,251,263,289,289,289,393,393,410,410,77,77,95,121,121,149,174,190,190,90,121,121,121,221,221,240,115,115,115,165,197,215,215,215,235,264,284,300,326,326,326,326,326,326,85,105,105],"floor_reached":57,"language":"ZHS","playtime":2045,"items_purged":["LightDefense","LightDefense+1","Dodge"],"score":2329,"play_id":"c0168af9-836f-4766-9066-9a927eac8e00","local_time":"20210113163432","is_ascension_mode":true,"campfire_choices":[{"data":"SenseQuarry","floor":7.0,"key":"SMITH"},{"data":"UpstandingSlash","floor":11.0,"key":"SMITH"},{"data":"Charge","floor":15.0,"key":"SMITH"},{"floor":24,"key":"RECALL"},{"floor":32,"key":"REST"},{"floor":42,"key":"REST"},{"floor":49,"key":"REST"},{"floor":53,"key":"REST"}],"circlet_count":0,"master_deck":["UpstandingSlash+1","LevelSlash","FocusSpirit+1","Charge+1","SenseQuarry+1","GrazeTheGrass","Commandeering+1","FrontalAssault+1","Enlightenment","InnerArdor+1"],"relics":["PageOfLibrarian","Matryoshka","Blood Vial","Bronze Scales","Happy Flower","Bag of Preparation","Fusion Hammer","MutagenicStrength","PageOfForsakenMurderer","Orichalcum","War Paint","Gremlin Horn","Bag of Marbles","Question Card","FossilizedHelix","SlaversCollar","Peace Pipe","PageOfGreed","PageOfTheQueenOfHatred","PageOfTheKnightOfDespair","PageOfWrath","PageOfNihil"],"acts_visited":["Exordium","TheCity","TheBeyond","TheEnding"],"potions_floor_usage":[40],"damage_taken":[{"damage":0.0,"enemies":"Cultist","floor":1.0,"turns":1.0},{"damage":0.0,"enemies":"Jaw Worm","floor":2.0,"turns":1.0},{"damage":0.0,"enemies":"Small Slimes","floor":3.0,"turns":1.0},{"damage":0.0,"enemies":"Blue Slaver","floor":4.0,"turns":1.0},{"damage":0.0,"enemies":"Red Slaver","floor":5.0,"turns":1.0},{"damage":0.0,"enemies":"Gremlin Nob","floor":6.0,"turns":2.0},{"damage":0.0,"enemies":"Lagavulin","floor":8.0,"turns":2.0},{"damage":0.0,"enemies":"2 Fungi Beasts","floor":12.0,"turns":1.0},{"damage":0.0,"enemies":"3 Sentries","floor":13.0,"turns":2.0},{"damage":0.0,"enemies":"Slime Boss","floor":16.0,"turns":3.0},{"damage":0.0,"enemies":"Spheric Guardian","floor":18.0,"turns":1.0},{"damage":0,"enemies":"Shell Parasite","floor":22,"turns":1},{"damage":0,"enemies":"Slavers","floor":23,"turns":2},{"damage":0,"enemies":"Gremlin Leader","floor":25,"turns":1},{"damage":0,"enemies":"3 Cultists","floor":27,"turns":1},{"damage":0,"enemies":"Slavers","floor":30,"turns":1},{"damage":0,"enemies":"Champ","floor":33,"turns":3},{"damage":0,"enemies":"3 Darklings","floor":35,"turns":1},{"damage":0,"enemies":"Mind Bloom Boss Battle","floor":39,"turns":1},{"damage":0,"enemies":"Giant Head","floor":40,"turns":1},{"damage":0,"enemies":"Orb Walker","floor":41,"turns":1},{"damage":0,"enemies":"Sphere and 2 Shapes","floor":44,"turns":1},{"damage":0,"enemies":"Nemesis","floor":45,"turns":1},{"damage":0,"enemies":"3 Darklings","floor":46,"turns":1},{"damage":0,"enemies":"Writhing Mass","floor":47,"turns":1},{"damage":0,"enemies":"Reptomancer","floor":48,"turns":1},{"damage":0,"enemies":"Awakened One","floor":50,"turns":5},{"damage":9,"enemies":"Shield and Spear","floor":55,"turns":4},{"damage":3,"enemies":"The Heart","floor":56,"turns":4}],"seed_played":"1026248058829765569","potions_obtained":[{"floor":2.0,"key":"Energy Potion"},{"floor":5.0,"key":"Explosive Potion"},{"floor":6.0,"key":"Swift Potion"},{"floor":8.0,"key":"Energy Potion"},{"floor":39,"key":"LiquidMemories"},{"floor":40,"key":"Fruit Juice"},{"floor":48,"key":"BlessingOfTheForge"}],"is_trial":false,"path_per_floor":["M","M","M","M","M","E","R","E","T","?","R","M","E","?","R","B",null,"M","?","$","?","M","E","R","E","T","M","T","$","E","$","R","B",null,"M","$","?","?","?","E","M","R","T","M","E","M","M","E","R","B",null,null,"R","$","E","B",null],"character_chosen":"Librarian","items_purchased":["PageOfForsakenMurderer","PageOfWrath"],"campfire_rested":4,"item_purchase_floors":[20,54],"current_hp_per_floor":[54,54,54,54,54,54,54,54,54,54,54,56,58,40,40,42,80,82,82,82,82,84,86,86,88,88,88,88,88,88,88,88,88,88,88,88,88,88,88,93,93,93,93,93,93,93,93,93,93,93,93,93,93,93,88,93],"gold":105,"neow_bonus":"","is_daily":false,"chose_seed":false,"campfire_upgraded":3,"win_rate":0.0,"timestamp":1610526872,"path_taken":["M","M","M","?","M","E","R","E","T","?","R","M","E","?","R","BOSS","M","?","$","?","M","E","R","E","T","M","?","$","E","?","R","BOSS","M","$","?","?","?","E","M","R","T","?","E","M","M","E","R","BOSS","R","$","E","BOSS"],"items_purchased_type":["Relic","Relic"],"build_version":"2020-12-18","purchased_purges":3,"victory":true,"max_hp_per_floor":[92,92,92,92,92,92,92,92,92,92,92,92,92,92,92,92,92,92,92,92,88,88,88,88,88,88,88,88,88,88,88,88,88,88,88,88,88,88,88,93,93,93,93,93,93,93,93,93,93,93,93,93,93,93,93,93],"card_choices":[{"not_picked":["FleetFootsteps","FeelinGood","Castigation","DarkCloud","UpbeatPerformance","FrontalAssault","HiddenBlade","BizarreAttack","Wallop_lor"],"picked":"SKIP","floor":1.0},{"not_picked":["GuidanceOfTheGears","WildCard","MultiHit","ShockingBlow","BindingArms","FlowOfTheSword","QuickSuppression","Rewind","Standoff"],"picked":"SKIP","floor":2.0},{"not_picked":["GuidanceOfTheGears","Outburst","Thrust","PreemptiveStrike","BackAttack","SmokingPipe","HighKick","Overpower","Guardian_lor"],"picked":"SKIP","floor":3.0},{"not_picked":["Tttonst","UpbeatPerformance","CutIn","Rewind","Reload","Overpower","InkOver","MultiHit"],"picked":"SenseQuarry","floor":4.0},{"not_picked":["YouOnlyLiveOnce","StrikeDown","UnavoidableGaze","EnergyStrike","Rampage_lor","Parry","BulkyImpact","DeepDrag","MultiHit"],"picked":"SKIP","floor":5.0},{"not_picked":["GroundSmash","HandleRequest","UncannyStrike","Pound","BindingChains","RipSpace","SpearedSweep","TheRedNotes","QuickSuppression"],"picked":"SKIP","floor":6.0},{"not_picked":["Wallop_lor","Preparation","Ripple","EnergyShield","EndlessBattle","UpbeatPerformance","Rewind","ClassAndRespect","StayCalm"],"picked":"SKIP","floor":8.0},{"not_picked":["MultiHit","StrongStrike","ShockRound","AsThePrescriptOrders","NightInTheBackstreets","Parry","HiddenBlade","StrikeDown","Diversion"],"picked":"SKIP","floor":12.0},{"not_picked":["DestructiveImpact","Decapitation","WillOfThePrescript","SteelKnuckles","HighKick","HeavyPeaks","SnakesPrey","SunsetBlade"],"picked":"GrazeTheGrass","floor":13.0},{"not_picked":["SkitterAway","Ripple+1","FierceCharge","OpportunitySpotted+1","InhaleSmoke","FleetFootsteps","HiddenBlade+1","WildCard+1","Brawl"],"picked":"SKIP","floor":18.0},{"not_picked":["HandlingWork","SuppressingShot","ForcefulGesture","EnergyConversion+1","DimensionalRift","DesperateStruggle+1","Diversion","Track"],"picked":"Commandeering","floor":22},{"not_picked":["MultiHit","Thrust","SearingSword","FleetFootsteps","GreatSerpentsImpact","Leap_lor","Mutilate","Parry","PreemptiveStrike+1"],"picked":"SKIP","floor":23},{"not_picked":["SharpSwipe","Mutilate","Rewind","SnakesPrey","BattleCommand+1","TrimTheIngredients+1","GuardingStance","Eject"],"picked":"FrontalAssault","floor":25},{"not_picked":["SmokingPipe+1","SharpSwipe+1","TieShanKao","GuidanceOfTheGears+1","Rewind","AGoldenOpportunity","SharpenedBlade","AsThePrescriptOrders","Diversion+1"],"picked":"SKIP","floor":27},{"not_picked":["QuickSuppression","MindCrush","Gamble+1","Zzzzzap","Track+1","DesperateStruggle","DarkCloud","FierceCharge","LoosenUp","GuardingStance"],"picked":"SKIP","floor":30},{"not_picked":["Standoff+1","SnakesPrey+1","OpportunitySpotted","BulkyImpact+1","StrikeDown","ScratchThat","SparkingSpear","WildCard","HighKick+1","Faith"],"picked":"SKIP","floor":35},{"not_picked":["Mind Blast","Violence","Metamorphosis","Purity","Transmutation","Thinking Ahead","Trip","The Bomb","Finesse"],"picked":"Enlightenment","floor":38},{"not_picked":["FleetEdge","GoinFirst","TasteMyFlamingBat","GrazeTheGrass","Unlock1","Quickness","Diversion","NightInTheBackstreets","WillOfThePrescript+1","Decapitation"],"picked":"SKIP","floor":40},{"not_picked":["CumulusWall+1","Gigigig+1","SenseQuarry","SinglePointStab","BiteOff","SpearedSweep+1","FleetEdge+1","FlashOfSunup+1","Concentration+1","ClassAndRespect"],"picked":"SKIP","floor":41},{"not_picked":["Overcharge","UnavoidableGaze+1","WillOfThePrescript","Rewind+1","MultiBlock","InkOver+1","ClassAndRespect","RagingStorm","Fence+1","UpbeatPerformance+1"],"picked":"SKIP","floor":44},{"not_picked":["QuickSuppression+1","Standoff+1","Zzzzzap+1","DestructiveImpact+1","NightInTheBackstreets+1","Diversion","MultiBlock","GrazeTheGrass","Retaliate+1","ElectricShock+1"],"picked":"SKIP","floor":45},{"not_picked":["SpearedSweep","EnergyShield","Faith","Eliminate","MultiHit+1","TraceOfFumes+1","AsThePrescriptOrders+1","LossOfSenses","SharpSwipe","Retaliate+1"],"picked":"SKIP","floor":46},{"not_picked":["InhaleSmoke+1","PreemptiveStrike+1","IllEndYou","FierceCharge","DarkCloud+1","BoundaryOfDeath","Leap_lor","Thrust+1","CombatPreparation","MindWhip"],"picked":"SKIP","floor":47},{"not_picked":["DefenseOrder","FleetEdge","Faith+1","SerpentSwordTechnique+1","ToOvercomeCrisis+1","Marionette","TieShanKao","FendThisOffIfYouCan+1","QuickAttack+1","SharpSwipe+1"],"picked":"SKIP","floor":48},{"not_picked":["DefenseOrder","Wallop_lor","InhaleSmoke","SteelKnuckles+1","UnavoidableGaze+1","SmokingPipe","StrikeDown","Diversion","TheRedNotes+1"],"picked":"InnerArdor+1","floor":55}],"player_experience":425550,"relics_obtained":[{"floor":6.0,"key":"Matryoshka"},{"floor":8.0,"key":"Blood Vial"},{"floor":9.0,"key":"Bronze Scales"},{"floor":9.0,"key":"Happy Flower"},{"floor":13.0,"key":"Bag of Preparation"},{"floor":23,"key":"Orichalcum"},{"floor":25,"key":"War Paint"},{"floor":26,"key":"Gremlin Horn"},{"floor":26,"key":"Bag of Marbles"},{"floor":28,"key":"Question Card"},{"floor":30,"key":"FossilizedHelix"},{"floor":39,"key":"Peace Pipe"},{"floor":40,"key":"PageOfGreed"},{"floor":45,"key":"PageOfTheQueenOfHatred"},{"floor":48,"key":"PageOfTheKnightOfDespair"},{"floor":55,"key":"PageOfNihil"}],"event_choices":[{"cards_removed":["LightAttack"],"damage_healed":0.0,"max_hp_gain":0.0,"max_hp_loss":0.0,"gold_gain":0.0,"event_name":"Living Wall","player_choice":"Forget","floor":10.0,"gold_loss":0.0,"damage_taken":0.0},{"damage_healed":0.0,"max_hp_gain":0.0,"max_hp_loss":0.0,"gold_gain":0.0,"event_name":"Shining Light","player_choice":"Entered Light","floor":14.0,"gold_loss":0.0,"damage_taken":18.0,"cards_upgraded":["FocusSpirit","LightDefense"]},{"damage_healed":0,"gold_gain":0,"player_choice":"Inject Mutagens","damage_taken":0,"relics_obtained":["MutagenicStrength"],"max_hp_gain":0,"max_hp_loss":0,"event_name":"Drug Dealer","floor":19,"gold_loss":0},{"cards_removed":["Spear_LOR"],"damage_healed":0,"gold_gain":0,"player_choice":"Removed Attack","damage_taken":0,"max_hp_gain":0,"max_hp_loss":0,"event_name":"Falling","floor":37,"gold_loss":0},{"damage_healed":0,"gold_gain":0,"player_choice":"Memory 1","damage_taken":0,"max_hp_gain":0,"max_hp_loss":0,"event_name":"SensoryStone","floor":38,"gold_loss":0},{"damage_healed":0,"gold_gain":0,"player_choice":"Fight","damage_taken":0,"max_hp_gain":0,"max_hp_loss":0,"event_name":"MindBloom","floor":39,"gold_loss":0}],"is_beta":true,"boss_relics":[{"not_picked":["Velvet Choker","Busted Crown"],"picked":"Fusion Hammer"},{"not_picked":["Tiny House","Cursed Key"],"picked":"SlaversCollar"}],"items_purged_floors":[20,29,36],"is_endless":false,"potions_floor_spawned":[2,5,6,8,13,22,27,30,33,39,40,41,47,48,55],"ascension_level":6}}