{"host":"s41rn2jhghpwfrvz","time":1610524347,"event":{"mods":["BaseMod","Minty Spire (QoL Compilation)","Quick Restart","Relic Stats","SuperFastMode"],"gold_per_floor":[119,139,157,157,169,201,201,201,201,221,233,258,258,183,183,257,257,267,277,277,297,217,252,252,252,252,286,336,336,368,386,386,462,462,474,499,548,561,579,604,604,636,636,636,671,671,671,703,703,703,703,703,703,66,96,96],"floor_reached":57,"language":"ENG","playtime":1180,"items_purged":["Dagger Spray","CutThroughFate"],"score":3722,"play_id":"d3ee7904-ed57-4922-a03a-f881ad02b198","local_time":"20210113095227","daily_mods":["SealedDeck","Vintage","Diverse"],"is_ascension_mode":true,"campfire_choices":[{"data":"Prostrate","floor":7,"key":"SMITH"},{"data":"Prostrate","floor":13,"key":"SMITH"},{"data":"Shrug It Off","floor":15,"key":"SMITH"},{"floor":25,"key":"RECALL"},{"data":"Seeing Red","floor":32,"key":"SMITH"},{"floor":41,"key":"DIG"},{"floor":44,"key":"DIG"},{"floor":49,"key":"DIG"},{"floor":53,"key":"DIG"}],"circlet_count":0,"master_deck":["AscendersBane","Metallicize","Seeing Red+1","Shrug It Off+1","Sweeping Beam+1","Prostrate+1","Body Slam+1","Prostrate+1","Backflip+1","Skim+1","Evolve"],"relics":["Burning Blood","Potion Belt","TungstenRod","Shuriken","Sundial","White Beast Statue","Pen Nib","Toxic Egg 2","Thread and Needle","Black Star","Mercury Hourglass","StrikeDummy","The Courier","Ancient Tea Set","Pocketwatch","Kunai","Paper Frog","Regal Pillow","Letter Opener","Pear","Question Card","Busted Crown","Gremlin Horn","Shovel","FossilizedHelix","Molten Egg 2","Darkstone Periapt","Centennial Puzzle","Anchor","Blue Candle","Mummified Hand","Strawberry","Meat on the Bone","PreservedInsect","Du-Vu Doll","Champion Belt","Bag of Marbles","Bottled Flame","Bronze Scales","Bottled Lightning","OrangePellets","Lantern","Bag of Preparation","Nunchaku","CaptainsWheel","Toy Ornithopter"],"acts_visited":["Exordium","TheCity","TheBeyond","TheEnding"],"potions_floor_usage":[6,6,6,23,23,45,56,56,56,56],"damage_taken":[{"damage":0,"enemies":"2 Louse","floor":1,"turns":2},{"damage":0,"enemies":"Small Slimes","floor":2,"turns":2},{"damage":0,"enemies":"Cultist","floor":3,"turns":3},{"damage":0,"enemies":"Lots of Slimes","floor":5,"turns":1},{"damage":4,"enemies":"Gremlin Nob","floor":6,"turns":3},{"damage":0,"enemies":"Looter","floor":10,"turns":2},{"damage":3,"enemies":"Gremlin Gang","floor":11,"turns":2},{"damage":5,"enemies":"3 Sentries","floor":12,"turns":3},{"damage":13,"enemies":"Hexaghost","floor":16,"turns":5},{"damage":0,"enemies":"Shell Parasite","floor":18,"turns":2},{"damage":0,"enemies":"Spheric Guardian","floor":19,"turns":2},{"damage":0,"enemies":"3 Cultists","floor":21,"turns":3},{"damage":16,"enemies":"Slavers","floor":23,"turns":3},{"damage":0,"enemies":"Book of Stabbing","floor":27,"turns":3},{"damage":0,"enemies":"Gremlin Leader","floor":30,"turns":3},{"damage":0,"enemies":"Shelled Parasite and Fungi","floor":31,"turns":1},{"damage":0,"enemies":"Automaton","floor":33,"turns":1},{"damage":0,"enemies":"Orb Walker","floor":35,"turns":1},{"damage":0,"enemies":"Mind Bloom Boss Battle","floor":36,"turns":1},{"damage":0,"enemies":"2 Orb Walkers","floor":37,"turns":2},{"damage":0,"enemies":"3 Darklings","floor":38,"turns":1},{"damage":0,"enemies":"Jaw Worm Horde","floor":39,"turns":1},{"damage":0,"enemies":"Nemesis","floor":40,"turns":1},{"damage":0,"enemies":"Giant Head","floor":42,"turns":2},{"damage":0,"enemies":"Nemesis","floor":45,"turns":5},{"damage":0,"enemies":"Reptomancer","floor":48,"turns":1},{"damage":0,"enemies":"Awakened One","floor":50,"turns":2},{"damage":0,"enemies":"Donu and Deca","floor":51,"turns":1},{"damage":0,"enemies":"Shield and Spear","floor":55,"turns":1},{"damage":0,"enemies":"The Heart","floor":56,"turns":4}],"seed_played":"-2060996191769296710","potions_obtained":[{"floor":2,"key":"Fire Potion"},{"floor":3,"key":"EntropicBrew"},{"floor":10,"key":"FairyPotion"},{"floor":16,"key":"FearPotion"},{"floor":19,"key":"ElixirPotion"},{"floor":21,"key":"Strength Potion"},{"floor":23,"key":"Explosive Potion"},{"floor":27,"key":"Fire Potion"},{"floor":31,"key":"Ancient Potion"},{"floor":38,"key":"Dexterity Potion"},{"floor":45,"key":"Swift Potion"}],"is_trial":true,"path_per_floor":["M","M","M","?","M","E","R","?","T","M","M","E","R","$","R","B",null,"M","M","?","M","$","E","$","R","T","E","?","?","E","M","R","B",null,"M","?","?","M","M","E","R","E","T","R","E","?","?","E","R","B","B",null,"R","$","E","B",null],"character_chosen":"IRONCLAD","items_purchased":["Evolve","OrangePellets","Lantern","Bag of Preparation","Nunchaku","Ancient Potion"],"campfire_rested":0,"item_purchase_floors":[54,54,54,54,54,54],"current_hp_per_floor":[74,75,75,75,75,75,75,75,75,75,75,75,75,75,75,68,73,75,75,75,75,75,65,65,65,65,71,71,71,85,85,85,85,85,85,85,85,85,85,85,85,92,92,92,92,92,92,92,92,92,92,92,92,92,92,92],"gold":96,"neow_bonus":"","is_daily":false,"chose_seed":false,"campfire_upgraded":4,"win_rate":0.0,"timestamp":1610524347,"path_taken":["M","M","M","?","M","E","R","?","T","M","M","E","R","$","R","BOSS","M","M","?","M","$","E","$","R","T","E","?","?","E","M","R","BOSS","M","?","?","M","M","E","R","E","T","R","E","?","?","E","R","BOSS","BOSS","R","$","E","BOSS"],"items_purchased_type":["Card","Relic","Relic","Relic","Relic","Potion"],"build_version":"2020-12-22","purchased_purges":2,"victory":true,"max_hp_per_floor":[75,75,75,75,75,75,75,75,75,75,75,75,75,75,75,75,75,75,75,75,75,75,75,75,75,75,75,75,75,85,85,85,85,85,85,85,85,85,85,85,85,92,92,92,92,92,92,92,92,92,92,92,92,92,92,92],"relic_stats":{"Darkstone Periapt":0,"Regal Pillow":0,"Gremlin Horn":[11,12],"Bag of Preparation":[4],"Burning Blood":43,"Centennial Puzzle":[0],"Nunchaku":[1],"Shovel":4,"Sundial":[70],"Mummified Hand":[7],"Kunai":[7],"counters":[30,64],"Blue Candle":[0],"Pen Nib":[10],"PreservedInsect":188,"Letter Opener":[421],"Question Card":8,"Mercury Hourglass":[176],"OrangePellets":[1],"Busted Crown":14,"Shuriken":[19],"Bronze Scales":[48],"Black Star":8,"Champion Belt":[4],"obtain_stats":[{"Darkstone Periapt":39,"Regal Pillow":27,"Lantern":54,"Gremlin Horn":35,"Bag of Preparation":54,"Ancient Tea Set":23,"Burning Blood":0,"Centennial Puzzle":40,"Nunchaku":54,"Shovel":36,"Sundial":5,"Mummified Hand":42,"Strawberry":42,"Kunai":26,"Toxic Egg 2":11,"Paper Frog":27,"Potion Belt":1,"Pear":30,"Blue Candle":41,"Thread and Needle":12,"Pen Nib":10,"The Courier":21,"PreservedInsect":44,"Letter Opener":30,"Question Card":31,"White Beast Statue":6,"Mercury Hourglass":18,"Du-Vu Doll":45,"OrangePellets":54,"Anchor":40,"Bottled Flame":48,"CaptainsWheel":55,"Busted Crown":34,"Shuriken":3,"Bronze Scales":49,"Molten Egg 2":38,"Black Star":17,"Bag of Marbles":48,"Champion Belt":45,"Bottled Lightning":53,"StrikeDummy":19,"TungstenRod":2,"FossilizedHelix":37,"Toy Ornithopter":55,"Pocketwatch":23,"Meat on the Bone":43},{"Darkstone Periapt":22,"Regal Pillow":14,"Lantern":28,"Gremlin Horn":18,"Bag of Preparation":28,"Ancient Tea Set":13,"Burning Blood":0,"Centennial Puzzle":23,"Nunchaku":28,"Shovel":19,"Sundial":4,"Mummified Hand":24,"Strawberry":24,"Kunai":13,"Toxic Egg 2":7,"Paper Frog":14,"Potion Belt":1,"Pear":15,"Blue Candle":23,"Thread and Needle":8,"Pen Nib":6,"The Courier":12,"PreservedInsect":24,"Letter Opener":15,"Question Card":16,"White Beast Statue":5,"Mercury Hourglass":10,"Du-Vu Doll":25,"OrangePellets":28,"Anchor":23,"Bottled Flame":26,"CaptainsWheel":29,"Busted Crown":17,"Shuriken":3,"Bronze Scales":26,"Molten Egg 2":21,"Black Star":9,"Bag of Marbles":26,"Champion Belt":25,"Bottled Lightning":28,"StrikeDummy":11,"TungstenRod":2,"FossilizedHelix":20,"Toy Ornithopter":29,"Pocketwatch":13,"Meat on the Bone":24},{"Darkstone Periapt":47,"Regal Pillow":36,"Lantern":59,"Gremlin Horn":42,"Bag of Preparation":59,"Ancient Tea Set":33,"Burning Blood":0,"Centennial Puzzle":48,"Nunchaku":59,"Shovel":43,"Sundial":8,"Mummified Hand":50,"Strawberry":50,"Kunai":33,"Toxic Egg 2":15,"Paper Frog":36,"Potion Belt":2,"Pear":39,"Blue Candle":48,"Thread and Needle":18,"Pen Nib":13,"The Courier":30,"PreservedInsect":50,"Letter Opener":39,"Question Card":40,"White Beast Statue":11,"Mercury Hourglass":25,"Du-Vu Doll":55,"OrangePellets":59,"Anchor":48,"Bottled Flame":56,"CaptainsWheel":60,"Busted Crown":41,"Shuriken":7,"Bronze Scales":56,"Molten Egg 2":46,"Black Star":23,"Bag of Marbles":56,"Champion Belt":55,"Bottled Lightning":59,"StrikeDummy":27,"TungstenRod":4,"FossilizedHelix":45,"Toy Ornithopter":60,"Pocketwatch":33,"Meat on the Bone":50}],"TungstenRod":12,"Toy Ornithopter":0,"Pocketwatch":[6],"Meat on the Bone":0},"card_choices":[{"not_picked":["Sucker Punch","BowlingBash","JustLucky"],"picked":"SKIP","floor":6},{"not_picked":["Underhanded Strike","ClearTheMind+1","Slice"],"picked":"SKIP","floor":12},{"not_picked":["Prostrate+1","Anger","Bane"],"picked":"SKIP","floor":23},{"not_picked":["Sword Boomerang","Evaluate+1"],"picked":"Backflip+1","floor":27},{"not_picked":["Backstab+1","Flying Knee"],"picked":"Skim+1","floor":30},{"not_picked":["Ghostly Armor+1","Prostrate+1"],"picked":"SKIP","floor":40},{"not_picked":["Finisher+1","Crescendo+1"],"picked":"SKIP","floor":42},{"not_picked":["Sever Soul+1","Bloodletting+1"],"picked":"SKIP","floor":45},{"not_picked":["Dagger Throw+1","Consecrate+1"],"picked":"SKIP","floor":48},{"not_picked":["SashWhip+1","Envenom"],"picked":"SKIP","floor":55}],"player_experience":1720043,"relics_obtained":[{"floor":1,"key":"Potion Belt"},{"floor":2,"key":"TungstenRod"},{"floor":3,"key":"Shuriken"},{"floor":5,"key":"Sundial"},{"floor":6,"key":"White Beast Statue"},{"floor":10,"key":"Pen Nib"},{"floor":11,"key":"Toxic Egg 2"},{"floor":12,"key":"Thread and Needle"},{"floor":18,"key":"Mercury Hourglass"},{"floor":19,"key":"StrikeDummy"},{"floor":21,"key":"The Courier"},{"floor":23,"key":"Ancient Tea Set"},{"floor":23,"key":"Pocketwatch"},{"floor":26,"key":"Kunai"},{"floor":27,"key":"Paper Frog"},{"floor":27,"key":"Regal Pillow"},{"floor":30,"key":"Letter Opener"},{"floor":30,"key":"Pear"},{"floor":31,"key":"Question Card"},{"floor":35,"key":"Gremlin Horn"},{"floor":36,"key":"Shovel"},{"floor":37,"key":"FossilizedHelix"},{"floor":38,"key":"Molten Egg 2"},{"floor":39,"key":"Darkstone Periapt"},{"floor":40,"key":"Centennial Puzzle"},{"floor":40,"key":"Anchor"},{"floor":41,"key":"Blue Candle"},{"floor":42,"key":"Mummified Hand"},{"floor":42,"key":"Strawberry"},{"floor":43,"key":"Meat on the Bone"},{"floor":44,"key":"PreservedInsect"},{"floor":45,"key":"Du-Vu Doll"},{"floor":45,"key":"Champion Belt"},{"floor":48,"key":"Bag of Marbles"},{"floor":48,"key":"Bottled Flame"},{"floor":49,"key":"Bronze Scales"},{"floor":53,"key":"Bottled Lightning"},{"floor":55,"key":"CaptainsWheel"},{"floor":55,"key":"Toy Ornithopter"}],"event_choices":[{"damage_healed":0,"gold_gain":0,"player_choice":"Grow","damage_taken":0,"max_hp_gain":0,"max_hp_loss":0,"event_name":"Living Wall","floor":4,"gold_loss":0,"cards_upgraded":["Body Slam"]},{"damage_healed":0,"gold_gain":0,"player_choice":"Ignored","damage_taken":0,"max_hp_gain":0,"max_hp_loss":0,"event_name":"Liars Game","floor":8,"gold_loss":0},{"cards_removed":["Prepared"],"damage_healed":0,"gold_gain":0,"player_choice":"Elegance","damage_taken":0,"max_hp_gain":0,"max_hp_loss":0,"event_name":"Back to Basics","floor":20,"gold_loss":0},{"damage_healed":0,"gold_gain":50,"player_choice":"Stole From Cult","damage_taken":0,"max_hp_gain":0,"max_hp_loss":0,"event_name":"Nest","floor":28,"gold_loss":0},{"damage_healed":0,"gold_gain":0,"player_choice":"Ignored","damage_taken":0,"max_hp_gain":0,"max_hp_loss":0,"event_name":"The Mausoleum","floor":29,"gold_loss":0},{"damage_healed":0,"gold_gain":0,"player_choice":"Fight","damage_taken":0,"max_hp_gain":0,"max_hp_loss":0,"event_name":"MindBloom","floor":36,"gold_loss":0},{"damage_healed":0,"gold_gain":0,"player_choice":"Fight","damage_taken":0,"max_hp_gain":0,"max_hp_loss":0,"event_name":"Mysterious Sphere","floor":37,"gold_loss":0},{"damage_healed":0,"gold_gain":0,"player_choice":"Ignored","damage_taken":0,"max_hp_gain":0,"max_hp_loss":0,"event_name":"Tomb of Lord Red Mask","floor":46,"gold_loss":0},{"damage_healed":0,"gold_gain":0,"player_choice":"Forge","damage_taken":0,"max_hp_gain":0,"max_hp_loss":0,"event_name":"Accursed Blacksmith","floor":47,"gold_loss":0,"cards_upgraded":["Sweeping Beam"]}],"is_beta":false,"boss_relics":[{"not_picked":["Snecko Eye","Black Blood"],"picked":"Black Star"},{"not_picked":["SlaversCollar","Cursed Key"],"picked":"Busted Crown"}],"items_purged_floors":[14,22],"is_endless":false,"potions_floor_spawned":[2,3,10,11,12,16,18,19,21,23,27,30,31,33,35,36,37,38,39,40,42,45,48,55],"ascension_level":20}}