{"host":"bbdwwpc15nggbv3k","time":1610539816,"event":{"mods":["AchievementEnabler","Aspiration","BaseMod","BetterRewards","Colored Map","Colored Powertips","Conspire","Hermit","Hubris","Minty Spire (QoL Compilation)","StSLib","The Jungle"],"gold_per_floor":[119,119,119,129,143,143,155,173,173,207,223,237,270,290,290,290,290],"floor_reached":16,"language":"ENG","playtime":403,"items_purged":[],"score":116,"play_id":"f055cf68-2a82-4bfe-b9b8-67cde35c1cb6","local_time":"20210113121016","is_ascension_mode":false,"campfire_choices":[{"data":"Thunderclap","floor":6,"key":"SMITH"},{"floor":15,"key":"REST"}],"circlet_count":0,"master_deck":["Strike_R","Strike_R","Strike_R","Strike_R","Strike_R","Defend_R","Defend_R","Defend_R","Defend_R","Bash+1","Clothesline","Cleave","Thunderclap+1","Demon Form","Seeing Red","Flex","Shockwave","Flex"],"relics":["Burning Blood","aspiration:DSix","hubris:ChampionShield","conspire:Flyswatter","Mummified Hand"],"acts_visited":["Exordium"],"potions_floor_usage":[8,10,13,16],"damage_taken":[{"damage":2,"enemies":"Small Slimes","floor":1,"turns":3},{"damage":8,"enemies":"Jaw Worm","floor":4,"turns":3},{"damage":7,"enemies":"2 Louse","floor":5,"turns":2},{"damage":8,"enemies":"Lots of Slimes","floor":7,"turns":3},{"damage":0,"enemies":"Large Slime","floor":8,"turns":1},{"damage":14,"enemies":"Gremlin Nob","floor":10,"turns":3},{"damage":7,"enemies":"3 Louse","floor":11,"turns":2},{"damage":14,"enemies":"Looter","floor":12,"turns":3},{"damage":31,"enemies":"3 Sentries","floor":13,"turns":5},{"damage":15,"enemies":"Exordium Wildlife","floor":14,"turns":4},{"damage":68,"enemies":"The Guardian","floor":16,"turns":9}],"seed_played":"-7964250372894394610","potions_obtained":[{"floor":1,"key":"Regen Potion"},{"floor":7,"key":"DistilledChaos"},{"floor":8,"key":"Fire Potion"},{"floor":12,"key":"BlessingOfTheForge"}],"is_trial":false,"path_per_floor":["M","?","?","M","M","R","M","M","T","E","M","M","E","M","R","B"],"character_chosen":"IRONCLAD","items_purchased":[],"campfire_rested":1,"item_purchase_floors":[],"current_hp_per_floor":[80,80,77,75,74,74,72,78,78,70,69,61,36,27,51,0,0],"gold":290,"neow_bonus":"DSIX","is_daily":false,"chose_seed":false,"campfire_upgraded":1,"win_rate":0.0,"timestamp":1610539816,"path_taken":["M","?","?","?","M","R","M","M","T","E","M","M","E","M","R","BOSS"],"items_purchased_type":[],"build_version":"2020-12-22","purchased_purges":0,"victory":false,"max_hp_per_floor":[80,80,80,80,80,80,80,80,80,80,80,80,80,80,80,80,80],"card_choices":[{"not_picked":["Dual Wield","Perfected Strike"],"picked":"Clothesline","floor":1},{"not_picked":["Iron Wave","Anger"],"picked":"Cleave","floor":4},{"not_picked":["conspire:ExplosiveBarrier","Clothesline"],"picked":"Thunderclap","floor":5},{"not_picked":["Body Slam","Sever Soul","Anger"],"picked":"SKIP","floor":7},{"not_picked":["True Grit","Shrug It Off","Clothesline"],"picked":"SKIP","floor":8},{"not_picked":["Infernal Blade","Heavy Blade"],"picked":"Demon Form","floor":10},{"not_picked":["Flame Barrier","Clothesline"],"picked":"Seeing Red","floor":11},{"not_picked":["Intimidate","Anger"],"picked":"Flex","floor":12},{"not_picked":["Rampage","True Grit"],"picked":"Shockwave","floor":13},{"not_picked":["Pommel Strike","Twin Strike"],"picked":"Flex","floor":14}],"player_experience":4664,"relics_obtained":[{"floor":10,"key":"conspire:Flyswatter"},{"floor":13,"key":"Mummified Hand"}],"event_choices":[{"damage_healed":0,"gold_gain":0,"player_choice":"Grow","damage_taken":0,"max_hp_gain":0,"max_hp_loss":0,"event_name":"Living Wall","floor":2,"gold_loss":0,"cards_upgraded":["Bash"]},{"damage_healed":0,"gold_gain":0,"player_choice":"Success","damage_taken":3,"relics_obtained":["hubris:ChampionShield"],"max_hp_gain":0,"max_hp_loss":0,"event_name":"Scrap Ooze","floor":3,"gold_loss":0}],"is_beta":false,"boss_relics":[],"items_purged_floors":[],"is_endless":false,"potions_floor_spawned":[1,7,8,12],"killed_by":"The Guardian","ascension_level":0}}