{"host":"sum4dy402bbv9y4o","time":1610562924,"event":{"mods":["Aspiration","BaseMod","Conspire","Highlight Path","Minty Spire (QoL Compilation)","StSLib"],"gold_per_floor":[114,2,77,77,2,2,28,28,51,68,96,96,114,133,133,208,208,224,224,34,52,52,79,79,79,79],"floor_reached":25,"language":"ENG","playtime":791,"items_purged":["Strike_P"],"score":604,"play_id":"b871ad1e-60a3-46ad-b568-a6bf99cd4f50","local_time":"20210113213524","is_ascension_mode":true,"campfire_choices":[{"data":"Eruption","floor":6,"key":"SMITH"},{"floor":12,"key":"REST"},{"data":"Conclude","floor":15,"key":"SMITH"},{"data":"Adaptation","floor":24,"key":"SMITH"}],"circlet_count":0,"master_deck":["AscendersBane","Defend_P","Eruption+1","Vigilance","FlyingSleeves","EmptyBody","ReachHeaven","Halt","FlyingSleeves","FlurryOfBlows","Protect","Conclude+1","ConjureBlade","Consecrate+1","WindmillStrike+1","Fasting2+1","Adaptation+1","DeceiveReality","Evaluate"],"relics":["PureWater","NeowsBlessing","Akabeko","Omamori","Turnip","Astrolabe","conspire:DeflatedDodgeball"],"acts_visited":["Exordium","TheCity"],"potions_floor_usage":[11,23],"damage_taken":[{"damage":0,"enemies":"Jaw Worm","floor":1,"turns":1},{"damage":0,"enemies":"Gremlin Nob","floor":7,"turns":1},{"damage":0,"enemies":"2 Louse","floor":10,"turns":2},{"damage":28,"enemies":"Lagavulin","floor":11,"turns":3},{"damage":0,"enemies":"Small Slimes","floor":13,"turns":2},{"damage":10,"enemies":"Gremlin Gang","floor":14,"turns":4},{"damage":0,"enemies":"Slime Boss","floor":16,"turns":5},{"damage":19,"enemies":"Shell Parasite","floor":18,"turns":6},{"damage":0,"enemies":"Spheric Guardian","floor":21,"turns":3},{"damage":7,"enemies":"Gremlin Leader","floor":23,"turns":7},{"damage":38,"enemies":"Slavers","floor":25,"turns":4}],"seed_played":"-3053816438592020653","potions_obtained":[{"floor":1,"key":"ColorlessPotion"},{"floor":7,"key":"Dexterity Potion"}],"is_trial":false,"path_per_floor":["M","$","?","?","?","R","E","?","T","M","E","R","M","M","R","B",null,"M","?","$","M","?","E","R","E"],"character_chosen":"WATCHER","items_purchased":["EmptyBody","ReachHeaven","Adaptation","DeceiveReality"],"campfire_rested":1,"item_purchase_floors":[2,2,20,20],"current_hp_per_floor":[61,61,50,43,43,43,43,43,43,43,15,35,35,25,25,25,57,38,34,34,34,34,27,27,0,0],"gold":79,"neow_bonus":"THREE_ENEMY_KILL","is_daily":false,"chose_seed":false,"campfire_upgraded":3,"win_rate":0.0,"timestamp":1610562924,"path_taken":["M","$","?","?","?","R","E","?","T","M","E","R","M","?","R","BOSS","M","?","$","M","?","E","R","E"],"items_purchased_type":["Card","Card","Card","Card"],"build_version":"2020-12-22","purchased_purges":1,"victory":false,"max_hp_per_floor":[68,68,68,68,68,68,68,68,68,68,68,68,68,68,68,68,68,68,68,68,68,68,68,68,68,68],"card_choices":[{"not_picked":["ForeignInfluence","InnerPeace"],"picked":"FlyingSleeves","floor":1},{"not_picked":["JustLucky","PathToVictory"],"picked":"Halt","floor":7},{"not_picked":["CutThroughFate","Wireheading"],"picked":"FlyingSleeves","floor":10},{"not_picked":["EmptyFist","ReachHeaven"],"picked":"FlurryOfBlows","floor":11},{"not_picked":["PathToVictory","FollowUp"],"picked":"Protect","floor":13},{"not_picked":["Swivel","ForeignInfluence"],"picked":"Conclude","floor":14},{"not_picked":["Vault","Judgement"],"picked":"ConjureBlade","floor":16},{"not_picked":["FlyingSleeves","Conclude","CrushJoints"],"picked":"SKIP","floor":18},{"not_picked":["Crescendo","ClearTheMind"],"picked":"Evaluate","floor":21},{"not_picked":["Worship","MasterReality","ForeignInfluence"],"picked":"SKIP","floor":23}],"player_experience":2937125,"relics_obtained":[{"floor":7,"key":"Akabeko"},{"floor":9,"key":"Omamori"},{"floor":11,"key":"Turnip"},{"floor":23,"key":"conspire:DeflatedDodgeball"}],"event_choices":[{"damage_healed":0,"gold_gain":75,"player_choice":"Gather Gold","damage_taken":11,"max_hp_gain":0,"max_hp_loss":0,"event_name":"World of Goop","floor":3,"gold_loss":0},{"cards_removed":["Strike_P"],"damage_healed":0,"gold_gain":0,"player_choice":"Card Removal","damage_taken":7,"max_hp_gain":0,"max_hp_loss":0,"event_name":"Golden Wing","floor":4,"gold_loss":0},{"cards_removed":["Defend_P"],"damage_healed":0,"gold_gain":0,"player_choice":"Card Removal","damage_taken":0,"max_hp_gain":0,"max_hp_loss":0,"event_name":"The Cleric","floor":5,"gold_loss":75},{"cards_removed":["Defend_P"],"damage_healed":0,"gold_gain":0,"player_choice":"Offered Basic","damage_taken":0,"max_hp_gain":0,"max_hp_loss":0,"event_name":"Bonfire Elementals","floor":8,"gold_loss":0},{"damage_healed":0,"gold_gain":0,"player_choice":"Leave","damage_taken":0,"max_hp_gain":0,"max_hp_loss":0,"event_name":"conspire:Investor","floor":19,"gold_loss":0},{"damage_healed":0,"gold_gain":0,"player_choice":"Ignored","damage_taken":0,"max_hp_gain":0,"max_hp_loss":0,"event_name":"Vampires","floor":22,"gold_loss":0}],"is_beta":false,"boss_relics":[{"not_picked":["conspire:RunicOctahedron","conspire:SlowCooker"],"picked":"Astrolabe"}],"items_purged_floors":[20],"is_endless":false,"potions_floor_spawned":[1,7],"killed_by":"Slavers","ascension_level":20}}