{"host":"daa8jqyg4gqfaysm","time":1610526896,"event":{"mods":["BaseMod","Colored Powertips","Minty Spire (QoL Compilation)","StSLib"],"gold_per_floor":[116,116,17,33,43,43,70,30,30,30,44,74,89,89,89,186,186,202,213,213,227,241,267,280,280,280,295,312,339,358,42,42,137,137,156,176,226,246,264,291,308,308,335,355,384,384,384,24,24,24],"floor_reached":51,"language":"ENG","playtime":2410,"items_purged":["Strike_G","Strike_G"],"score":938,"play_id":"987688ac-7d97-4343-92e0-f7baf8aaf4a2","local_time":"20210113163456","is_ascension_mode":false,"campfire_choices":[{"data":"Dagger Spray","floor":6,"key":"SMITH"},{"data":"Footwork","floor":10,"key":"SMITH"},{"data":"Blade Dance","floor":15,"key":"SMITH"},{"data":"A Thousand Cuts","floor":25,"key":"SMITH"},{"floor":32,"key":"REST"},{"data":"Apotheosis","floor":42,"key":"SMITH"},{"data":"Malaise","floor":49,"key":"SMITH"}],"circlet_count":0,"master_deck":["Strike_G","Strike_G","Strike_G","Defend_G","Defend_G","Defend_G","Defend_G","Defend_G","Survivor","Neutralize","Dagger Spray+1","Blade Dance+1","Escape Plan","Venomology","Corpse Explosion","Footwork+1","Dodge and Roll","Blur","Backflip","A Thousand Cuts+1","Endless Agony","Blade Dance+1","Backstab","Tools of the Trade","PiercingWail","Acrobatics","Reflex","Tactician","Malaise+1","Dodge and Roll+1","Apotheosis+1","Accuracy+1","After Image+1","Dagger Throw","Escape Plan","Parasite","Escape Plan+1","Caltrops+1","Well Laid Plans+1"],"relics":["Ring of the Snake","Bottled Lightning","Mercury Hourglass","Letter Opener","Black Star","Snake Skull","InkBottle","FossilizedHelix","Boot","Frozen Egg 2","Cursed Key","Ice Cream","Prayer Wheel","Omamori","Centennial Puzzle","Toxic Egg 2","The Courier","Strawberry","Pen Nib"],"acts_visited":["Exordium","TheCity","TheBeyond"],"potions_floor_usage":[7,7,11,12,13,16,18,19,19,22,23,24,27,28,29,29,33,35,35,36,36,36,36,38,39,40,41,44,45,50,50,50],"damage_taken":[{"damage":0,"enemies":"2 Louse","floor":1,"turns":3},{"damage":0,"enemies":"Cultist","floor":4,"turns":3},{"damage":0,"enemies":"Jaw Worm","floor":5,"turns":5},{"damage":20,"enemies":"Lagavulin","floor":7,"turns":9},{"damage":1,"enemies":"Red Slaver","floor":11,"turns":5},{"damage":17,"enemies":"Gremlin Nob","floor":12,"turns":4},{"damage":0,"enemies":"2 Fungi Beasts","floor":13,"turns":2},{"damage":31,"enemies":"Hexaghost","floor":16,"turns":12},{"damage":2,"enemies":"Spheric Guardian","floor":18,"turns":3},{"damage":1,"enemies":"3 Byrds","floor":19,"turns":3},{"damage":4,"enemies":"Snecko","floor":21,"turns":4},{"damage":24,"enemies":"Chosen and Byrds","floor":22,"turns":8},{"damage":25,"enemies":"Slavers","floor":23,"turns":4},{"damage":9,"enemies":"Snake Plant","floor":24,"turns":6},{"damage":16,"enemies":"Shelled Parasite and Fungi","floor":27,"turns":6},{"damage":2,"enemies":"Sentry and Sphere","floor":28,"turns":5},{"damage":6,"enemies":"Gremlin Leader","floor":29,"turns":6},{"damage":0,"enemies":"3 Cultists","floor":30,"turns":5},{"damage":0,"enemies":"Champ","floor":33,"turns":10},{"damage":0,"enemies":"3 Shapes","floor":35,"turns":3},{"damage":8,"enemies":"3 Darklings","floor":36,"turns":4},{"damage":0,"enemies":"Mind Bloom Boss Battle","floor":37,"turns":8},{"damage":0,"enemies":"4 Shapes","floor":38,"turns":4},{"damage":0,"enemies":"Writhing Mass","floor":39,"turns":9},{"damage":0,"enemies":"Nemesis","floor":40,"turns":7},{"damage":0,"enemies":"Jaw Worm Horde","floor":41,"turns":3},{"damage":0,"enemies":"4 Shapes","floor":44,"turns":4},{"damage":2,"enemies":"Giant Head","floor":45,"turns":8},{"damage":0,"enemies":"Time Eater","floor":50,"turns":11}],"seed_played":"-6032817278264959464","potions_obtained":[{"floor":0,"key":"BlessingOfTheForge"},{"floor":0,"key":"Explosive Potion"},{"floor":0,"key":"Poison Potion"},{"floor":2,"key":"Fire Potion"},{"floor":7,"key":"Regen Potion"},{"floor":11,"key":"FairyPotion"},{"floor":18,"key":"PowerPotion"},{"floor":21,"key":"Regen Potion"},{"floor":28,"key":"FearPotion"},{"floor":30,"key":"Swift Potion"},{"floor":35,"key":"GhostInAJar"},{"floor":36,"key":"FearPotion"},{"floor":38,"key":"ColorlessPotion"},{"floor":41,"key":"Fire Potion"}],"is_trial":false,"path_per_floor":["M","?","$","M","M","R","E","$","T","R","M","E","M","?","R","B",null,"M","M","?","M","M","E","M","R","T","M","M","E","M","$","R","B",null,"M","M","?","M","M","E","M","R","T","M","E","?","?","$","R","B",null],"character_chosen":"THE_SILENT","items_purchased":["Blade Dance","Backflip","Footwork","Apotheosis","Accuracy+1","Swift Potion","Strawberry","Pen Nib"],"campfire_rested":1,"item_purchase_floors":[3,3,8,31,31,48,48,48],"current_hp_per_floor":[70,70,70,70,70,70,50,50,50,50,64,47,47,52,52,21,75,73,72,72,68,53,28,19,19,19,3,1,22,22,22,44,44,75,75,67,67,67,67,75,75,75,75,75,73,73,73,80,80,80],"gold":24,"neow_bonus":"THREE_SMALL_POTIONS","is_daily":false,"chose_seed":false,"campfire_upgraded":6,"win_rate":0.0,"timestamp":1610526896,"path_taken":["M","?","$","?","M","R","E","$","T","R","M","E","M","?","R","BOSS","M","M","?","M","M","E","M","R","T","M","M","E","?","$","R","BOSS","M","M","?","M","M","E","M","R","T","M","E","?","?","?","R","BOSS"],"items_purchased_type":["Card","Card","Card","Card","Card","Potion","Relic","Relic"],"build_version":"2020-12-22","purchased_purges":2,"victory":true,"max_hp_per_floor":[70,70,70,70,70,70,70,70,70,70,70,70,70,75,75,75,75,75,75,75,75,75,75,75,75,75,75,75,75,75,75,75,75,75,75,75,75,75,75,75,75,75,75,75,75,75,75,82,82,82],"card_choices":[{"not_picked":["Leg Sweep","Flying Knee"],"picked":"Dagger Spray","floor":1},{"not_picked":["Underhanded Strike","Sucker Punch"],"picked":"Escape Plan","floor":4},{"not_picked":["Dagger Spray","Outmaneuver"],"picked":"Venomology","floor":5},{"not_picked":["Underhanded Strike","All Out Attack"],"picked":"Corpse Explosion","floor":7},{"not_picked":["Slice","Flechettes"],"picked":"Dodge and Roll","floor":11},{"not_picked":["Dodge and Roll","Unload"],"picked":"Blur","floor":12},{"not_picked":["Heel Hook","Prepared"],"picked":"Backflip","floor":13},{"not_picked":["Grand Finale","Envenom"],"picked":"A Thousand Cuts","floor":16},{"not_picked":["Escape Plan","Deadly Poison"],"picked":"Endless Agony","floor":18},{"not_picked":["Deadly Poison","Sucker Punch+1"],"picked":"Blade Dance+1","floor":19},{"not_picked":["Calculated Gamble","Dagger Throw"],"picked":"Tools of the Trade","floor":21},{"not_picked":["Acrobatics","Underhanded Strike"],"picked":"PiercingWail","floor":22},{"not_picked":["Backflip","Poisoned Stab+1"],"picked":"Acrobatics","floor":23},{"not_picked":["Cloak And Dagger","Dagger Throw"],"picked":"Reflex","floor":24},{"not_picked":["Masterful Stab","Bouncing Flask"],"picked":"Tactician","floor":27},{"not_picked":["Dagger Spray","Underhanded Strike"],"picked":"Malaise","floor":28},{"not_picked":["Acrobatics+1","Tactician"],"picked":"Dodge and Roll+1","floor":29},{"not_picked":["Backflip","Calculated Gamble","Dagger Throw"],"picked":"SKIP","floor":30},{"not_picked":["Phantasmal Killer","Venomology"],"picked":"After Image+1","floor":33},{"not_picked":["Prepared","Underhanded Strike"],"picked":"Dagger Throw","floor":35},{"not_picked":["Deadly Poison","Poisoned Stab+1"],"picked":"Escape Plan","floor":36},{"not_picked":["Heel Hook+1","Masterful Stab","Poisoned Stab+1"],"picked":"SKIP","floor":38},{"not_picked":["Leg Sweep","Expertise"],"picked":"Escape Plan+1","floor":39},{"not_picked":["Leg Sweep","Choke","Dash"],"picked":"SKIP","floor":40},{"not_picked":["Backflip+1","Infinite Blades+1"],"picked":"Caltrops+1","floor":41},{"not_picked":["Acrobatics","Tactician+1"],"picked":"Well Laid Plans+1","floor":41},{"not_picked":["Poisoned Stab","Masterful Stab+1","Dagger Spray"],"picked":"SKIP","floor":44},{"not_picked":["Acrobatics+1","Skewer+1","Choke+1"],"picked":"SKIP","floor":44},{"not_picked":["Skewer+1","Endless Agony","Slice"],"picked":"SKIP","floor":45}],"player_experience":811249,"relics_obtained":[{"floor":7,"key":"Bottled Lightning"},{"floor":9,"key":"Mercury Hourglass"},{"floor":12,"key":"Letter Opener"},{"floor":23,"key":"Snake Skull"},{"floor":23,"key":"InkBottle"},{"floor":26,"key":"FossilizedHelix"},{"floor":29,"key":"Boot"},{"floor":29,"key":"Frozen Egg 2"},{"floor":37,"key":"Ice Cream"},{"floor":40,"key":"Prayer Wheel"},{"floor":40,"key":"Omamori"},{"floor":43,"key":"Centennial Puzzle"},{"floor":45,"key":"Toxic Egg 2"},{"floor":45,"key":"The Courier"}],"event_choices":[{"damage_healed":0,"gold_gain":0,"player_choice":"Got Potions","damage_taken":0,"max_hp_gain":0,"max_hp_loss":0,"event_name":"Lab","floor":2,"gold_loss":0},{"damage_healed":0,"gold_gain":0,"player_choice":"Donut","damage_taken":0,"max_hp_gain":5,"max_hp_loss":0,"event_name":"Big Fish","floor":14,"gold_loss":0},{"damage_healed":0,"gold_gain":0,"player_choice":"1 cards matched","damage_taken":0,"max_hp_gain":0,"max_hp_loss":0,"event_name":"Match and Keep!","floor":20,"gold_loss":0,"cards_obtained":["Backstab"]},{"damage_healed":0,"gold_gain":0,"player_choice":"Fight","damage_taken":0,"max_hp_gain":0,"max_hp_loss":0,"event_name":"MindBloom","floor":37,"gold_loss":0},{"cards_removed":["Backflip"],"damage_healed":0,"gold_gain":0,"player_choice":"Removed Skill","damage_taken":0,"max_hp_gain":0,"max_hp_loss":0,"event_name":"Falling","floor":46,"gold_loss":0},{"damage_healed":0,"gold_gain":0,"player_choice":"Ignored","damage_taken":0,"max_hp_gain":0,"max_hp_loss":0,"event_name":"Tomb of Lord Red Mask","floor":47,"gold_loss":0}],"is_beta":false,"boss_relics":[{"not_picked":["Tiny House","SacredBark"],"picked":"Black Star"},{"not_picked":["Coffee Dripper","Pandora\u0027s Box"],"picked":"Cursed Key"}],"items_purged_floors":[31,48],"is_endless":false,"potions_floor_spawned":[7,11,13,16,18,21,24,28,30,35,36,38,41,45],"ascension_level":0}}