{"host":"36t3qd3wjvajtu1z","time":1610580665,"event":{"mods":["AchievementEnabler","BaseMod","Block Reminder","Colored Powertips","Minty Spire (QoL Compilation)","Permanent Neow","Quick Restart","Random Character Button","Rare Cards Sparkle","Relic Stats","Slay-I","StSLib"],"gold_per_floor":[113,129,145,145,145,174,174,194,245,245,3,34,34,34,34,133,133,143,159,178,178,197,197,197,227,227,260,260,288,288,305,305,403,403,414,430,430,12,29,63,63,91,91,91,107,107,157,167,167,167,167,167,42,68,68],"floor_reached":56,"language":"ENG","playtime":4019,"items_purged":["Strike_B","Defend_B","Defend_B"],"score":1324,"play_id":"350ee454-36a4-4fbc-8ab4-80108c3ebe6c","local_time":"20210113153105","is_ascension_mode":true,"campfire_choices":[{"data":"Loop","floor":7.0,"key":"SMITH"},{"data":"Doom and Gloom","floor":10.0,"key":"SMITH"},{"data":"Defragment","floor":15.0,"key":"SMITH"},{"data":"Fission","floor":23.0,"key":"SMITH"},{"data":"Rainbow","floor":30.0,"key":"SMITH"},{"floor":32,"key":"REST"},{"floor":41,"key":"RECALL"},{"floor":44,"key":"DIG"},{"floor":46,"key":"DIG"},{"floor":49,"key":"DIG"},{"floor":52,"key":"DIG"}],"circlet_count":0,"master_deck":["Defend_B","Defend_B","Zap","Dualcast","Glacier","Ball Lightning","Rebound","Loop+1","Doom and Gloom+1","Defragment+1","Leap","Rebound","Sunder","Fission+1","Glacier","Self Repair+1","Barrage+1","Reinforced Body+1","Conserve Battery","Double Energy","Rainbow+1","Self Repair","Rainbow","Redo+1","Seek","Apotheosis","Conserve Battery+1","Aggregate","Loop+1","Hologram+1","Chill+1","Steam Power+1"],"relics":["Cracked Core","Orichalcum","PreservedInsect","InkBottle","Inserter","Vajra","Juzu Bracelet","Ancient Tea Set","Spirit Poop","Happy Flower","Fusion Hammer","Runic Capacitor","Gambling Chip","FossilizedHelix","Shovel","Strawberry","Darkstone Periapt","Mango","Unceasing Top","Blue Candle","Mercury Hourglass"],"acts_visited":["Exordium","TheCity","TheBeyond","TheEnding"],"potions_floor_usage":[33,40,47,48,55,55,55],"damage_taken":[{"damage":1.0,"enemies":"Small Slimes","floor":1.0,"turns":4.0},{"damage":0.0,"enemies":"2 Louse","floor":2.0,"turns":3.0},{"damage":0.0,"enemies":"Cultist","floor":3.0,"turns":3.0},{"damage":0.0,"enemies":"Exordium Thugs","floor":4.0,"turns":1.0},{"damage":4.0,"enemies":"3 Sentries","floor":6.0,"turns":10.0},{"damage":0.0,"enemies":"Looter","floor":8.0,"turns":3.0},{"damage":8.0,"enemies":"Gremlin Nob","floor":12.0,"turns":3.0},{"damage":33.0,"enemies":"Hexaghost","floor":16.0,"turns":8.0},{"damage":0.0,"enemies":"Spheric Guardian","floor":18.0,"turns":3.0},{"damage":0.0,"enemies":"Shell Parasite","floor":19.0,"turns":7.0},{"damage":13.0,"enemies":"Centurion and Healer","floor":20.0,"turns":7.0},{"damage":7.0,"enemies":"Snake Plant","floor":22.0,"turns":4.0},{"damage":15.0,"enemies":"Book of Stabbing","floor":25.0,"turns":4.0},{"damage":7.0,"enemies":"Gremlin Leader","floor":27.0,"turns":5.0},{"damage":34.0,"enemies":"Book of Stabbing","floor":29.0,"turns":6.0},{"damage":21,"enemies":"3 Cultists","floor":31,"turns":5},{"damage":17,"enemies":"Automaton","floor":33,"turns":9},{"damage":1,"enemies":"3 Darklings","floor":35,"turns":6},{"damage":5,"enemies":"3 Shapes","floor":36,"turns":2},{"damage":6,"enemies":"Sphere and 2 Shapes","floor":39,"turns":5},{"damage":15,"enemies":"Nemesis","floor":40,"turns":5},{"damage":13,"enemies":"Reptomancer","floor":42,"turns":6},{"damage":0,"enemies":"4 Shapes","floor":45,"turns":5},{"damage":32,"enemies":"Mind Bloom Boss Battle","floor":47,"turns":5},{"damage":0,"enemies":"Transient","floor":48,"turns":5},{"damage":19,"enemies":"Donu and Deca","floor":50,"turns":8},{"damage":0,"enemies":"Shield and Spear","floor":54,"turns":5},{"damage":104,"enemies":"The Heart","floor":55,"turns":14}],"seed_played":"1343638499638124628","potions_obtained":[{"floor":1.0,"key":"SmokeBomb"},{"floor":6.0,"key":"ColorlessPotion"},{"floor":18.0,"key":"EssenceOfDarkness"},{"floor":19.0,"key":"BlessingOfTheForge"},{"floor":29.0,"key":"SpeedPotion"},{"floor":31,"key":"Energy Potion"},{"floor":36,"key":"Regen Potion"},{"floor":40,"key":"DuplicationPotion"},{"floor":48,"key":"EssenceOfSteel"},{"floor":54,"key":"Regen Potion"}],"is_trial":false,"path_per_floor":["M","M","M","M","?","E","R","M","T","R","$","E","?","?","R","B",null,"M","M","M","?","M","R","?","E","T","E","?","E","R","M","R","B",null,"M","M","?","$","M","E","R","E","T","R","M","R","?","M","R","B",null,"R","$","E","B",null],"character_chosen":"DEFECT","items_purchased":["Defragment","PowerPotion","FearPotion","Apotheosis","Runic Capacitor"],"campfire_rested":1,"item_purchase_floors":[11,11,11,38,38],"current_hp_per_floor":[74,74,74,74,79,75,75,75,75,75,75,67,67,67,67,34,80,80,80,77,77,70,70,70,55,55,58,58,34,34,13,37,37,80,80,75,75,75,80,80,80,80,80,87,87,87,89,101,101,92,101,101,101,101,72],"gold":68,"neow_bonus":"ONE_RANDOM_RARE_CARD","is_daily":false,"chose_seed":false,"campfire_upgraded":5,"win_rate":0.0,"timestamp":1610580665,"path_taken":["M","M","M","M","?","E","R","M","T","R","$","E","?","?","R","BOSS","M","M","?","?","M","R","?","E","T","E","?","E","R","M","R","BOSS","M","M","?","$","M","E","R","E","T","R","M","R","?","M","R","BOSS","R","$","E","BOSS"],"items_purchased_type":["Card","Potion","Potion","Card","Relic"],"build_version":"2020-12-22","purchased_purges":3,"victory":true,"max_hp_per_floor":[75,75,75,75,80,80,80,80,80,80,80,80,80,80,80,80,80,80,80,80,80,80,80,80,80,80,80,80,80,80,80,80,80,80,80,80,80,80,80,80,80,80,80,87,87,87,101,101,101,101,101,101,101,101,101],"relic_stats":{"Darkstone Periapt":0,"Inserter":[55],"Happy Flower":[26],"counters":[28,148],"Blue Candle":[0],"PreservedInsect":323,"Juzu Bracelet":1,"Orichalcum":[126],"Mercury Hourglass":[42],"Shovel":4,"Gambling Chip":[21],"obtain_stats":[{"Darkstone Periapt":46,"Inserter":17,"Happy Flower":29,"Blue Candle":52,"Vajra":24,"Spirit Poop":28,"Mango":47,"PreservedInsect":9,"Juzu Bracelet":25,"Runic Capacitor":38,"Orichalcum":6,"Ancient Tea Set":27,"Mercury Hourglass":54,"Shovel":43,"Gambling Chip":40,"Strawberry":44,"Fusion Hammer":34,"Cracked Core":0,"InkBottle":12,"FossilizedHelix":42,"Unceasing Top":49},{"Darkstone Periapt":23,"Inserter":8,"Happy Flower":15,"Blue Candle":26,"Vajra":12,"Spirit Poop":14,"Mango":24,"PreservedInsect":6,"Juzu Bracelet":13,"Runic Capacitor":19,"Orichalcum":5,"Ancient Tea Set":14,"Mercury Hourglass":27,"Shovel":22,"Gambling Chip":21,"Strawberry":22,"Fusion Hammer":17,"Cracked Core":0,"InkBottle":7,"FossilizedHelix":22,"Unceasing Top":25},{"Darkstone Periapt":112,"Inserter":35,"Happy Flower":71,"Blue Candle":129,"Vajra":56,"Spirit Poop":65,"Mango":116,"PreservedInsect":24,"Juzu Bracelet":60,"Runic Capacitor":93,"Orichalcum":21,"Ancient Tea Set":65,"Mercury Hourglass":134,"Shovel":108,"Gambling Chip":103,"Strawberry":108,"Fusion Hammer":85,"Cracked Core":0,"InkBottle":27,"FossilizedHelix":108,"Unceasing Top":121}],"InkBottle":[46],"Unceasing Top":[5]},"card_choices":[{"not_picked":["Fusion","Chaos"],"picked":"Glacier","floor":1.0},{"not_picked":["Rebound","Double Energy"],"picked":"Ball Lightning","floor":2.0},{"not_picked":["Barrage","Steam"],"picked":"Rebound","floor":3.0},{"not_picked":["Auto Shields","Storm"],"picked":"Loop","floor":6.0},{"not_picked":["Rebound","Scrape"],"picked":"Doom and Gloom","floor":8.0},{"not_picked":["Tempest","Go for the Eyes"],"picked":"Leap","floor":12.0},{"not_picked":["Biased Cognition","Rainbow"],"picked":"Fission","floor":16.0},{"not_picked":["Streamline","Rip and Tear+1"],"picked":"Glacier","floor":18.0},{"not_picked":["Loop+1","Beam Cell+1"],"picked":"Self Repair+1","floor":19.0},{"not_picked":["Genetic Algorithm","Ball Lightning"],"picked":"Barrage+1","floor":20.0},{"not_picked":["Turbo","Capacitor"],"picked":"Reinforced Body+1","floor":22.0},{"not_picked":["Stack","BootSequence"],"picked":"Conserve Battery","floor":25.0},{"not_picked":["Rebound","Steam"],"picked":"Double Energy","floor":27.0},{"not_picked":["Steam+1","Cold Snap+1"],"picked":"Rainbow","floor":29.0},{"not_picked":["FTL","Rebound"],"picked":"Self Repair","floor":31},{"not_picked":["Reboot","Amplify"],"picked":"Rainbow","floor":33},{"not_picked":["Rebound+1","Sweeping Beam"],"picked":"Redo+1","floor":35},{"not_picked":["Sweeping Beam+1","Heatsinks+1"],"picked":"Seek","floor":36},{"not_picked":["Rebound+1","Sunder"],"picked":"Conserve Battery+1","floor":39},{"not_picked":["Fusion","White Noise","Beam Cell"],"picked":"SKIP","floor":40},{"not_picked":["Hello World+1","Double Energy"],"picked":"Aggregate","floor":42},{"not_picked":["Stack","Buffer"],"picked":"Loop+1","floor":45},{"not_picked":["Cold Snap","Barrage"],"picked":"Hologram+1","floor":47},{"not_picked":["Gash","Hologram"],"picked":"Chill+1","floor":48},{"not_picked":["Ball Lightning","Barrage+1"],"picked":"Steam Power+1","floor":54}],"player_experience":338016,"relics_obtained":[{"floor":6.0,"key":"Orichalcum"},{"floor":9.0,"key":"PreservedInsect"},{"floor":12.0,"key":"InkBottle"},{"floor":25.0,"key":"Juzu Bracelet"},{"floor":27.0,"key":"Ancient Tea Set"},{"floor":29.0,"key":"Happy Flower"},{"floor":40,"key":"Gambling Chip"},{"floor":42,"key":"FossilizedHelix"},{"floor":43,"key":"Shovel"},{"floor":44,"key":"Strawberry"},{"floor":46,"key":"Darkstone Periapt"},{"floor":47,"key":"Mango"},{"floor":49,"key":"Unceasing Top"},{"floor":52,"key":"Blue Candle"},{"floor":54,"key":"Mercury Hourglass"}],"event_choices":[{"damage_healed":0.0,"max_hp_gain":5.0,"max_hp_loss":0.0,"gold_gain":0.0,"event_name":"Big Fish","player_choice":"Donut","floor":5.0,"gold_loss":0.0,"damage_taken":0.0},{"damage_healed":0.0,"max_hp_gain":0.0,"max_hp_loss":0.0,"gold_gain":0.0,"cards_transformed":["Strike_B"],"event_name":"Living Wall","player_choice":"Change","floor":13.0,"gold_loss":0.0,"damage_taken":0.0,"cards_obtained":["Rebound"]},{"damage_healed":0.0,"max_hp_gain":0.0,"max_hp_loss":0.0,"gold_gain":0.0,"cards_transformed":["Strike_B"],"event_name":"Transmorgrifier","player_choice":"Transformed","floor":14.0,"gold_loss":0.0,"damage_taken":0.0,"cards_obtained":["Sunder"]},{"cards_removed":["Strike_B"],"damage_healed":0.0,"max_hp_gain":0.0,"max_hp_loss":0.0,"gold_gain":0.0,"event_name":"Back to Basics","player_choice":"Elegance","floor":21.0,"gold_loss":0.0,"damage_taken":0.0},{"damage_healed":0.0,"max_hp_gain":0.0,"max_hp_loss":0.0,"gold_gain":0.0,"event_name":"The Mausoleum","player_choice":"Opened","floor":24.0,"gold_loss":0.0,"damage_taken":0.0,"relics_obtained":["Vajra"],"cards_obtained":["Writhe"]},{"cards_removed":["Writhe"],"damage_healed":0.0,"max_hp_gain":0.0,"max_hp_loss":0.0,"gold_gain":0.0,"event_name":"Bonfire Elementals","player_choice":"Offered Curse","floor":28.0,"gold_loss":0.0,"damage_taken":0.0,"relics_obtained":["Spirit Poop"]},{"cards_removed":["Meteor Strike"],"damage_healed":0,"gold_gain":0,"player_choice":"Removed Attack","damage_taken":0,"max_hp_gain":0,"max_hp_loss":0,"event_name":"Falling","floor":37,"gold_loss":0},{"damage_healed":0,"gold_gain":0,"player_choice":"Fight","damage_taken":0,"max_hp_gain":0,"max_hp_loss":0,"event_name":"MindBloom","floor":47,"gold_loss":0}],"is_beta":false,"boss_relics":[{"not_picked":["Ectoplasm","Astrolabe"],"picked":"Inserter"},{"not_picked":["Runic Dome","Pandora\u0027s Box"],"picked":"Fusion Hammer"}],"items_purged_floors":[11,38,53],"is_endless":false,"potions_floor_spawned":[1,4,6,12,18,19,29,31,36,40,48,54],"ascension_level":1}}