{"host":"njruw0b0uprlitpx","time":1610578926,"event":{"mods":["2.2 Compatiblity","Bartender","BaseMod","Better Altar","Better Match","Better Note","Better Sensory Stone","Better Skull","Better Third Choice","BetterRewards","Block Reminder","Colored Map","Colored Powertips","Energized Spire","Jedi Mod","Keyboard Shortcuts","Minty Spire (QoL Compilation)","Quick Restart","Rare Cards Sparkle","Relic Stats","Replay The Spire","SacredBarkPlus","Spicy Shops","StSLib","SuperFastMode","The Construct","The Dragon Tamer","The Marked","The Mystic","The Spell Scribe","Wandering Minibosses"],"gold_per_floor":[111,3,20,20,35,62,62,91,139,139,139,139,167,81,81,183,183,195,195,115,115,125,157,157,318,318,318,318,27,27,27,27,27,27,27,27,27,27,27,27,207,207,207,207,258,297,11,131,131,51],"floor_reached":51,"language":"ENG","playtime":2153,"items_purged":["Shame","Defend_R","Strike_R","Defend_R"],"score":1680,"play_id":"8f486767-d780-4e8f-8f1c-9cbddd70411f","local_time":"20210113170206","is_ascension_mode":true,"campfire_choices":[{"data":"Shockwave","floor":7,"key":"SMITH"},{"floor":12,"key":"REST"},{"floor":15,"key":"REST"},{"floor":24,"key":"REST"},{"data":"True Grit","floor":32,"key":"SMITH"},{"floor":40,"key":"REST"},{"data":"Flame Barrier","floor":42,"key":"SMITH"},{"data":"Uppercut","floor":49,"key":"SMITH"}],"circlet_count":0,"master_deck":["AscendersBane","Strike_R+1","Strike_R+3","Strike_R+1","Strike_R","Defend_R","Defend_R+3","Bash+1","Carnage+1","Replay:BasicMightCard+1","Twin Strike","jedi:harder+1","ReplayTheSpireMod:Limb From Limb+1","Pot Of Greed+1","Pot Of Greed+1","Carnage+1","theMarked:TunnelVision+1","Shrug It Off+1","Shockwave+1","Pot Of Greed","jedi:bloodyhammer+1","Bloodletting+1","Fiend Fire+1","Thunderclap","Sword Boomerang+1","True Grit+1","Armaments+1","Rage+1","Metallicize+1","Reaper+1","ReplayTheSpireMod:Strike From Hell+1","jedi:unlimitedpower","Pot Of Greed+1","Shrug It Off+1","Battle Trance+1","Perfected Strike+1","Flame Barrier+1","Shrug It Off+1","Body Slam+1","Juggernaut+1","Warcry+1","Uppercut+1","Inflame+1","Replay:Undeath\u0027s Touch+1","Amnesia","Pot Of Greed","ReplayTheSpireMod:Doomed","Madness","Madness","Dropkick","Uppercut+1","Voices","Flame Barrier","Languid"],"relics":["Black Blood","Replay:WaspNest","Golden Egg","Counterbalance","Replay:Wax Seal","BargainBundle","Grinning Jar","Bottled Tornado","Bag of Marbles","Simple Rune","The Courier","energizedSpire:NeverEndingSparkler","jedi:heavyjacket","jedi:ominousloannote","Orrery","Shuriken","Paper Frog","Membership Card","Pondfish Scales","Dead Branch","Bronze Scales","Ring of Greed","Replay:Bandana","Old Coin","Ring of Panic","Meat on the Bone","ReplayTheSpireMod:Ninjato","Power_Wrist","Potion Belt","Red Skull","Bird Faced Urn"],"acts_visited":["Exordium","TheCity","TheBeyond"],"potions_floor_usage":[13,16,18,23,23,23,23,23,33,33,50,50,50],"damage_taken":[{"damage":6,"enemies":"2 Louse","floor":1,"turns":2},{"damage":0,"enemies":"Small Slimes","floor":3,"turns":2},{"damage":0,"enemies":"Cultist","floor":5,"turns":2},{"damage":30,"enemies":"Gremlin Nob","floor":6,"turns":4},{"damage":18,"enemies":"Lagavulin","floor":8,"turns":6},{"damage":31,"enemies":"3 Sentries","floor":13,"turns":5},{"damage":12,"enemies":"Large Slime","floor":14,"turns":4},{"damage":37,"enemies":"Hexaghost","floor":16,"turns":6},{"damage":11,"enemies":"2 Thieves","floor":18,"turns":2},{"damage":22,"enemies":"Shell Parasite","floor":20,"turns":4},{"damage":0,"enemies":"Snecko","floor":22,"turns":2},{"damage":23,"enemies":"Book of Stabbing","floor":23,"turns":3},{"damage":7,"enemies":"Sentry and Sphere","floor":27,"turns":4},{"damage":16,"enemies":"Replay:Snechameleon","floor":28,"turns":3},{"damage":9,"enemies":"Centurion and Healer","floor":31,"turns":3},{"damage":32,"enemies":"Champ","floor":33,"turns":6},{"damage":20,"enemies":"3 Darklings","floor":35,"turns":4},{"damage":0,"enemies":"Orb Walker","floor":36,"turns":1},{"damage":27,"enemies":"2 Orb Walkers","floor":37,"turns":5},{"damage":27,"enemies":"3 Darklings","floor":39,"turns":4},{"damage":0,"enemies":"Spire Growth","floor":45,"turns":5},{"damage":8,"enemies":"Transient","floor":46,"turns":5},{"damage":12,"enemies":"Mind Bloom Boss Battle","floor":48,"turns":4},{"damage":18,"enemies":"Awakened One","floor":50,"turns":6}],"seed_played":"4297715718722071105","potions_obtained":[{"floor":6,"key":"EntropicBrew"},{"floor":13,"key":"jedi:tentaclejuice"},{"floor":16,"key":"EssenceOfSteel"},{"floor":18,"key":"Regen Potion"},{"floor":23,"key":"PowerPotion"},{"floor":27,"key":"jedi:holywater"},{"floor":30,"key":"SmokeBomb"},{"floor":37,"key":"Strength Potion"},{"floor":38,"key":"ElixirPotion"},{"floor":45,"key":"EssenceOfSteel"}],"is_trial":false,"path_per_floor":["M","$","M","?","M","E","R","E","T","?","$","R","E","M","R","B",null,"M","?","M","?","M","E","R","$","T","M","E","$","?","M","R","B",null,"M","M","?","?","M","R","?","R","T","?","M","M","$","?","R","B",null],"character_chosen":"IRONCLAD","items_purchased":["Replay:WaspNest","Golden Egg","Replay:Wax Seal","Carnage","Replay:BasicMightCard","Elixir","BargainBundle","jedi:harder","ReplayTheSpireMod:Limb From Limb","Grinning Jar","jedi:hoardpotion","LifebloodPotion","Reaper","jedi:ominousloannote","Orrery","Membership Card","Pondfish Scales","ReplayTheSpireMod:Ninjato","Power_Wrist","Potion Belt","Red Skull","jedi:StrikingPotion","BloodPotion"],"campfire_rested":4,"item_purchase_floors":[0,0,0,0,0,0,2,2,2,2,2,2,25,25,25,29,29,47,47,47,47,47,47],"current_hp_per_floor":[72,72,78,78,80,56,56,44,44,44,44,68,43,37,61,30,68,63,63,47,51,57,49,73,73,73,72,62,62,62,65,65,49,72,64,76,69,69,54,78,78,78,78,68,80,80,80,80,80,80],"gold":51,"neow_bonus":"","is_daily":false,"chose_seed":false,"campfire_upgraded":4,"win_rate":0.0,"timestamp":1610578926,"path_taken":["M","$","M","?","?","E","R","E","T","?","$","R","E","M","R","BOSS","M","?","M","?","?","E","R","$","T","M","E","?","?","M","R","BOSS","M","M","?","?","?","R","?","R","T","?","M","?","$","?","R","BOSS"],"items_purchased_type":["Relic","Relic","Relic","Card","Card","Potion","Relic","Card","Card","Relic","Potion","Potion","Card","Relic","Relic","Relic","Relic","Relic","Relic","Relic","Relic","Potion","Potion"],"build_version":"2020-12-22","purchased_purges":4,"victory":true,"max_hp_per_floor":[80,80,80,80,80,80,80,80,80,80,80,80,80,80,80,80,80,80,80,80,80,80,80,80,80,80,80,80,80,80,80,80,80,80,80,80,80,80,80,80,80,80,80,80,80,80,80,80,80,80],"relic_stats":{"counters":[46,165],"Shuriken":[16],"Dead Branch":[46],"Bronze Scales":[66],"Bird Faced Urn":[4],"Black Blood":255,"obtain_stats":[{"Golden Egg":0,"Bottled Tornado":6,"Old Coin":41,"Replay:Wax Seal":0,"ReplayTheSpireMod:CursedCoin":36,"ReplayTheSpireMod:Ring of Addiction":25,"Counterbalance":0,"Dead Branch":37,"War Paint":40,"jedi:heavyjacket":23,"Bottled Flame":26,"ReplayTheSpireMod:Spearhead":43,"Brimstone":21,"energizedSpire:NeverEndingSparkler":17,"Shuriken":26,"Bronze Scales":38,"Bird Faced Urn":48,"Simple Rune":9,"ReplayTheSpireMod:TigerMarble":9,"Grinning Jar":2,"Abe\u0027s Treasure":0,"Meat on the Bone":43,"SacredBark":25,"Black Blood":34,"Mango":45,"Power_Wrist":47,"Burning Blood":0,"Replay:Bandana":41,"Chameleon Ring":25,"Mummified Hand":7,"Gambling Chip":24,"Ring of Panic":41,"Red Skull":47,"Runic Pyramid":34,"Paper Frog":28,"Potion Belt":47,"BargainBundle":2,"ReplayTheSpireMod:Ninjato":47,"Replay:WaspNest":0,"The Courier":13,"Ring of Greed":41,"Orichalcum":8,"energizedSpire:DeadBattery":17,"Strange Spoon":36,"Pondfish Scales":29,"jedi:ominousloannote":25,"Orrery":3,"Another Sword":13,"Bag of Marbles":8,"Membership Card":29,"ReplayTheSpireMod:Ring of Challenge":25},{"Golden Egg":22,"Bottled Tornado":26,"Old Coin":42,"Replay:Wax Seal":22,"ReplayTheSpireMod:CursedCoin":16,"ReplayTheSpireMod:Ring of Addiction":11,"Counterbalance":22,"Dead Branch":41,"War Paint":18,"jedi:heavyjacket":34,"Bottled Flame":11,"ReplayTheSpireMod:Spearhead":19,"Brimstone":10,"energizedSpire:NeverEndingSparkler":30,"Shuriken":34,"Bronze Scales":41,"Bird Faced Urn":45,"Simple Rune":27,"ReplayTheSpireMod:TigerMarble":6,"Grinning Jar":23,"Abe\u0027s Treasure":2,"Meat on the Bone":42,"SacredBark":11,"Black Blood":38,"Mango":20,"Power_Wrist":44,"Burning Blood":0,"Replay:Bandana":42,"Chameleon Ring":11,"Mummified Hand":6,"Gambling Chip":11,"Ring of Panic":42,"Red Skull":44,"Runic Pyramid":15,"Paper Frog":36,"Potion Belt":44,"BargainBundle":23,"ReplayTheSpireMod:Ninjato":44,"Replay:WaspNest":22,"The Courier":28,"Ring of Greed":42,"Orichalcum":6,"energizedSpire:DeadBattery":8,"Strange Spoon":16,"Pondfish Scales":36,"jedi:ominousloannote":34,"Orrery":4,"Another Sword":7,"Bag of Marbles":27,"Membership Card":36,"ReplayTheSpireMod:Ring of Challenge":11},{"Golden Egg":73,"Bottled Tornado":83,"Old Coin":145,"Replay:Wax Seal":73,"ReplayTheSpireMod:CursedCoin":51,"ReplayTheSpireMod:Ring of Addiction":39,"Counterbalance":73,"Dead Branch":141,"War Paint":57,"jedi:heavyjacket":115,"Bottled Flame":39,"ReplayTheSpireMod:Spearhead":59,"Brimstone":36,"energizedSpire:NeverEndingSparkler":104,"Shuriken":115,"Bronze Scales":141,"Bird Faced Urn":159,"Simple Rune":89,"ReplayTheSpireMod:TigerMarble":21,"Grinning Jar":75,"Abe\u0027s Treasure":5,"Meat on the Bone":145,"SacredBark":39,"Black Blood":131,"Mango":64,"Power_Wrist":155,"Burning Blood":0,"Replay:Bandana":145,"Chameleon Ring":39,"Mummified Hand":21,"Gambling Chip":39,"Ring of Panic":145,"Red Skull":155,"Runic Pyramid":50,"Paper Frog":122,"Potion Belt":155,"BargainBundle":75,"ReplayTheSpireMod:Ninjato":155,"Replay:WaspNest":73,"The Courier":94,"Ring of Greed":145,"Orichalcum":21,"energizedSpire:DeadBattery":29,"Strange Spoon":51,"Pondfish Scales":122,"jedi:ominousloannote":115,"Orrery":12,"Another Sword":23,"Bag of Marbles":89,"Membership Card":122,"ReplayTheSpireMod:Ring of Challenge":39}],"Meat on the Bone":0},"card_choices":[{"not_picked":["Flex","Pommel Strike"],"picked":"Twin Strike","floor":1},{"not_picked":["Dual Wield","Wild Strike"],"picked":"Carnage","floor":3},{"not_picked":["Wild Strike","Shrug It Off","True Grit"],"picked":"SKIP","floor":5},{"not_picked":["Wild Strike","True Grit"],"picked":"Shrug It Off","floor":5},{"not_picked":["Entrench","Second Wind"],"picked":"Shockwave","floor":6},{"not_picked":["Burning Pact","ReplayTheSpireMod:Stacked"],"picked":"jedi:bloodyhammer","floor":8},{"not_picked":["Wild Strike","jedi:suffering","Iron Wave"],"picked":"SKIP","floor":13},{"not_picked":["Dual Wield","Twin Strike"],"picked":"Bloodletting","floor":14},{"not_picked":["Immolate","Limit Break"],"picked":"Fiend Fire","floor":16},{"not_picked":["Pummel","Twin Strike"],"picked":"Armaments+1","floor":20},{"not_picked":["Dark Embrace","Armaments"],"picked":"Rage+1","floor":22},{"not_picked":["Anger+1","Headbutt"],"picked":"Metallicize","floor":23},{"not_picked":["Wild Strike","ReplayReversal+1"],"picked":"ReplayTheSpireMod:Strike From Hell","floor":25},{"not_picked":["Run Through+1","Iron Wave+1"],"picked":"jedi:unlimitedpower","floor":25},{"not_picked":["Heavy Blade","Abandon"],"picked":"Shrug It Off","floor":25},{"not_picked":["Pommel Strike","Anger"],"picked":"Battle Trance","floor":25},{"not_picked":["jedi:MakeshiftSword","Armaments"],"picked":"Perfected Strike","floor":25},{"not_picked":["Twin Strike","ReplayTheSpireMod:Limb From Limb"],"picked":"Flame Barrier","floor":27},{"not_picked":["Berserk","Evolve"],"picked":"Shrug It Off+1","floor":28},{"not_picked":["Cleave+1","Iron Wave"],"picked":"Body Slam+1","floor":31},{"not_picked":["jedi:bloodyhammer","Replay:Many Hands"],"picked":"Juggernaut","floor":33},{"not_picked":["Sword Boomerang+1","ReplayTheSpireMod:Strike From Hell+1"],"picked":"Warcry+1","floor":35},{"not_picked":["Twin Strike+1","Intimidate","Abandon+1"],"picked":"SKIP","floor":36},{"not_picked":["ReplayTheSpireMod:Strike From Hell+1","Searing Blow+1"],"picked":"Uppercut+1","floor":37},{"not_picked":["Cleave","Havoc"],"picked":"Inflame+1","floor":38},{"not_picked":["jedi:fear+1","Evolve+1"],"picked":"Replay:Undeath\u0027s Touch+1","floor":39},{"not_picked":["Replay:Undeath\u0027s Touch+1","Iron Wave"],"picked":"Dropkick","floor":45},{"not_picked":["ReplayTheSpireMod:Strike From Hell","Cleave+1"],"picked":"Uppercut","floor":46},{"not_picked":["Anger","Run Through+1"],"picked":"Flame Barrier","floor":48}],"player_experience":1462453,"relics_obtained":[{"floor":6,"key":"Bottled Tornado"},{"floor":8,"key":"Bag of Marbles"},{"floor":9,"key":"Simple Rune"},{"floor":13,"key":"The Courier"},{"floor":23,"key":"jedi:heavyjacket"},{"floor":26,"key":"Shuriken"},{"floor":28,"key":"Paper Frog"},{"floor":37,"key":"Dead Branch"},{"floor":38,"key":"Bronze Scales"},{"floor":41,"key":"Ring of Greed"},{"floor":41,"key":"Replay:Bandana"},{"floor":41,"key":"Old Coin"},{"floor":41,"key":"Ring of Panic"},{"floor":43,"key":"Meat on the Bone"},{"floor":48,"key":"Bird Faced Urn"}],"event_choices":[{"damage_healed":0,"gold_gain":1,"player_choice":"4","damage_taken":0,"max_hp_gain":0,"max_hp_loss":0,"event_name":"betterStone:BetterStone","floor":4,"gold_loss":0,"cards_obtained":["theMarked:TunnelVision"]},{"cards_removed":["Writhe"],"damage_healed":0,"gold_gain":0,"player_choice":"Forget","damage_taken":0,"max_hp_gain":0,"max_hp_loss":0,"event_name":"Living Wall","floor":10,"gold_loss":0},{"damage_healed":0,"gold_gain":0,"player_choice":"Bought 0 Potions","damage_taken":0,"max_hp_gain":0,"max_hp_loss":0,"event_name":"The Woman in Blue","floor":19,"gold_loss":0},{"damage_healed":4,"gold_gain":0,"player_choice":"LEAVE ","damage_taken":0,"relics_obtained":[],"max_hp_gain":0,"max_hp_loss":0,"event_name":"betterSkull:BetterSkull","floor":21,"gold_loss":0,"cards_upgraded":[]},{"damage_healed":0,"gold_gain":0,"player_choice":"Got Potions","damage_taken":0,"max_hp_gain":0,"max_hp_loss":0,"event_name":"Lab","floor":30,"gold_loss":0},{"damage_healed":0,"gold_gain":0,"player_choice":"Fight","damage_taken":0,"max_hp_gain":0,"max_hp_loss":0,"event_name":"Mysterious Sphere","floor":37,"gold_loss":0},{"damage_healed":0,"gold_gain":0,"player_choice":"Embrace Madness","damage_taken":10,"max_hp_gain":0,"max_hp_loss":0,"event_name":"Winding Halls","floor":44,"gold_loss":0,"cards_obtained":["Madness","Madness"]},{"damage_healed":0,"gold_gain":0,"player_choice":"Fight","damage_taken":0,"max_hp_gain":0,"max_hp_loss":0,"event_name":"MindBloom","floor":48,"gold_loss":0}],"is_beta":false,"boss_relics":[{"not_picked":["Replay:Ancient Bell","Astrolabe"],"picked":"energizedSpire:NeverEndingSparkler"},{"not_picked":["Sozu","Calling Bell"],"picked":"Black Blood"}],"items_purged_floors":[2,29,47,47],"is_endless":false,"potions_floor_spawned":[5,6,13,16,18,23,27,37,45,46],"ascension_level":10}}