{"host":"mai03x2ekbjy4059","time":1610577578,"event":{"mods":["2.2 Compatiblity","BaseMod","DeckTracker","Highlight Path","Keyboard Shortcuts","Minty Spire (QoL Compilation)","Permanent Neow","Quick Restart","SuperFastMode","everything is the same but u backflip on backflip"],"gold_per_floor":[369,388,155,305,40,73,73,103,103,103,130,143,143,166,166,237,237,255,283,333,344,364,397,397,412,483,503,538,538,538],"floor_reached":29,"language":"KOR","playtime":1034,"items_purged":["Defend_P","Doubt"],"score":612,"play_id":"fd001945-7e8f-4310-9f29-43b7080eb048","local_time":"20210114073938","is_ascension_mode":true,"campfire_choices":[{"data":"Eruption","floor":10.0,"key":"SMITH"},{"data":"Adaptation","floor":13.0,"key":"SMITH"},{"data":"MentalFortress","floor":15.0,"key":"SMITH"},{"floor":24.0,"key":"REST"}],"circlet_count":0,"master_deck":["AscendersBane","Strike_P","Strike_P","Strike_P","Strike_P","Defend_P","Defend_P","Defend_P","Eruption+1","Vigilance","Adaptation+1","FearNoEvil","MentalFortress+1","FlurryOfBlows"],"relics":["PureWater","Medical Kit","TheAbacus","HornCleat","Gremlin Horn","Pocketwatch","Odd Mushroom","VioletLotus","Red Mask","CeramicFish","Molten Egg 2","Centennial Puzzle"],"acts_visited":["Exordium","TheCity"],"potions_floor_usage":[],"damage_taken":[{"damage":4.0,"enemies":"Cultist","floor":1.0,"turns":5.0},{"damage":0.0,"enemies":"2 Louse","floor":2.0,"turns":4.0},{"damage":15.0,"enemies":"3 Sentries","floor":6.0,"turns":7.0},{"damage":23.0,"enemies":"Gremlin Nob","floor":8.0,"turns":4.0},{"damage":6.0,"enemies":"Lagavulin","floor":11.0,"turns":4.0},{"damage":0.0,"enemies":"Small Slimes","floor":12.0,"turns":3.0},{"damage":33.0,"enemies":"The Mushroom Lair","floor":14.0,"turns":5.0},{"damage":0.0,"enemies":"Hexaghost","floor":16.0,"turns":7.0},{"damage":2.0,"enemies":"3 Byrds","floor":18.0,"turns":5.0},{"damage":4.0,"enemies":"Masked Bandits","floor":19.0,"turns":3.0},{"damage":0.0,"enemies":"Spheric Guardian","floor":21.0,"turns":3.0},{"damage":14.0,"enemies":"Snake Plant","floor":22.0,"turns":3.0},{"damage":16.0,"enemies":"Gremlin Leader","floor":23.0,"turns":7.0},{"damage":0.0,"enemies":"Cultist and Chosen","floor":25.0,"turns":5.0},{"damage":2.0,"enemies":"3 Cultists","floor":27.0,"turns":5.0},{"damage":33.0,"enemies":"Book of Stabbing","floor":28.0,"turns":6.0},{"damage":6,"enemies":"Centurion and Healer","floor":29,"turns":1}],"seed_played":"-1331175812212603155","potions_obtained":[{"floor":6.0,"key":"ColorlessPotion"},{"floor":8.0,"key":"Fire Potion"},{"floor":12.0,"key":"SkillPotion"},{"floor":21.0,"key":"PowerPotion"},{"floor":27.0,"key":"Energy Potion"}],"is_trial":false,"path_per_floor":["M","M","$","?","$","E","?","E","T","R","E","M","R","?","R","B",null,"M","?","?","M","M","E","R","M","T","M","E","M"],"character_chosen":"WATCHER","items_purchased":["Medical Kit","TheAbacus"],"campfire_rested":1,"item_purchase_floors":[3,5],"current_hp_per_floor":[39,39,39,39,39,24,68,45,45,45,39,39,39,6,6,6,53,51,47,47,47,33,17,37,37,37,35,2,0,0],"gold":538,"neow_bonus":"TWO_FIFTY_GOLD","is_daily":false,"chose_seed":false,"campfire_upgraded":3,"win_rate":0.0,"timestamp":1610577578,"path_taken":["M","?","$","?","$","E","?","E","T","R","E","?","R","?","R","BOSS","M","?","?","M","?","E","R","M","T","M","E","M"],"items_purchased_type":["Relic","Relic"],"build_version":"2020-12-22","purchased_purges":2,"victory":false,"max_hp_per_floor":[68,68,68,68,68,68,68,68,68,68,68,68,68,68,68,68,68,68,68,68,68,68,68,68,68,68,68,68,68,68],"card_choices":[{"not_picked":["Consecrate","FlyingSleeves","Indignation"],"picked":"SKIP","floor":1.0},{"not_picked":["TalkToTheHand","EmptyFist"],"picked":"Adaptation","floor":2.0},{"not_picked":["CrushJoints","EmptyFist","BattleHymn"],"picked":"SKIP","floor":6.0},{"not_picked":["Worship","PathToVictory","Halt"],"picked":"SKIP","floor":8.0},{"not_picked":["SignatureMove","Halt","Crescendo"],"picked":"SKIP","floor":11.0},{"not_picked":["EmptyBody","EmptyFist"],"picked":"FearNoEvil","floor":12.0},{"not_picked":["WindmillStrike","ClearTheMind"],"picked":"MentalFortress","floor":14.0},{"not_picked":["WaveOfTheHand","Protect"],"picked":"FlurryOfBlows","floor":18.0},{"not_picked":["ReachHeaven","Consecrate","BattleHymn"],"picked":"SKIP","floor":21.0},{"not_picked":["Crescendo","Protect","CutThroughFate+1"],"picked":"SKIP","floor":22.0},{"not_picked":["TalkToTheHand+1","ReachHeaven","FearNoEvil"],"picked":"SKIP","floor":23.0},{"not_picked":["Prostrate","FlyingSleeves","Vengeance+1"],"picked":"SKIP","floor":25.0},{"not_picked":["SashWhip+1","WindmillStrike+1","Tantrum+1"],"picked":"SKIP","floor":27.0},{"not_picked":["EmptyFist+1","MentalFortress","CrushJoints+1"],"picked":"SKIP","floor":28.0}],"player_experience":1129107,"relics_obtained":[{"floor":6.0,"key":"HornCleat"},{"floor":8.0,"key":"Gremlin Horn"},{"floor":11.0,"key":"Pocketwatch"},{"floor":14.0,"key":"Odd Mushroom"},{"floor":19.0,"key":"Red Mask"},{"floor":23.0,"key":"CeramicFish"},{"floor":26.0,"key":"Molten Egg 2"},{"floor":28.0,"key":"Centennial Puzzle"}],"event_choices":[{"damage_healed":0.0,"max_hp_gain":0.0,"max_hp_loss":0.0,"gold_gain":150.0,"event_name":"Liars Game","player_choice":"AGREE","floor":4.0,"gold_loss":0.0,"damage_taken":0.0,"cards_obtained":["Doubt"]},{"damage_healed":44.0,"max_hp_gain":0.0,"max_hp_loss":0.0,"gold_gain":0.0,"event_name":"Wheel of Change","player_choice":"Full Heal","floor":7.0,"gold_loss":0.0,"damage_taken":0.0},{"damage_healed":0.0,"max_hp_gain":0.0,"max_hp_loss":0.0,"gold_gain":0.0,"event_name":"Mushrooms","player_choice":"Fought Mushrooms","floor":14.0,"gold_loss":0.0,"damage_taken":0.0},{"damage_healed":0.0,"max_hp_gain":0.0,"max_hp_loss":0.0,"gold_gain":0.0,"event_name":"Masked Bandits","player_choice":"Fought Bandits","floor":19.0,"gold_loss":0.0,"damage_taken":0.0},{"damage_healed":0.0,"max_hp_gain":0.0,"max_hp_loss":0.0,"gold_gain":50.0,"event_name":"Golden Shrine","player_choice":"Pray","floor":20.0,"gold_loss":0.0,"damage_taken":0.0}],"is_beta":false,"boss_relics":[{"not_picked":["Ectoplasm","SlaversCollar"],"picked":"VioletLotus"}],"items_purged_floors":[3,5],"is_endless":false,"potions_floor_spawned":[6,8,12,21,27],"killed_by":"Centurion and Healer","ascension_level":17}}