{"host":"qswkx8hggytna0kc","time":1610514437,"event":{"mods":["Aspiration","BaseMod","BetterRewards","Colored Map","Colored Powertips","Highlight Path","Hubris","Mimic Mod","Minty Spire (QoL Compilation)","MostiFishMod","Quick Restart","Replay The Spire","StSLib","SuperFastMode"],"gold_per_floor":[113,263,274,274,35,654,654,669,704,721,739,739,774,829,829,905,905,924,940,956,995,1009,1009,1039,1039,1039],"floor_reached":25,"language":"ZHS","playtime":715,"items_purged":["Doubt"],"score":468,"play_id":"597db448-5676-436f-9d68-2fc89377da2e","local_time":"20210113130717","is_ascension_mode":true,"campfire_choices":[{"data":"MostiFishMod:Hijack","floor":7.0,"key":"SMITH"}],"circlet_count":0,"master_deck":["AscendersBane","Strike_B","Strike_B","Strike_B","Strike_B","Defend_B","Defend_B","Defend_B","Defend_B","Zap+1","Dualcast","Gash","MostiFishMod:PushDownKick","Hologram","Scrape+1","MostiFishMod:Hijack+1","Scrape","Hologram","Gash","Steam","Chill","ReplaySort","Turbo+1","MostiFishMod:InterfaceCompatibility","Beam Cell","Recycle+1","Skim","Conserve Battery","Go for the Eyes+1"],"relics":["Cracked Core","DaveBox","GreenFoldingFan","SynthV:TestCard","Smiling Mask","aspiration:EnhancedActuators","Replay:Multitool","Happy Flower","aspiration:Stellarator","Letter Opener"],"acts_visited":["Exordium","TheCity"],"potions_floor_usage":[18,21,24],"damage_taken":[{"damage":11.0,"enemies":"Jaw Worm","floor":1.0,"turns":2.0},{"damage":16.0,"enemies":"Small Slimes","floor":3.0,"turns":3.0},{"damage":7.0,"enemies":"2 Louse","floor":6.0,"turns":2.0},{"damage":7.0,"enemies":"Exordium Thugs","floor":8.0,"turns":3.0},{"damage":14.0,"enemies":"Large Slime","floor":9.0,"turns":4.0},{"damage":17.0,"enemies":"Large Slime","floor":10.0,"turns":3.0},{"damage":4.0,"enemies":"2 Fungi Beasts","floor":11.0,"turns":2.0},{"damage":17.0,"enemies":"Lagavulin","floor":13.0,"turns":4.0},{"damage":24.0,"enemies":"Hexaghost","floor":16.0,"turns":9.0},{"damage":25,"enemies":"Shell Parasite","floor":18,"turns":2},{"damage":2,"enemies":"3 Byrds","floor":19,"turns":1},{"damage":27,"enemies":"Snecko","floor":20,"turns":5},{"damage":14,"enemies":"Shelled Parasite and Fungi","floor":21,"turns":3},{"damage":31,"enemies":"Centurion and Healer","floor":22,"turns":6},{"damage":28,"enemies":"Slavers","floor":24,"turns":5},{"damage":16,"enemies":"Snecko","floor":25,"turns":2}],"seed_played":"6842830729343043521","potions_obtained":[{"floor":1.0,"key":"PowerPotion"},{"floor":11.0,"key":"SteroidPotion"},{"floor":14.0,"key":"LiquidMemories"},{"floor":16.0,"key":"Dexterity Potion"},{"floor":19,"key":"Flashbang"},{"floor":21,"key":"Swift Potion"}],"is_trial":false,"path_per_floor":["M","?","M","?","$","M","R","M","MIM","M","M","T","E","?","R_BF","B",null,"M","M","M","M","M","R","E","M"],"character_chosen":"DEFECT","items_purchased":["Scrape","MostiFishMod:Hijack"],"campfire_rested":0,"item_purchase_floors":[5,5],"current_hp_per_floor":[63,63,57,57,57,60,60,63,59,52,58,58,51,28,49,35,62,47,55,38,34,13,34,16,0,0],"gold":1039,"neow_bonus":"THREE_CARDS","is_daily":false,"chose_seed":false,"campfire_upgraded":1,"win_rate":0.0,"timestamp":1610514437,"path_taken":["M","?","M","?","$","M","R","?","MIM","M","M","?","E","?","R_BF","BOSS","M","M","M","M","M","R","E","M"],"items_purchased_type":["Card","Card"],"build_version":"2020-12-22","purchased_purges":1,"victory":false,"max_hp_per_floor":[71,71,71,71,71,71,71,71,71,71,71,71,71,71,71,71,71,71,71,71,71,71,71,71,71,71],"card_choices":[{"not_picked":["BasicCrystalCard","Beam Cell"],"picked":"Gash","floor":0.0},{"not_picked":["Barrage","BasicCrystalCard"],"picked":"MostiFishMod:PushDownKick","floor":1.0},{"not_picked":["Lockon","MostiFishMod:FluxCapactior","Redo","Ball Lightning"],"picked":"Hologram","floor":3.0},{"not_picked":["Defragment","Go for the Eyes","Barrage","Hologram"],"picked":"Scrape","floor":6.0},{"not_picked":["hubris:PowerSurge","ReplaySort","Panic Button","Barrage"],"picked":"Hologram","floor":8.0},{"not_picked":["MostiFishMod:PushDownKick","Redo","Barrage","Beam Cell"],"picked":"Gash","floor":9.0},{"not_picked":["Barrage","MostiFishMod:PushDownKick","Creative AI","Lockon"],"picked":"Steam","floor":10.0},{"not_picked":["Cold Snap","Coolheaded","Static Discharge","Steam"],"picked":"Chill","floor":11.0},{"not_picked":["Loop","MostiFishMod:Impulse","Defragment","Hello World"],"picked":"ReplaySort","floor":13.0},{"not_picked":["Barrage","Compile Driver","Hologram","Cold Snap"],"picked":"Turbo","floor":14.0},{"not_picked":["Mirror Shield","All For One","Creative AI","Machine Learning"],"picked":"MostiFishMod:InterfaceCompatibility","floor":16.0},{"not_picked":["Panic Button","Streamline","Consume","BasicCrystalCard"],"picked":"Beam Cell","floor":18},{"not_picked":["Redo","Conserve Battery","MostiFishMod:GatherIntelligence","Rebound"],"picked":"Recycle+1","floor":19},{"not_picked":["MostiFishMod:GatherIntelligence","Leap","MostiFishMod:FluxCapactior","Ball Lightning","Sweeping Beam"],"picked":"SKIP","floor":20},{"not_picked":["Cold Snap","Ball Lightning","Panic Button","Turbo"],"picked":"Skim","floor":21},{"not_picked":["Streamline","Ball Lightning+1","Undo","Tempest"],"picked":"Conserve Battery","floor":22},{"not_picked":["Leap","Hologram","Cold Snap+1","Beam Cell"],"picked":"Go for the Eyes+1","floor":24}],"player_experience":282731,"relics_obtained":[{"floor":1.0,"key":"SynthV:TestCard"},{"floor":9.0,"key":"Smiling Mask"},{"floor":12.0,"key":"aspiration:EnhancedActuators"},{"floor":13.0,"key":"Replay:Multitool"},{"floor":14.0,"key":"Happy Flower"},{"floor":24,"key":"Letter Opener"}],"event_choices":[{"damage_healed":0.0,"max_hp_gain":0.0,"max_hp_loss":0.0,"gold_gain":150.0,"event_name":"Liars Game","player_choice":"AGREE","floor":2.0,"gold_loss":0.0,"damage_taken":0.0,"cards_obtained":["Doubt"]}],"is_beta":false,"boss_relics":[{"not_picked":["hubris:BlackHole","Kintsugi"],"picked":"aspiration:Stellarator"}],"items_purged_floors":[5],"is_endless":false,"potions_floor_spawned":[1,8,11,16,19,21,22],"killed_by":"Snecko","ascension_level":19}}