{"host":"cfluht5kr2kfk9p9","time":1610524325,"event":{"mods":["ATMod(阿瑾Mod)","Arknights The Spire","BaseMod","GungeonMod","Highlight Path","Library of Ruina","Library of Ruina Extra","Minty Spire (QoL Compilation)","Quick Restart","Rare Cards Sparkle","Relic Stats","RumiaBox-露米娅的神秘盒子","Spicy Shops","StSLib","TestMod","The Alterego","【功能Mod】混沌之环修复补丁"],"gold_per_floor":[360,70,88,103,130,156,172,183,210,229,229,257,272,300,300,403,453,468,488,507,519,374,403,173,173,173,206,216,250,450,460,460,557,557,570,585,603,615,625,625,658,658,658,658,658,677,709,102,102,102,102,102,102,15,42,42],"floor_reached":57,"language":"ZHS","playtime":979,"items_purged":[],"score":2108,"play_id":"f7ad0975-8155-4a64-824b-f0f53bb58c7d","local_time":"20210113155205","is_ascension_mode":true,"campfire_choices":[{"data":"DegradedChain","floor":11.0,"key":"SMITH"},{"data":"DegradedChain","floor":15.0,"key":"SMITH"},{"data":"DegradedShockwave","floor":25.0,"key":"SMITH"},{"data":"DegradedPillar","floor":32.0,"key":"SMITH"},{"floor":40,"key":"RECALL"},{"data":"DegradedPillar","floor":42,"key":"SMITH"},{"data":"DegradedFairy","floor":44,"key":"SMITH"},{"data":"DegradedFairy","floor":49,"key":"SMITH"},{"data":"DegradedFairy","floor":53,"key":"SMITH"}],"circlet_count":0,"master_deck":["DegradedFairy+1","DegradedFairy+1","DegradedFairy+1","DegradedChain+1","DegradedChain+1","DegradedLock+1","DegradedPillar+1","DegradedPillar+1","DegradedShockwave+1","Commandeering"],"relics":["PageOfLibrarian","testmod-TestBox","AT_ATBox","testmod-RealStoneCalender","AT_BladeRuinedKing","PageOfBloodbath","DemoMod:GlassGuonStoneRelic","testmod-IndustrialRevolution","Akabeko","PreservedInsect","Centennial Puzzle","Tiny House","DemoMod:MeatBun","testmod-OneHitWonder","testmod-TurbochargingSystem","Orrery","AT_BellowingDragoncrestRing","Bag of Preparation","DemoMod:NanoMachines","DemoMod:Armor","SoulBox","GodSword1","GodSword7","Potion Belt","Sling","DemoMod:Metronome","OrangePellets","DemoMod:ResourcefulSack","Bag of Marbles"],"acts_visited":["Exordium","TheCity","TheBeyond","TheEnding"],"potions_floor_usage":[56,56,56],"damage_taken":[{"damage":0.0,"enemies":"Cultist","floor":1.0,"turns":2.0},{"damage":0.0,"enemies":"Small Slimes","floor":3.0,"turns":1.0},{"damage":0.0,"enemies":"Jaw Worm","floor":4.0,"turns":1.0},{"damage":0.0,"enemies":"3 Sentries","floor":6.0,"turns":1.0},{"damage":0.0,"enemies":"2 Fungi Beasts","floor":7.0,"turns":1.0},{"damage":0.0,"enemies":"Exordium Wildlife","floor":8.0,"turns":1.0},{"damage":0.0,"enemies":"Red Slaver","floor":10.0,"turns":2.0},{"damage":0.0,"enemies":"Gremlin Nob","floor":12.0,"turns":2.0},{"damage":0.0,"enemies":"3 Louse","floor":13.0,"turns":1.0},{"damage":0.0,"enemies":"3 Sentries","floor":14.0,"turns":2.0},{"damage":0.0,"enemies":"The Guardian","floor":16.0,"turns":3.0},{"damage":0.0,"enemies":"Shell Parasite","floor":18.0,"turns":2.0},{"damage":0.0,"enemies":"3 Byrds","floor":19.0,"turns":1.0},{"damage":0.0,"enemies":"Snecko","floor":20.0,"turns":2.0},{"damage":0.0,"enemies":"Chosen and Byrds","floor":21.0,"turns":3.0},{"damage":0.0,"enemies":"Slavers","floor":23.0,"turns":1.0},{"damage":0.0,"enemies":"Book of Stabbing","floor":27.0,"turns":1.0},{"damage":0.0,"enemies":"Centurion and Healer","floor":28.0,"turns":1.0},{"damage":0.0,"enemies":"Gremlin Leader","floor":29.0,"turns":2.0},{"damage":0.0,"enemies":"Shelled Parasite and Fungi","floor":31.0,"turns":1.0},{"damage":0.0,"enemies":"Collector","floor":33.0,"turns":3.0},{"damage":0.0,"enemies":"Orb Walker","floor":35.0,"turns":1.0},{"damage":0,"enemies":"3 Shapes","floor":36,"turns":2},{"damage":0,"enemies":"Transient","floor":37,"turns":4},{"damage":0,"enemies":"3 Darklings","floor":38,"turns":1},{"damage":0,"enemies":"Spire Growth","floor":39,"turns":2},{"damage":0,"enemies":"Reptomancer","floor":41,"turns":2},{"damage":0,"enemies":"Transient","floor":46,"turns":5},{"damage":0,"enemies":"Nemesis","floor":47,"turns":1},{"damage":0,"enemies":"Time Eater","floor":50,"turns":1},{"damage":0,"enemies":"Time Eater","floor":51,"turns":3},{"damage":0,"enemies":"Shield and Spear","floor":55,"turns":1},{"damage":0,"enemies":"The Heart","floor":56,"turns":4}],"seed_played":"-3850672799921091648","potions_obtained":[{"floor":3.0,"key":"Explosive Potion"},{"floor":4.0,"key":"Block Potion"},{"floor":6.0,"key":"Weak Potion"},{"floor":8.0,"key":"Dexterity Potion"},{"floor":12.0,"key":"GamblersBrew"},{"floor":14.0,"key":"Energy Potion"},{"floor":19.0,"key":"testmod-TestPotion"},{"floor":41,"key":"Swift Potion"}],"is_trial":false,"path_per_floor":["M","$","M","M","T","E","M","M","T","M","R","E","M","E","R","B",null,"M","M","M","M","$","E","$","R","T","E","M","E","?","M","R","B",null,"M","M","M","M","M","R","E","R","T","R","$","M","E","$","R","B",null,null,"R","$","E","B",null],"character_chosen":"Librarian","items_purchased":["AT_BladeRuinedKing","PageOfBloodbath","DemoMod:MeatBun","testmod-TurbochargingSystem","Orrery","Sling","DemoMod:Metronome","OrangePellets","Commandeering","DemoMod:ResourcefulSack"],"campfire_rested":0,"item_purchase_floors":[2,2,22,24,24,48,48,48,48,54],"current_hp_per_floor":[60,60,60,60,60,60,60,60,60,60,60,60,60,60,60,60,86,86,86,86,86,86,86,86,86,86,86,86,86,86,86,86,86,86,86,86,86,86,86,86,86,86,86,86,86,86,86,86,86,86,86,86,86,86,86,86],"gold":42,"neow_bonus":"TWO_FIFTY_GOLD","is_daily":false,"chose_seed":false,"campfire_upgraded":8,"win_rate":0.0,"timestamp":1610524325,"path_taken":["M","$","M","M","?","E","M","M","T","M","R","E","M","E","R","BOSS","M","?","M","M","$","E","$","R","T","E","M","E","?","M","R","BOSS","M","?","M","?","M","R","E","R","T","R","?","M","E","$","R","BOSS","R","$","E","BOSS"],"items_purchased_type":["Relic","Relic","Relic","Relic","Relic","Relic","Relic","Relic","Card","Relic"],"build_version":"2020-12-22","purchased_purges":0,"victory":true,"max_hp_per_floor":[81,81,81,81,81,81,81,81,81,81,81,81,81,81,81,81,86,86,86,86,86,86,86,86,86,86,86,86,86,86,86,86,86,86,86,86,86,86,86,86,86,86,86,86,86,86,86,86,86,86,86,86,86,86,86,86],"relic_stats":{"OrangePellets":[0],"Centennial Puzzle":[0],"counters":[34,61],"PreservedInsect":343,"Bag of Preparation":[32],"obtain_stats":[{"AT_ATBox":0,"Tiny House":17,"DemoMod:GlassGuonStoneRelic":3,"SoulBox":34,"Bag of Preparation":27,"Sling":48,"Centennial Puzzle":14,"DemoMod:Metronome":48,"Potion Belt":47,"DemoMod:Armor":29,"testmod-TestBox":0,"PageOfBloodbath":2,"AT_BladeRuinedKing":2,"PreservedInsect":12,"testmod-TurbochargingSystem":24,"testmod-IndustrialRevolution":5,"Akabeko":6,"PageOfLibrarian":0,"testmod-RealStoneCalender":0,"OrangePellets":48,"AT_BellowingDragoncrestRing":26,"DemoMod:MeatBun":22,"Orrery":24,"DemoMod:NanoMachines":29,"GodSword7":43,"Bag of Marbles":55,"DemoMod:ResourcefulSack":54,"testmod-OneHitWonder":23,"GodSword1":41},{"AT_ATBox":0,"Tiny House":11,"DemoMod:GlassGuonStoneRelic":2,"SoulBox":22,"Bag of Preparation":17,"Sling":30,"Centennial Puzzle":10,"DemoMod:Metronome":30,"Potion Belt":30,"DemoMod:Armor":19,"testmod-TestBox":0,"PageOfBloodbath":1,"AT_BladeRuinedKing":1,"PreservedInsect":8,"testmod-TurbochargingSystem":16,"testmod-IndustrialRevolution":3,"Akabeko":4,"PageOfLibrarian":0,"testmod-RealStoneCalender":0,"OrangePellets":30,"AT_BellowingDragoncrestRing":16,"DemoMod:MeatBun":15,"Orrery":16,"DemoMod:NanoMachines":19,"GodSword7":28,"Bag of Marbles":33,"DemoMod:ResourcefulSack":32,"testmod-OneHitWonder":16,"GodSword1":28},{"AT_ATBox":0,"Tiny House":16,"DemoMod:GlassGuonStoneRelic":3,"SoulBox":34,"Bag of Preparation":26,"Sling":52,"Centennial Puzzle":13,"DemoMod:Metronome":52,"Potion Belt":52,"DemoMod:Armor":29,"testmod-TestBox":0,"PageOfBloodbath":2,"AT_BladeRuinedKing":2,"PreservedInsect":10,"testmod-TurbochargingSystem":25,"testmod-IndustrialRevolution":4,"Akabeko":5,"PageOfLibrarian":0,"testmod-RealStoneCalender":0,"OrangePellets":52,"AT_BellowingDragoncrestRing":25,"DemoMod:MeatBun":24,"Orrery":25,"DemoMod:NanoMachines":29,"GodSword7":46,"Bag of Marbles":57,"DemoMod:ResourcefulSack":56,"testmod-OneHitWonder":25,"GodSword1":46}]},"card_choices":[{"not_picked":["DarkCloud","BizarreAttack","Brawl","CircusKnives"],"picked":"SKIP","floor":1.0},{"not_picked":["SpearedSweep","Standoff","SharpSwipe","Outburst"],"picked":"SKIP","floor":3.0},{"not_picked":["Overpower","SilentMist","DarkCloud","EndlessBattle"],"picked":"SKIP","floor":4.0},{"not_picked":["Cruelty","SharpSwipe","SuppressingShot","Reload"],"picked":"SKIP","floor":6.0},{"not_picked":["Tailoring","Outburst","Thirst","Rewind"],"picked":"SKIP","floor":7.0},{"not_picked":["DarkCloud","Rewind","SunsetBlade","Diversion"],"picked":"SKIP","floor":8.0},{"not_picked":["FeelinGood","ShrineToMusic","IngredientHunt","ForTheFamily"],"picked":"SKIP","floor":10.0},{"not_picked":["EnergyCycle","ChargeUp","Commandeering","CombatPreparation"],"picked":"SKIP","floor":12.0},{"not_picked":["SpearedSweep","DimensionalRift","Outburst","SunsetBlade"],"picked":"SKIP","floor":13.0},{"not_picked":["BizarreAttack","ForTheFamily","SuppressingShot","CombatPreparation"],"picked":"SKIP","floor":14.0},{"not_picked":["DarkCloud","CombatPreparation","AsThePrescriptOrders","SuppressingShot"],"picked":"SKIP","floor":18.0},{"not_picked":["EndlessBattle","ScratchThat","UpbeatPerformance","DarkCloud"],"picked":"SKIP","floor":19.0},{"not_picked":["Outburst","HighSpeedStabbing","Leap_lor","Tailoring"],"picked":"SKIP","floor":20.0},{"not_picked":["SharpNails+1","SunsetBlade+1","SuppressingShot","Leap_lor"],"picked":"SKIP","floor":21.0},{"not_picked":["Overpower","Rewind","EnergyCycle","Preparation"],"picked":"SKIP","floor":23.0},{"not_picked":["Standoff","DarkCloud","UnforgettableMelody","IllEndYou+1"],"picked":"SKIP","floor":27.0},{"not_picked":["UpbeatPerformance+1","SharpSwipe","Track","TendonChords+1"],"picked":"SKIP","floor":28.0},{"not_picked":["EndlessBattle","TendonChords","GuardingStance","DesperateStruggle"],"picked":"SKIP","floor":29.0},{"not_picked":["Rewind","CircusKnives","GoinFirst","AsThePrescriptOrders"],"picked":"SKIP","floor":31.0},{"not_picked":["WillBeTasty","AsThePrescriptOrders+1","SharpSwipe","BackAttack+1"],"picked":"SKIP","floor":35.0},{"not_picked":["EndlessBattle","ShrineToMusic+1","LoosenUp+1","Reload+1"],"picked":"SKIP","floor":36},{"not_picked":["EnergyCycle+1","CircusKnives","EndlessBattle","Standoff"],"picked":"SKIP","floor":37},{"not_picked":["CircusKnives+1","GuardingStance+1","Reload","Rewind+1"],"picked":"SKIP","floor":38},{"not_picked":["Struggle+1","Guardian_lor","TimeForALittleTest+1","TendonChords+1"],"picked":"SKIP","floor":39},{"not_picked":["ShockingBlow+1","Thirst+1","Feast","Cruelty"],"picked":"SKIP","floor":41},{"not_picked":["WildCard","SunsetBlade","Diversion+1","UpbeatPerformance+1"],"picked":"SKIP","floor":46},{"not_picked":["HardRehearsal+1","Overpower","Standoff","ClassAndRespect"],"picked":"SKIP","floor":47},{"not_picked":["UpbeatPerformance","Punishment","GuardingStance+1","Fence"],"picked":"SKIP","floor":55}],"player_experience":73075,"relics_obtained":[{"floor":5.0,"key":"testmod-IndustrialRevolution"},{"floor":6.0,"key":"Akabeko"},{"floor":12.0,"key":"PreservedInsect"},{"floor":14.0,"key":"Centennial Puzzle"},{"floor":23.0,"key":"testmod-OneHitWonder"},{"floor":26.0,"key":"AT_BellowingDragoncrestRing"},{"floor":27.0,"key":"Bag of Preparation"},{"floor":29.0,"key":"DemoMod:NanoMachines"},{"floor":41,"key":"GodSword1"},{"floor":43,"key":"GodSword7"},{"floor":47,"key":"Potion Belt"},{"floor":55,"key":"Bag of Marbles"}],"event_choices":[{"damage_healed":0.0,"max_hp_gain":0.0,"max_hp_loss":0.0,"gold_gain":200.0,"event_name":"Wheel of Change","player_choice":"Gold","floor":30.0,"gold_loss":0.0,"damage_taken":0.0}],"is_beta":false,"boss_relics":[{"not_picked":["testmod-HarvestTotem","testmod-NegativeEmotionEnhancer"],"picked":"Tiny House"},{"not_picked":["Runic Pyramid","testmod-DeterminationOfClimber"],"picked":"SoulBox"}],"items_purged_floors":[],"is_endless":false,"potions_floor_spawned":[3,4,6,8,12,14,19,23,31,36,38,39,41],"ascension_level":3}}