{"host":"kh6fvhxn285ncg0o","time":1610574321,"event":{"mods":["Act Like it!","BaseMod","Colored Map","Friendly Minions","Keyboard Shortcuts","Minty Spire (QoL Compilation)","Quick Restart","Relic Stats","StSLib","SuperFastMode"],"gold_per_floor":[109,125,125,125,11,46,46,78,78,89,89,89,106,125,125,201,201,213,228,246,246,259,259,209,236,263,283,283,302,328,328,328,328,328],"floor_reached":33,"language":"KOR","playtime":889,"items_purged":["Strike_R"],"score":644,"play_id":"28707a0b-3c1f-4858-96d1-47a9737962fb","local_time":"20210114064521","is_ascension_mode":true,"campfire_choices":[{"data":"Carnage","floor":7,"key":"SMITH"},{"data":"Feed","floor":12,"key":"SMITH"},{"data":"Rage","floor":15,"key":"SMITH"},{"data":"Dark Embrace","floor":23,"key":"SMITH"},{"data":"Immolate","floor":28,"key":"SMITH"},{"floor":32,"key":"REST"}],"circlet_count":0,"master_deck":["AscendersBane","Strike_R","Strike_R","Strike_R","Strike_R","Defend_R","Defend_R","Defend_R","Defend_R","Bash+1","Feed+1","Rage+1","Disarm","Carnage+1","Seeing Red","Battle Trance","Seeing Red","Dark Embrace+1","Immolate+1","Pommel Strike+1","Dual Wield","Battle Trance"],"relics":["Burning Blood","InkBottle","Bronze Scales","Philosopher\u0027s Stone","StrikeDummy","Oddly Smooth Stone","Girya"],"acts_visited":["Exordium","TheCity"],"potions_floor_usage":[6,14,19,20,25,33,33],"damage_taken":[{"damage":2,"enemies":"Cultist","floor":1,"turns":4},{"damage":7,"enemies":"Small Slimes","floor":2,"turns":3},{"damage":25,"enemies":"Lagavulin","floor":6,"turns":5},{"damage":8,"enemies":"Gremlin Nob","floor":8,"turns":3},{"damage":4,"enemies":"Jaw Worm","floor":10,"turns":3},{"damage":23,"enemies":"Large Slime","floor":13,"turns":5},{"damage":7,"enemies":"Looter","floor":14,"turns":3},{"damage":37,"enemies":"Hexaghost","floor":16,"turns":11},{"damage":15,"enemies":"Shell Parasite","floor":18,"turns":4},{"damage":17,"enemies":"2 Thieves","floor":19,"turns":4},{"damage":44,"enemies":"Shelled Parasite and Fungi","floor":20,"turns":4},{"damage":0,"enemies":"Centurion and Healer","floor":22,"turns":6},{"damage":47,"enemies":"Slavers","floor":25,"turns":7},{"damage":2,"enemies":"3 Cultists","floor":27,"turns":3},{"damage":15,"enemies":"Snake Plant","floor":29,"turns":3},{"damage":30,"enemies":"Gremlin Leader","floor":30,"turns":4},{"damage":66,"enemies":"Champ","floor":33,"turns":11}],"seed_played":"6408199291734963874","potions_obtained":[{"floor":1,"key":"Fire Potion"},{"floor":2,"key":"ElixirPotion"},{"floor":13,"key":"BloodPotion"},{"floor":14,"key":"BloodPotion"},{"floor":19,"key":"BloodPotion"},{"floor":20,"key":"SpeedPotion"},{"floor":29,"key":"SpeedPotion"}],"is_trial":false,"path_per_floor":["M","M","?","?","$","E","R","E","T","M","$","R","M","M","R","B",null,"M","M","M","?","M","R","?","E","T","M","R","M","E","?","R","B"],"character_chosen":"IRONCLAD","items_purchased":["Carnage"],"campfire_rested":1,"item_purchase_floors":[5],"current_hp_per_floor":[57,59,59,59,59,43,43,41,41,43,43,43,30,51,51,20,74,69,82,68,68,78,78,78,37,37,45,45,40,20,20,56,0,0],"gold":328,"neow_bonus":"THREE_RARE_CARDS","is_daily":false,"chose_seed":false,"campfire_upgraded":5,"win_rate":0.0,"timestamp":1610574321,"path_taken":["M","M","?","?","?","E","R","E","T","M","$","R","M","M","R","BOSS","M","M","M","?","M","R","?","E","T","?","R","M","E","?","R","BOSS"],"items_purchased_type":["Card"],"build_version":"2020-12-22","purchased_purges":1,"victory":false,"max_hp_per_floor":[78,81,81,81,81,84,84,84,84,84,84,84,88,92,92,92,92,96,100,104,104,108,108,108,108,108,112,112,116,120,120,120,120,120],"relic_stats":{"counters":[17,83],"Bronze Scales":[203],"obtain_stats":[{"Girya":30,"Bronze Scales":8,"Oddly Smooth Stone":26,"Philosopher\u0027s Stone":17,"StrikeDummy":25,"Burning Blood":0,"InkBottle":6},{"Girya":16,"Bronze Scales":4,"Oddly Smooth Stone":13,"Philosopher\u0027s Stone":8,"StrikeDummy":13,"Burning Blood":0,"InkBottle":3},{"Girya":72,"Bronze Scales":15,"Oddly Smooth Stone":62,"Philosopher\u0027s Stone":37,"StrikeDummy":62,"Burning Blood":0,"InkBottle":12}],"Burning Blood":96,"InkBottle":[21]},"card_choices":[{"not_picked":["Fiend Fire","Offering"],"picked":"Feed","floor":0},{"not_picked":["Ghostly Armor","Heavy Blade"],"picked":"Rage","floor":1},{"not_picked":["Shockwave","Searing Blow"],"picked":"Disarm","floor":2},{"not_picked":["Thunderclap","Bloodletting"],"picked":"Seeing Red","floor":6},{"not_picked":["True Grit","Headbutt"],"picked":"Battle Trance","floor":10},{"not_picked":["Blood for Blood","Searing Blow"],"picked":"Seeing Red","floor":13},{"not_picked":["Warcry","Clothesline","Headbutt"],"picked":"SKIP","floor":14},{"not_picked":["Wild Strike","Warcry","Cleave"],"picked":"SKIP","floor":18},{"not_picked":["Entrench","Armaments"],"picked":"Dark Embrace","floor":19},{"not_picked":["Heavy Blade","Rage","Clash"],"picked":"SKIP","floor":20},{"not_picked":["Heavy Blade","Rage","Clash"],"picked":"SKIP","floor":20},{"not_picked":["Armaments","Bloodletting","Sever Soul"],"picked":"SKIP","floor":22},{"not_picked":["Rampage","Dropkick"],"picked":"Immolate","floor":25},{"not_picked":["Clash","Perfected Strike"],"picked":"Pommel Strike+1","floor":27},{"not_picked":["Flex+1","Clash"],"picked":"Dual Wield","floor":29},{"not_picked":["Flex","Inflame"],"picked":"Battle Trance","floor":30}],"player_experience":3436840,"relics_obtained":[{"floor":6,"key":"InkBottle"},{"floor":8,"key":"Bronze Scales"},{"floor":25,"key":"StrikeDummy"},{"floor":26,"key":"Oddly Smooth Stone"},{"floor":30,"key":"Girya"}],"event_choices":[{"damage_healed":0,"gold_gain":0,"player_choice":"Ignored","damage_taken":0,"max_hp_gain":0,"max_hp_loss":0,"event_name":"Liars Game","floor":3,"gold_loss":0},{"damage_healed":0,"gold_gain":0,"player_choice":"Grow","damage_taken":0,"max_hp_gain":0,"max_hp_loss":0,"event_name":"Living Wall","floor":4,"gold_loss":0,"cards_upgraded":["Bash"]},{"damage_healed":0,"gold_gain":0,"player_choice":"Ignored","damage_taken":0,"max_hp_gain":0,"max_hp_loss":0,"event_name":"The Mausoleum","floor":21,"gold_loss":0},{"damage_healed":0,"gold_gain":0,"player_choice":"Bet on Owner","damage_taken":0,"max_hp_gain":0,"max_hp_loss":0,"event_name":"The Joust","floor":24,"gold_loss":50},{"damage_healed":0,"gold_gain":0,"player_choice":"Ignored","damage_taken":0,"max_hp_gain":0,"max_hp_loss":0,"event_name":"Cursed Tome","floor":31,"gold_loss":0}],"is_beta":false,"boss_relics":[{"not_picked":["Astrolabe","Tiny House"],"picked":"Philosopher\u0027s Stone"}],"items_purged_floors":[5],"is_endless":false,"potions_floor_spawned":[1,2,13,14,19,20,29],"killed_by":"Champ","ascension_level":20}}