{"host":"Ian","time":1610545138,"event":{"mods":["BaseMod","Bestiary","Block Reminder","Colored Map","Highlight Path","Key Reminder","Minty Spire (QoL Compilation)","Relic Stats"],"gold_per_floor":[119,137,154,173,187,187,221,238,320,55,66,66,95,106,106,179,179,190,190,190,208,227,255,255,287,333,333,333],"floor_reached":27,"language":"ENG","playtime":1293,"items_purged":[],"score":634,"play_id":"ba4b3558-7092-4092-a07e-0be409169cf9","local_time":"20210113133858","is_ascension_mode":true,"campfire_choices":[{"floor":6,"key":"REST"},{"data":"Barricade","floor":12,"key":"SMITH"},{"floor":15,"key":"REST"},{"floor":24,"key":"REST"}],"circlet_count":0,"master_deck":["AscendersBane","Bash","Seeing Red","Headbutt","Twin Strike","Bludgeon","Second Wind","Berserk","Barricade+1","Fiend Fire","Double Tap","Iron Wave","Disarm","Armaments","Power Through","Feel No Pain+1","Purity","Armaments","Dark Embrace+1","Battle Trance","Feed","Fire Breathing+1"],"relics":["Pandora\u0027s Box","Frozen Egg 2","keyreminder:keyreminder","Membership Card","CaptainsWheel","Velvet Choker","Magic Flower","Dream Catcher","Red Skull"],"acts_visited":["Exordium","TheCity"],"potions_floor_usage":[5,11,13,23],"damage_taken":[{"damage":6,"enemies":"2 Louse","floor":1,"turns":2},{"damage":12,"enemies":"Jaw Worm","floor":2,"turns":2},{"damage":8,"enemies":"Small Slimes","floor":3,"turns":3},{"damage":0,"enemies":"2 Fungi Beasts","floor":4,"turns":2},{"damage":12,"enemies":"Exordium Wildlife","floor":5,"turns":2},{"damage":25,"enemies":"3 Sentries","floor":7,"turns":9},{"damage":9,"enemies":"Large Slime","floor":8,"turns":3},{"damage":4,"enemies":"Looter","floor":11,"turns":2},{"damage":10,"enemies":"Gremlin Nob","floor":13,"turns":5},{"damage":11,"enemies":"Gremlin Gang","floor":14,"turns":7},{"damage":0,"enemies":"Slime Boss","floor":16,"turns":8},{"damage":0,"enemies":"Chosen","floor":18,"turns":7},{"damage":12,"enemies":"Shell Parasite","floor":21,"turns":7},{"damage":19,"enemies":"Snake Plant","floor":22,"turns":7},{"damage":9,"enemies":"Book of Stabbing","floor":23,"turns":6},{"damage":58,"enemies":"Gremlin Leader","floor":25,"turns":7},{"damage":10,"enemies":"Book of Stabbing","floor":27,"turns":1}],"seed_played":"8127130209288572199","potions_obtained":[{"floor":2,"key":"DistilledChaos"},{"floor":3,"key":"Dexterity Potion"},{"floor":5,"key":"Swift Potion"},{"floor":8,"key":"Regen Potion"},{"floor":14,"key":"DuplicationPotion"},{"floor":21,"key":"CultistPotion"},{"floor":23,"key":"SteroidPotion"}],"is_trial":false,"path_per_floor":["M","M","M","M","M","R","E","M","T","$","M","R","E","M","R","B",null,"M","?","?","M","M","E","R","E","T","E"],"character_chosen":"IRONCLAD","items_purchased":["Membership Card","Feel No Pain+1","Purity","Armaments"],"campfire_rested":3,"item_purchase_floors":[10,10,10,10],"current_hp_per_floor":[62,50,42,42,30,52,27,18,18,18,14,14,18,7,29,29,64,68,68,68,60,44,38,64,6,6,0,0],"gold":333,"neow_bonus":"BOSS_RELIC","is_daily":false,"chose_seed":false,"campfire_upgraded":1,"win_rate":0.0,"timestamp":1610545138,"path_taken":["M","M","M","M","M","R","E","M","T","$","M","R","E","M","R","BOSS","M","?","?","M","M","E","R","E","T","E"],"items_purchased_type":["Relic","Card","Card","Card"],"build_version":"2020-12-18","purchased_purges":0,"victory":false,"max_hp_per_floor":[75,75,75,75,75,75,75,75,75,75,75,75,75,75,75,75,75,79,79,79,83,86,89,89,89,89,89,89],"relic_stats":{"Dream Catcher":0,"counters":[17,80],"Magic Flower":[0],"Pandora\u0027s Box":["Seeing Red","Headbutt","Twin Strike","Bludgeon","Second Wind","Berserk","Barricade","Fiend Fire","Double Tap"],"obtain_stats":[{"keyreminder:keyreminder":9,"CaptainsWheel":13,"Dream Catcher":25,"Velvet Choker":17,"Magic Flower":23,"Pandora\u0027s Box":0,"Membership Card":10,"Frozen Egg 2":7,"Burning Blood":0,"Red Skull":26},{"keyreminder:keyreminder":7,"CaptainsWheel":9,"Dream Catcher":16,"Velvet Choker":11,"Magic Flower":15,"Pandora\u0027s Box":0,"Membership Card":7,"Frozen Egg 2":6,"Burning Blood":0,"Red Skull":16},{"keyreminder:keyreminder":23,"CaptainsWheel":30,"Dream Catcher":79,"Velvet Choker":45,"Magic Flower":72,"Pandora\u0027s Box":0,"Membership Card":23,"Frozen Egg 2":20,"Burning Blood":0,"Red Skull":79}]},"card_choices":[{"not_picked":["Twin Strike","Clash","Pommel Strike"],"picked":"SKIP","floor":1},{"not_picked":["Intimidate","Barricade"],"picked":"Iron Wave","floor":2},{"not_picked":["Rupture","Sever Soul"],"picked":"Disarm","floor":3},{"not_picked":["Heavy Blade","Cleave","Clash"],"picked":"SKIP","floor":4},{"not_picked":["Shockwave","Cleave","Combust"],"picked":"SKIP","floor":5},{"not_picked":["Twin Strike","Headbutt"],"picked":"Armaments","floor":7},{"not_picked":["Pommel Strike","Sever Soul"],"picked":"Power Through","floor":8},{"not_picked":["Body Slam","Blood for Blood"],"picked":"Dark Embrace+1","floor":11},{"not_picked":["Uppercut","Brutality+1","Cleave"],"picked":"SKIP","floor":13},{"not_picked":["Iron Wave","Heavy Blade"],"picked":"Battle Trance","floor":14},{"not_picked":["Double Tap","Bludgeon"],"picked":"Feed","floor":16},{"not_picked":["Iron Wave","Twin Strike","Armaments"],"picked":"SKIP","floor":18},{"not_picked":["Rupture+1","Cleave","Havoc"],"picked":"SKIP","floor":21},{"not_picked":["Ghostly Armor","Combust+1","True Grit"],"picked":"SKIP","floor":22},{"not_picked":["Bloodletting","Second Wind"],"picked":"Fire Breathing+1","floor":23},{"not_picked":["Iron Wave","Perfected Strike","Anger"],"picked":"SKIP","floor":25}],"player_experience":2678815,"relics_obtained":[{"floor":7,"key":"Frozen Egg 2"},{"floor":13,"key":"CaptainsWheel"},{"floor":23,"key":"Magic Flower"},{"floor":25,"key":"Dream Catcher"},{"floor":26,"key":"Red Skull"}],"event_choices":[{"damage_healed":0,"gold_gain":0,"player_choice":"Ignored","damage_taken":0,"max_hp_gain":0,"max_hp_loss":0,"event_name":"Beggar","floor":19,"gold_loss":0},{"damage_healed":0,"gold_gain":0,"player_choice":"Ignored","damage_taken":0,"max_hp_gain":0,"max_hp_loss":0,"event_name":"The Mausoleum","floor":20,"gold_loss":0}],"is_beta":true,"boss_relics":[{"not_picked":["Snecko Eye","SacredBark"],"picked":"Velvet Choker"}],"items_purged_floors":[],"is_endless":false,"potions_floor_spawned":[2,3,5,8,14,21,23],"killed_by":"Book of Stabbing","ascension_level":20}}