{"host":"rrijuq6t336nf2aj","time":1610567072,"event":{"mods":["BaseMod","Colored Map","Colored Powertips","Curses Come First","DeckTracker","Googly Eyes","Minty Spire (QoL Compilation)","Quick Restart","StSLib","The Marked"],"gold_per_floor":[113,130,130,130,146,146,158,233,233,248,248,198,217,22,22,117,117,133,133,148,160,174,174,89,104,129,156,156,156,156,81,81,182,182,201,252,320,15,26,55,55,71,71,71,85,85,85,101,101,101],"floor_reached":51,"language":"ENG","playtime":1976,"items_purged":["theMarked:Strike"],"score":712,"play_id":"de39f03d-d804-4a4b-83a1-6240bacb1d5c","local_time":"20210113194432","is_ascension_mode":false,"campfire_choices":[{"data":"theMarked:SoldierOfQuellstein","floor":6,"key":"SMITH"},{"data":"theMarked:EnhanceMovement","floor":11,"key":"SMITH"},{"data":"theMarked:Electrocute","floor":15,"key":"SMITH"},{"floor":23,"key":"REST"},{"floor":28,"key":"REST"},{"floor":32,"key":"REST"},{"floor":41,"key":"REST"},{"floor":44,"key":"REST"},{"floor":49,"key":"REST"}],"circlet_count":0,"master_deck":["theMarked:Defend+1","theMarked:Defend+1","theMarked:Defend+1","theMarked:SoldierOfQuellstein+1","theMarked:EnhanceMovement+1","theMarked:Electrocute+1","theMarked:ResourceFulStrike+1","theMarked:Static+1","theMarked:MaelstromOfLightning+1","theMarked:PowerFlow+1","theMarked:EmpowerWeapon+1","theMarked:MysticalArsenal+1","theMarked:BindingBlade+1","theMarked:Frustration+1","theMarked:EmpowerWeapon+1","theMarked:ResourceFulStrike+1","theMarked:Static+1","theMarked:SwordAndMagic+1","theMarked:HeritageOfTheMarked+1","theMarked:EternalStudent+1","theMarked:Polarize+1","theMarked:UnarmedFury+1","theMarked:EnhanceMovement+1","theMarked:SwordAndMagic+1","theMarked:ElementalBlade+1","theMarked:EnhanceMovement+1","Parasite","theMarked:Seal+1"],"relics":["Runic Dome","Letter Opener","Gremlin Horn","Fusion Hammer","Lizard Tail","Regal Pillow","Shuriken","Bottled Flame","Astrolabe","FossilizedHelix","White Beast Statue","theMarked:DemonDagger","Blood Vial","TungstenRod","Ornamental Fan","Mark of the Bloom"],"acts_visited":["Exordium","TheCity","TheBeyond"],"potions_floor_usage":[16,36,39,40,40,50,50],"damage_taken":[{"damage":2,"enemies":"Small Slimes","floor":1,"turns":3},{"damage":6,"enemies":"Cultist","floor":2,"turns":4},{"damage":7,"enemies":"2 Louse","floor":5,"turns":3},{"damage":5,"enemies":"Lots of Slimes","floor":7,"turns":3},{"damage":1,"enemies":"3 Louse","floor":10,"turns":3},{"damage":5,"enemies":"Looter","floor":13,"turns":2},{"damage":39,"enemies":"Hexaghost","floor":16,"turns":9},{"damage":7,"enemies":"Shell Parasite","floor":18,"turns":3},{"damage":10,"enemies":"Spheric Guardian","floor":20,"turns":3},{"damage":2,"enemies":"Cultist and Chosen","floor":21,"turns":3},{"damage":0,"enemies":"Snecko","floor":22,"turns":3},{"damage":3,"enemies":"Centurion and Healer","floor":25,"turns":3},{"damage":7,"enemies":"Slavers","floor":27,"turns":2},{"damage":71,"enemies":"Champ","floor":33,"turns":6},{"damage":10,"enemies":"Orb Walker","floor":35,"turns":2},{"damage":45,"enemies":"2 Orb Walkers","floor":36,"turns":3},{"damage":2,"enemies":"3 Shapes","floor":39,"turns":3},{"damage":60,"enemies":"Reptomancer","floor":40,"turns":5},{"damage":0,"enemies":"Writhing Mass","floor":42,"turns":3},{"damage":0,"enemies":"Transient","floor":45,"turns":5},{"damage":0,"enemies":"4 Shapes","floor":48,"turns":2},{"damage":65,"enemies":"Awakened One","floor":50,"turns":7}],"seed_played":"3093523639850533533","potions_obtained":[{"floor":1,"key":"Weak Potion"},{"floor":13,"key":"DuplicationPotion"},{"floor":20,"key":"PowerPotion"},{"floor":21,"key":"Strength Potion"},{"floor":27,"key":"Energy Potion"},{"floor":39,"key":"Fire Potion"},{"floor":40,"key":"FairyPotion"},{"floor":42,"key":"PowerPotion"},{"floor":45,"key":"Weak Potion"}],"is_trial":false,"path_per_floor":["M","M","?","?","M","R","M","?","T","M","R","?","M","$","R","B",null,"M","?","M","M","M","R","?","M","T","E","R","T","?","?","R","B",null,"M","?","T","$","M","E","R","M","T","R","M","?","?","M","R","B",null],"character_chosen":"THE_DEFAULT","items_purchased":["theMarked:EmpowerWeapon","theMarked:MysticalArsenal","theMarked:DemonDagger","Blood Vial"],"campfire_rested":6,"item_purchase_floors":[14,14,38,38],"current_hp_per_floor":[68,62,67,67,60,60,55,48,48,47,47,47,42,42,42,3,75,68,68,58,56,56,75,75,72,72,65,75,75,75,75,75,4,75,65,20,20,20,20,7,44,46,46,75,75,75,71,71,71,6],"gold":101,"neow_bonus":"BOSS_RELIC","is_daily":false,"chose_seed":false,"campfire_upgraded":3,"win_rate":0.0,"timestamp":1610567072,"path_taken":["M","M","?","?","M","R","?","?","T","?","R","?","M","$","R","BOSS","M","?","M","?","M","R","?","M","T","E","R","?","?","?","R","BOSS","M","?","?","$","M","E","R","M","T","R","?","?","?","M","R","BOSS"],"items_purchased_type":["Card","Card","Relic","Relic"],"build_version":"2020-12-22","purchased_purges":1,"victory":true,"max_hp_per_floor":[70,70,75,75,75,75,75,75,75,75,75,75,75,75,75,75,75,75,75,75,75,75,75,75,75,75,75,75,75,75,75,75,75,75,75,75,75,75,75,75,75,75,75,75,75,75,71,71,71,71],"card_choices":[{"not_picked":["theMarked:ElectricStrings","theMarked:WastefulAttack"],"picked":"theMarked:EnhanceMovement","floor":1},{"not_picked":["theMarked:BanishingStrike","theMarked:ResourceFulStrike"],"picked":"theMarked:Electrocute","floor":2},{"not_picked":["theMarked:ElectricStrings","theMarked:WastefulDefense"],"picked":"theMarked:ResourceFulStrike","floor":5},{"not_picked":["theMarked:Parkour","theMarked:Parry"],"picked":"theMarked:Static","floor":7},{"not_picked":["theMarked:WastefulAttack","theMarked:DeterminationOfTheMarked"],"picked":"theMarked:MaelstromOfLightning","floor":10},{"not_picked":["theMarked:Convert","theMarked:Parry"],"picked":"theMarked:PowerFlow","floor":13},{"not_picked":["theMarked:Levitate","theMarked:FavorableWinds"],"picked":"theMarked:BindingBlade","floor":16},{"not_picked":["theMarked:WastefulAttack","theMarked:ResourceFulStrike"],"picked":"theMarked:Frustration+1","floor":18},{"not_picked":["theMarked:ChainLightning","theMarked:Parkour","theMarked:Improvise"],"picked":"SKIP","floor":20},{"not_picked":["theMarked:Aftermath+1","theMarked:ChainLightning+1"],"picked":"theMarked:EmpowerWeapon","floor":21},{"not_picked":["theMarked:LightningStrikesTwice","theMarked:TwofoldDefense"],"picked":"theMarked:ResourceFulStrike+1","floor":22},{"not_picked":["theMarked:ReduceFriction","theMarked:SelfDefenseTraining+1"],"picked":"theMarked:Static+1","floor":25},{"not_picked":["theMarked:BanishingStrike","theMarked:Vacuum"],"picked":"theMarked:SwordAndMagic","floor":27},{"not_picked":["theMarked:MuscleMemory","theMarked:Vacuum"],"picked":"theMarked:EternalStudent","floor":33},{"not_picked":["theMarked:ResourceFulStrike+1","theMarked:BanishingStrike","theMarked:Static"],"picked":"SKIP","floor":35},{"not_picked":["theMarked:Electrocute+1","theMarked:ThrowWeapon"],"picked":"theMarked:SwordAndMagic","floor":36},{"not_picked":["theMarked:Static","theMarked:EmpowerWeapon"],"picked":"theMarked:ElementalBlade","floor":39},{"not_picked":["theMarked:WastefulAttack","theMarked:Parkour+1"],"picked":"theMarked:EnhanceMovement+1","floor":40},{"not_picked":["theMarked:ResourceFulStrike","theMarked:BanishingStrike","theMarked:Convert+1"],"picked":"SKIP","floor":42},{"not_picked":["theMarked:KeepCalmAndFightOn","theMarked:ChainLightning"],"picked":"theMarked:Seal+1","floor":45},{"not_picked":["theMarked:Standoff","theMarked:ContemptForTheProud+1","theMarked:WastefulDefense"],"picked":"SKIP","floor":48}],"player_experience":0,"relics_obtained":[{"floor":9,"key":"Gremlin Horn"},{"floor":26,"key":"Regal Pillow"},{"floor":27,"key":"Shuriken"},{"floor":29,"key":"Bottled Flame"},{"floor":36,"key":"FossilizedHelix"},{"floor":37,"key":"White Beast Statue"},{"floor":40,"key":"TungstenRod"},{"floor":43,"key":"Ornamental Fan"}],"event_choices":[{"damage_healed":0,"gold_gain":0,"player_choice":"Donut","damage_taken":0,"max_hp_gain":5,"max_hp_loss":0,"event_name":"Big Fish","floor":3,"gold_loss":0},{"damage_healed":0,"gold_gain":0,"player_choice":"Gave Potion","damage_taken":0,"relics_obtained":["Letter Opener"],"max_hp_gain":0,"max_hp_loss":0,"event_name":"WeMeetAgain","floor":4,"gold_loss":0},{"damage_healed":0,"gold_gain":75,"player_choice":"Touch","damage_taken":7,"max_hp_gain":0,"max_hp_loss":0,"event_name":"FaceTrader","floor":8,"gold_loss":0},{"cards_removed":["theMarked:Strike"],"damage_healed":0,"gold_gain":0,"player_choice":"Card Removal","damage_taken":0,"max_hp_gain":0,"max_hp_loss":0,"event_name":"The Cleric","floor":12,"gold_loss":50},{"damage_healed":0,"gold_gain":0,"player_choice":"Upgraded","damage_taken":0,"max_hp_gain":0,"max_hp_loss":0,"event_name":"Upgrade Shrine","floor":19,"gold_loss":0,"cards_upgraded":["theMarked:EmpowerWeapon"]},{"damage_healed":0,"gold_gain":0,"player_choice":"Obtained Relic","damage_taken":0,"relics_obtained":["Lizard Tail"],"max_hp_gain":0,"max_hp_loss":0,"event_name":"Addict","floor":24,"gold_loss":85},{"damage_healed":0,"gold_gain":0,"player_choice":"Read","damage_taken":0,"max_hp_gain":0,"max_hp_loss":0,"event_name":"The Library","floor":30,"gold_loss":0,"cards_obtained":["theMarked:HeritageOfTheMarked"]},{"cards_removed":["theMarked:Strike"],"damage_healed":0,"gold_gain":0,"player_choice":"Gave Gold","damage_taken":0,"max_hp_gain":0,"max_hp_loss":0,"event_name":"Beggar","floor":31,"gold_loss":75},{"damage_healed":0,"gold_gain":0,"player_choice":"Fight","damage_taken":0,"max_hp_gain":0,"max_hp_loss":0,"event_name":"Mysterious Sphere","floor":36,"gold_loss":0},{"damage_healed":0,"gold_gain":0,"player_choice":"Upgrade","damage_taken":0,"relics_obtained":["Mark of the Bloom"],"max_hp_gain":0,"max_hp_loss":0,"event_name":"MindBloom","floor":46,"gold_loss":0,"cards_upgraded":["theMarked:Defend","theMarked:Defend","theMarked:Defend","theMarked:ResourceFulStrike","theMarked:Static","theMarked:MaelstromOfLightning","theMarked:PowerFlow","theMarked:MysticalArsenal","theMarked:BindingBlade","theMarked:EmpowerWeapon","theMarked:SwordAndMagic","theMarked:HeritageOfTheMarked","theMarked:EternalStudent","theMarked:SwordAndMagic","theMarked:ElementalBlade"]},{"damage_healed":0,"gold_gain":0,"player_choice":"Max HP","damage_taken":0,"max_hp_gain":0,"max_hp_loss":4,"event_name":"Winding Halls","floor":47,"gold_loss":0}],"is_beta":false,"boss_relics":[{"not_picked":["Snecko Eye","Busted Crown"],"picked":"Fusion Hammer"},{"not_picked":["Velvet Choker","Coffee Dripper"],"picked":"Astrolabe"}],"items_purged_floors":[14],"is_endless":false,"potions_floor_spawned":[1,13,20,21,27,33,35,39,40,42,45,48],"ascension_level":0}}