{"host":"ik8ww1p4uabx5gam","time":1610547394,"event":{"mods":["Always Whale","Aspiration","BaseMod","Beaked The Cultist","Better Third Choice","BetterRewards","Colored Map","Colored Powertips","Conspire","Energized Spire","FetchMod","GifTheSpireLib","Hubris","Infinite Spire","Ironclad Rager","Jedi Mod","Minty Spire (QoL Compilation)","Random Character Button","Replay The Spire","Shop Mod","Spicy Shops","Spikes Relics","StSLib","Stuff the Spire","The Bladedancer","The Blue Laboratory","The Dragon Tamer","The Runesmith","Wandering Minibosses","??????REMEMod"],"gold_per_floor":[110,18,18,31,42,142,142,274,274,274,394,406,406,419,419,524,524,540,540,555,555,555,683,694,794,821,414,434,448,584,595,595,698,698,708,263,263],"floor_reached":36,"language":"ENG","playtime":2197,"items_purged":["CommonCold"],"score":621,"play_id":"205bc02b-1339-4538-b5e5-83e572ba5722","local_time":"20210113081634","is_ascension_mode":true,"campfire_choices":[{"data":"beaked:MimicWarrior","floor":10,"key":"SMITH"},{"data":"ReplayTheSpireMod:Wings of Steel","floor":13,"key":"SMITH"},{"data":"Deep Breath","floor":15,"key":"SMITH"},{"data":"beaked:RitualOfBody","floor":32,"key":"SMITH"}],"circlet_count":0,"master_deck":["beaked:Strike_Y","beaked:Strike_Y","beaked:Strike_Y","beaked:Strike_Y","beaked:Strike_Y","beaked:Strike_Y","beaked:Defend_Y","beaked:Defend_Y","beaked:Defend_Y","beaked:Defend_Y","beaked:Ceremony","beaked:Ceremony","beaked:Ceremony","After Image+1","ReplayTheSpireMod:Wings of Steel+1","Deep Breath+1","beaked:BraceForImpact+1","beaked:FullHouse","beaked:MimicWarrior+1","ReplayTheSpireMod:Prepare the Ceremony+1","beaked:TuckingFeathers+1","beaked:BraceForImpact+1","beaked:VolatileMisfortune","beaked:CrazyRituals","beaked:Overexert+1","J.A.X.+1","beaked:BounceBack+1","beaked:Insight","beaked:Insight","beaked:RitualOfBody+1","beaked:FullHouse+1","Panache"],"relics":["beaked:MendingPlumage","REME_ComplimentaryCards","StuffTheSpire:TintedRock","StuffTheSpire:Wildfire","jedi:crownofsimplicity","hubris:CrystalStatue","Toxic Egg 2","jedi:paperlyon","Ring of Hypnosis","ReplayTheSpireMod:Ring of Exchange","jedi:leech","hubris:Teleporter","Replay:Mystery Machine","Thread and Needle","Letter Opener","REME_HourglassOfDeath"],"acts_visited":["Exordium","TheCity","TheBeyond"],"potions_floor_usage":[11,33,36,36],"damage_taken":[{"damage":9,"enemies":"Jaw Worm","floor":1,"turns":5},{"damage":0,"enemies":"conspire:RoseBush","floor":4,"turns":5},{"damage":6,"enemies":"Small Slimes","floor":5,"turns":7},{"damage":7,"enemies":"Lagavulin","floor":6,"turns":8},{"damage":16,"enemies":"Replay:BlueRogue","floor":8,"turns":8},{"damage":7,"enemies":"Gremlin Nob","floor":11,"turns":4},{"damage":9,"enemies":"Blue Slaver","floor":12,"turns":3},{"damage":3,"enemies":"3 Louse","floor":14,"turns":3},{"damage":0,"enemies":"Fading Forest","floor":16,"turns":10},{"damage":0,"enemies":"Shell Parasite","floor":18,"turns":4},{"damage":0,"enemies":"Chosen","floor":20,"turns":4},{"damage":3,"enemies":"conspire:SneckoGhost","floor":23,"turns":6},{"damage":2,"enemies":"3 Cultists","floor":24,"turns":4},{"damage":49,"enemies":"Slavers","floor":25,"turns":6},{"damage":5,"enemies":"conspire:HollyBat","floor":28,"turns":6},{"damage":7,"enemies":"Snake Plant","floor":29,"turns":7},{"damage":42,"enemies":"Gremlin Leader","floor":30,"turns":5},{"damage":6,"enemies":"Cultist and Chosen","floor":31,"turns":5},{"damage":15,"enemies":"conspire:MysteriousRune","floor":33,"turns":7},{"damage":12,"enemies":"3 Shapes","floor":35,"turns":5},{"damage":88,"enemies":"hubris:Merchant","floor":36,"turns":6}],"seed_played":"-2525667148834375494","potions_obtained":[{"floor":1,"key":"AttackPotion"},{"floor":6,"key":"blueLaboratory:BottledHope"},{"floor":12,"key":"blueLaboratory:EnragingPotion"},{"floor":14,"key":"blueLaboratory:TrueEctoplasm"},{"floor":16,"key":"blueLaboratory:Moonshine"},{"floor":20,"key":"CultistPotion"},{"floor":30,"key":"SkillPotion"},{"floor":33,"key":"Fruit Juice"}],"is_trial":false,"path_per_floor":["M","$","?","M","M","E","?","E","T","R","E","M","R","M","R","B",null,"M","?","M","?","?","E","M","E","T","$","M","M","E","M","R","B",null,"M","$"],"character_chosen":"BEAKED_THE_CULTIST","items_purchased":["Deep Breath","Thread and Needle","beaked:Insight","REME_HourglassOfDeath","Panache"],"campfire_rested":0,"item_purchase_floors":[2,27,27,36,36],"current_hp_per_floor":[50,50,55,55,55,51,40,46,46,46,55,55,55,58,58,58,58,58,48,63,63,63,63,63,52,52,52,63,63,42,63,63,62,63,63,0,0],"gold":263,"neow_bonus":"RANDOM_COMMON_RELIC","is_daily":false,"chose_seed":false,"campfire_upgraded":4,"win_rate":0.0,"timestamp":1610547394,"path_taken":["M","$","?","M","M","E","?","E","T","R","E","M","R","?","R","BOSS","M","?","M","?","?","E","M","E","T","?","M","?","E","M","R","BOSS","M","$"],"items_purchased_type":["Card","Relic","Card","Relic","Card"],"build_version":"2020-12-22","purchased_purges":1,"victory":false,"max_hp_per_floor":[50,50,55,55,55,55,55,55,55,55,55,55,55,58,58,58,58,58,63,63,63,63,63,63,63,63,63,63,63,63,63,63,63,63,63,68,68],"card_choices":[{"not_picked":["beaked:BloodRitual","beaked:Daydream"],"picked":"ReplayTheSpireMod:Wings of Steel","floor":1},{"not_picked":["beaked:Resilience","beaked:CursingBlood"],"picked":"beaked:BraceForImpact","floor":4},{"not_picked":["ReplayTheSpireMod:RavenHex","beaked:Tradeoff","beaked:Devastation"],"picked":"SKIP","floor":5},{"not_picked":["beaked:Windmill","beaked:RuinSticks"],"picked":"beaked:FullHouse","floor":6},{"not_picked":["beaked:RuinSticks","beaked:BarbedWire"],"picked":"beaked:MimicWarrior","floor":8},{"not_picked":["beaked:SurvivalInstinct+1","beaked:StunningBlow"],"picked":"ReplayTheSpireMod:Prepare the Ceremony+1","floor":11},{"not_picked":["beaked:BraceForImpact+1","beaked:Redirect+1"],"picked":"beaked:TuckingFeathers+1","floor":12},{"not_picked":["beaked:Hexing","beaked:Redirect+1"],"picked":"beaked:BraceForImpact+1","floor":14},{"not_picked":["beaked:ShadowFade+1","beaked:DarkTribute+1"],"picked":"beaked:VolatileMisfortune","floor":16},{"not_picked":["beaked:SurvivalInstinct+1","beaked:DesperateSwing"],"picked":"beaked:CrazyRituals","floor":18},{"not_picked":["beaked:Redirect+1","beaked:WarriorEssence+1"],"picked":"beaked:Overexert+1","floor":20},{"not_picked":["beaked:VigorBurst+1","beaked:Sacrifice","beaked:Redirect+1"],"picked":"SKIP","floor":23},{"not_picked":["beaked:Pecker","beaked:Evade+1","beaked:HuntressSpirit+1"],"picked":"SKIP","floor":24},{"not_picked":["beaked:Evade+1","beaked:WarriorEssence"],"picked":"beaked:BounceBack+1","floor":25},{"not_picked":["beaked:SurvivalInstinct+1","beaked:DarkTribute+1"],"picked":"beaked:RitualOfBody","floor":28},{"not_picked":["beaked:WarriorEssence","beaked:Tradeoff+1","beaked:Flinch+1"],"picked":"SKIP","floor":29},{"not_picked":["beaked:CursingBlood+1","beaked:Tweet+1","beaked:BraceForImpact+1"],"picked":"SKIP","floor":30},{"not_picked":["beaked:MachineSpirit+1","beaked:Foresight+1","beaked:Evade+1"],"picked":"SKIP","floor":31},{"not_picked":["beaked:WildInstinct","beaked:Sacrifice"],"picked":"beaked:FullHouse+1","floor":33},{"not_picked":["beaked:VigorBurst+1","beaked:HuntressSpirit+1","beaked:Hexing"],"picked":"SKIP","floor":35}],"player_experience":1026710,"relics_obtained":[{"floor":6,"key":"StuffTheSpire:Wildfire"},{"floor":8,"key":"jedi:crownofsimplicity"},{"floor":9,"key":"hubris:CrystalStatue"},{"floor":11,"key":"Toxic Egg 2"},{"floor":22,"key":"Ring of Hypnosis"},{"floor":22,"key":"ReplayTheSpireMod:Ring of Exchange"},{"floor":23,"key":"jedi:leech"},{"floor":25,"key":"hubris:Teleporter"},{"floor":26,"key":"Replay:Mystery Machine"},{"floor":30,"key":"Letter Opener"}],"event_choices":[{"damage_healed":0,"gold_gain":0,"player_choice":"Donut","damage_taken":0,"max_hp_gain":5,"max_hp_loss":0,"event_name":"Big Fish","floor":3,"gold_loss":0},{"damage_healed":51,"gold_gain":0,"player_choice":"Upgrade","damage_taken":11,"max_hp_gain":0,"max_hp_loss":55,"event_name":"betterThird:BetterShining","floor":7,"gold_loss":0,"cards_upgraded":["After Image","beaked:BraceForImpact"]},{"damage_healed":0,"gold_gain":0,"player_choice":"Shed Blood","damage_taken":15,"max_hp_gain":5,"max_hp_loss":0,"event_name":"Forgotten Altar","floor":19,"gold_loss":0},{"damage_healed":0,"gold_gain":0,"player_choice":"Obtain J.A.X.","damage_taken":0,"max_hp_gain":0,"max_hp_loss":0,"event_name":"Drug Dealer","floor":21,"gold_loss":0,"cards_obtained":["J.A.X."]}],"is_beta":false,"boss_relics":[{"not_picked":["conspire:RunicOctahedron","aspiration:DefectSkillbook"],"picked":"jedi:paperlyon"},{"not_picked":[]}],"items_purged_floors":[27],"is_endless":false,"potions_floor_spawned":[1,6,12,14,16,20,23,28,30,33],"killed_by":"hubris:Merchant","ascension_level":1}}