{"host":"v5j5rnxu2olnd6jo","time":1610559627,"event":{"mods":["BaseMod","Custom Start","DeckTracker","Keyboard Shortcuts","Minty Spire (QoL Compilation)","Permanent Neow","Quick Restart","StSLib","SuperFastMode"],"gold_per_floor":[110,125,145,145,145,145,145,66,66,78,78,91,117,132,132,203,203,222,147,147,104,114,114,114,114,114,132,152,52,83,97,97,176,176,194,214,43,43,56,56,88,100,100,71,82,82,82,107,107,107,107,107,107,107,141,141],"floor_reached":57,"language":"KOR","playtime":3385,"items_purged":["Demon Form","Pain"],"score":2829,"play_id":"fdf533bb-8032-4c5a-9be1-5a14d7774ae9","local_time":"20210114024027","is_ascension_mode":true,"campfire_choices":[{"data":"Apotheosis","floor":6.0,"key":"SMITH"},{"data":"Feel No Pain","floor":11.0,"key":"SMITH"},{"data":"Infernal Blade","floor":15.0,"key":"SMITH"},{"data":"Burning Pact","floor":23,"key":"SMITH"},{"data":"Barricade","floor":25,"key":"SMITH"},{"data":"Battle Trance","floor":32,"key":"SMITH"},{"data":"Offering","floor":40,"key":"SMITH"},{"floor":46,"key":"RECALL"},{"data":"Battle Trance","floor":49,"key":"SMITH"},{"data":"Feel No Pain","floor":53,"key":"SMITH"}],"circlet_count":0,"master_deck":["AscendersBane","Bash","Apotheosis+1","Second Wind","Shockwave","Spot Weakness","Feel No Pain+1","Infernal Blade+1","Fiend Fire","Limit Break","Battle Trance+1","Blood for Blood","Disarm","Feel No Pain+1","Barricade+1","Rupture","Battle Trance+1","Burning Pact+1","Offering+1","True Grit+1","Shrug It Off","True Grit","Shrug It Off","Seeing Red"],"relics":["Burning Blood","HornCleat","Dead Branch","StoneCalendar","Pandora\u0027s Box","WarpedTongs","InkBottle","Cursed Key","Centennial Puzzle","TungstenRod","Anchor"],"acts_visited":["Exordium","TheCity","TheBeyond","TheEnding"],"potions_floor_usage":[16,36,41,56,56,56,56,56],"damage_taken":[{"damage":4.0,"enemies":"Jaw Worm","floor":1.0,"turns":5.0},{"damage":5.0,"enemies":"2 Louse","floor":2.0,"turns":3.0},{"damage":3.0,"enemies":"Cultist","floor":3.0,"turns":4.0},{"damage":3.0,"enemies":"Exordium Wildlife","floor":10.0,"turns":7.0},{"damage":8.0,"enemies":"Exordium Thugs","floor":12.0,"turns":6.0},{"damage":14.0,"enemies":"Lagavulin","floor":13.0,"turns":7.0},{"damage":0.0,"enemies":"Blue Slaver","floor":14.0,"turns":5.0},{"damage":26,"enemies":"The Guardian","floor":16,"turns":12},{"damage":0,"enemies":"2 Thieves","floor":18,"turns":4},{"damage":2,"enemies":"Spheric Guardian","floor":22,"turns":4},{"damage":30,"enemies":"Snake Plant","floor":27,"turns":5},{"damage":2,"enemies":"Chosen and Byrds","floor":28,"turns":6},{"damage":8,"enemies":"Book of Stabbing","floor":30,"turns":6},{"damage":5,"enemies":"Snecko","floor":31,"turns":6},{"damage":2,"enemies":"Champ","floor":33,"turns":25},{"damage":0,"enemies":"Orb Walker","floor":35,"turns":2},{"damage":2,"enemies":"3 Shapes","floor":36,"turns":7},{"damage":9,"enemies":"Writhing Mass","floor":39,"turns":7},{"damage":11,"enemies":"Reptomancer","floor":41,"turns":5},{"damage":16,"enemies":"Sphere and 2 Shapes","floor":42,"turns":3},{"damage":0,"enemies":"Transient","floor":45,"turns":6},{"damage":0,"enemies":"Mind Bloom Boss Battle","floor":48,"turns":11},{"damage":5,"enemies":"Time Eater","floor":50,"turns":11},{"damage":21,"enemies":"Donu and Deca","floor":51,"turns":10},{"damage":11,"enemies":"Shield and Spear","floor":55,"turns":6},{"damage":56,"enemies":"The Heart","floor":56,"turns":21}],"seed_played":"9108700170015658875","potions_obtained":[{"floor":2.0,"key":"PowerPotion"},{"floor":10.0,"key":"SmokeBomb"},{"floor":12.0,"key":"Swift Potion"},{"floor":18,"key":"ColorlessPotion"},{"floor":27,"key":"ElixirPotion"},{"floor":36,"key":"Strength Potion"},{"floor":48,"key":"Explosive Potion"}],"is_trial":false,"path_per_floor":["M","M","M","?","?","R","?","$","T","M","R","M","E","M","R","B",null,"M","$","?","$","M","R","?","R","T","M","M","$","E","M","R","B",null,"M","M","$","?","M","R","E","M","T","$","M","R","$","?","R","B","B",null,"R","$","E","B",null],"character_chosen":"IRONCLAD","items_purchased":["Feel No Pain","Burning Pact","Offering","Shrug It Off"],"campfire_rested":0,"item_purchase_floors":[8,21,37,44],"current_hp_per_floor":[68,68,68,63,68,68,61,61,61,64,64,62,54,60,60,40,65,71,71,71,71,73,73,73,73,73,49,53,53,51,52,52,56,69,73,73,73,73,70,70,65,55,55,55,61,61,61,67,67,68,53,68,68,68,63,13],"gold":141,"neow_bonus":"RANDOM_COLORLESS_2","is_daily":false,"chose_seed":false,"campfire_upgraded":9,"win_rate":0.0,"timestamp":1610559627,"path_taken":["M","M","M","?","?","R","?","?","T","M","R","M","E","?","R","BOSS","M","$","?","$","M","R","?","R","T","M","M","$","E","M","R","BOSS","M","?","$","?","M","R","E","M","T","$","M","R","?","?","R","BOSS","BOSS","R","$","E","BOSS"],"items_purchased_type":["Card","Card","Card","Card"],"build_version":"2020-12-22","purchased_purges":2,"victory":true,"max_hp_per_floor":[68,68,68,68,73,73,73,73,73,73,73,73,73,73,73,73,73,73,73,73,73,73,73,73,73,73,73,73,73,73,73,73,73,73,73,73,73,73,73,73,73,73,73,73,73,73,73,73,73,73,73,73,73,73,73,73],"card_choices":[{"not_picked":["Chrysalis","Transmutation"],"picked":"Apotheosis","floor":0.0},{"not_picked":["Sword Boomerang","Pommel Strike"],"picked":"Second Wind","floor":1.0},{"not_picked":["Clothesline","Rage"],"picked":"Shockwave","floor":2.0},{"not_picked":["Warcry","Sentinel"],"picked":"Spot Weakness","floor":3.0},{"not_picked":["Intimidate","Cleave","Heavy Blade"],"picked":"SKIP","floor":10.0},{"not_picked":["Whirlwind","Clash","Havoc"],"picked":"SKIP","floor":12.0},{"not_picked":["Whirlwind","Clash","Havoc"],"picked":"SKIP","floor":12.0},{"not_picked":["Whirlwind","Clash","Havoc"],"picked":"SKIP","floor":12.0},{"not_picked":["Whirlwind","Clash","Havoc"],"picked":"SKIP","floor":12.0},{"not_picked":["Double Tap","Headbutt"],"picked":"Infernal Blade","floor":13.0},{"not_picked":["Inflame","True Grit","Cleave"],"picked":"SKIP","floor":14.0},{"not_picked":["Inflame","True Grit","Cleave"],"picked":"SKIP","floor":14.0},{"not_picked":["Feed","Immolate"],"picked":"Fiend Fire","floor":16},{"not_picked":["Pommel Strike","Twin Strike"],"picked":"Battle Trance","floor":18},{"not_picked":["Armaments","Blood for Blood","Sentinel"],"picked":"SKIP","floor":22},{"not_picked":["Anger","Rampage","Searing Blow"],"picked":"SKIP","floor":27},{"not_picked":["Rage","Pommel Strike","Blood for Blood"],"picked":"SKIP","floor":28},{"not_picked":["Rampage","Iron Wave","Thunderclap"],"picked":"SKIP","floor":30},{"not_picked":["Pommel Strike","Fire Breathing+1","Wild Strike"],"picked":"SKIP","floor":31},{"not_picked":["Perfected Strike","Ghostly Armor+1","Anger"],"picked":"SKIP","floor":35},{"not_picked":["Carnage","Ghostly Armor","Sword Boomerang"],"picked":"SKIP","floor":36},{"not_picked":["Infernal Blade","Spot Weakness"],"picked":"True Grit+1","floor":39},{"not_picked":["Clothesline","Carnage"],"picked":"Shrug It Off","floor":41},{"not_picked":["Twin Strike+1","Shrug It Off+1"],"picked":"True Grit","floor":42},{"not_picked":["Rampage","Twin Strike"],"picked":"Seeing Red","floor":45},{"not_picked":["Limit Break","Shockwave+1","Thunderclap"],"picked":"SKIP","floor":55}],"player_experience":881607,"relics_obtained":[{"floor":9.0,"key":"Dead Branch"},{"floor":13.0,"key":"StoneCalendar"},{"floor":30,"key":"InkBottle"},{"floor":41,"key":"Centennial Puzzle"},{"floor":48,"key":"TungstenRod"},{"floor":55,"key":"Anchor"}],"event_choices":[{"damage_healed":0.0,"max_hp_gain":0.0,"max_hp_loss":0.0,"gold_gain":0.0,"event_name":"Scrap Ooze","player_choice":"Success","floor":4.0,"gold_loss":0.0,"damage_taken":5.0,"relics_obtained":["HornCleat"]},{"damage_healed":0.0,"max_hp_gain":5.0,"max_hp_loss":0.0,"gold_gain":0.0,"event_name":"Big Fish","player_choice":"Donut","floor":5.0,"gold_loss":0.0,"damage_taken":0.0},{"cards_removed":["Strike_R"],"damage_healed":0.0,"max_hp_gain":0.0,"max_hp_loss":0.0,"gold_gain":0.0,"event_name":"Golden Wing","player_choice":"Card Removal","floor":7.0,"gold_loss":0.0,"damage_taken":7.0},{"damage_healed":0,"gold_gain":0,"player_choice":"Ignored","damage_taken":0,"max_hp_gain":0,"max_hp_loss":0,"event_name":"The Mausoleum","floor":20,"gold_loss":0},{"damage_healed":0,"gold_gain":0,"player_choice":"Rummage","damage_taken":0,"relics_obtained":["WarpedTongs"],"max_hp_gain":0,"max_hp_loss":0,"event_name":"Accursed Blacksmith","floor":24,"gold_loss":0,"cards_obtained":["Pain"]},{"damage_healed":0,"gold_gain":0,"player_choice":"0 cards matched","damage_taken":0,"max_hp_gain":0,"max_hp_loss":0,"event_name":"Match and Keep!","floor":38,"gold_loss":0,"cards_obtained":[]},{"damage_healed":0,"gold_gain":0,"player_choice":"Fight","damage_taken":0,"max_hp_gain":0,"max_hp_loss":0,"event_name":"MindBloom","floor":48,"gold_loss":0}],"is_beta":false,"boss_relics":[{"not_picked":["Empty Cage","SlaversCollar"],"picked":"Pandora\u0027s Box"},{"not_picked":["Runic Pyramid","Busted Crown"],"picked":"Cursed Key"}],"items_purged_floors":[19,29],"is_endless":false,"potions_floor_spawned":[2,10,12,18,27,30,35,36,48],"ascension_level":20}}