{"host":"fm9e0lfunjlbhzxv","time":1610499883,"event":{"mods":["2.2 Compatiblity","Abigail Mod","Astrologer","BaseMod","Bestiary","Better Match","Better Skull","Better Third Choice","Colored Map","Colored Powertips","Downfall","Energized Spire","Key Reminder","Koishi","Minty Spire (QoL Compilation)","Permanent Neow","Rare Cards Sparkle","Relic Stats","Spicy Shops","StSLib","The Administrix","The Bug Knight","slay the spire mod where everything is the same but ironclad has a cowboy hat"],"gold_per_floor":[99,112,112,212,225,225,307,318,333,363,378,397,322,322,336,438,438,438,455,455,455,470,470,470,470],"floor_reached":23,"language":"ENG","playtime":1302,"items_purged":[],"score":218,"play_id":"ecd6911a-81ba-458d-9dde-ff3d59f8e553","local_time":"20210112170443","is_ascension_mode":false,"campfire_choices":[{"floor":1,"key":"RECALL"},{"data":"hexamod:Float","floor":13,"key":"SMITH"},{"data":"hexamod:VolcanoVisage","floor":18,"key":"SMITH"}],"circlet_count":0,"master_deck":["hexamod:Strike","hexamod:Strike","hexamod:Strike","hexamod:Strike","hexamod:Defend","hexamod:Defend","hexamod:Defend","hexamod:Defend","hexamod:Sear","hexamod:Float+1","hexamod:DynamicBlow","hexamod:RadiantFlame","hexamod:SpectersWail","hexamod:GhostShield","hexamod:StepThrough","hexamod:VolcanoVisage+1","hexamod:GhostLash","hexamod:FifthSeal","hexamod:EmpoweredFlame","hexamod:FirstSeal","Guardian:Aged","expansioncontent:DarkVoid","hexamod:Sear","hexamod:Rewind+1"],"relics":["energizedSpire:CursedPentagram","keyreminder:keyreminder","Mummified Hand","Bag of Preparation","downfall:HeartBlessingRed","SlaversCollar"],"acts_visited":["Exordium","TheCity"],"potions_floor_usage":[16],"damage_taken":[{"damage":1,"enemies":"Jaw Worm","floor":2,"turns":3},{"damage":1,"enemies":"2 Louse","floor":5,"turns":4},{"damage":0,"enemies":"Cultist","floor":6,"turns":1},{"damage":7,"enemies":"2 Fungi Beasts","floor":8,"turns":3},{"damage":7,"enemies":"Blue Slaver","floor":9,"turns":3},{"damage":0,"enemies":"HollowMod:MossKnight","floor":10,"turns":6},{"damage":15,"enemies":"Exordium Thugs","floor":11,"turns":4},{"damage":2,"enemies":"3 Louse","floor":12,"turns":3},{"damage":5,"enemies":"Large Slime","floor":15,"turns":5},{"damage":15,"enemies":"downfall:Ironclad","floor":16,"turns":6},{"damage":27,"enemies":"Spheric Guardian","floor":19,"turns":4},{"damage":18,"enemies":"Shell Parasite","floor":22,"turns":3},{"damage":22,"enemies":"Cultist and Chosen","floor":23,"turns":4}],"seed_played":"3429729797252288769","potions_obtained":[{"floor":5,"key":"SneckoOil"},{"floor":8,"key":"SneckoOil"},{"floor":10,"key":"BlessingOfTheForge"},{"floor":16,"key":"BlessingOfTheForge"}],"is_trial":false,"path_per_floor":["R","M","?","?","M","M","T","M","M","E","M","M","R","?","M","B",null,"R","M","?","?","M","M"],"character_chosen":"THE_SPIRIT","items_purchased":[],"campfire_rested":0,"item_purchase_floors":[],"current_hp_per_floor":[70,69,69,69,68,68,68,61,54,54,39,37,37,37,32,17,70,70,43,30,30,19,0,0,0],"gold":470,"neow_bonus":"BOSS_RELIC","is_daily":false,"chose_seed":false,"campfire_upgraded":2,"win_rate":0.0,"timestamp":1610499883,"path_taken":["R","M","?","?","?","M","T","M","M","E","M","M","R","?","M","BOSS","R","M","?","?","M","M"],"items_purchased_type":[],"build_version":"2020-12-22","purchased_purges":0,"victory":false,"max_hp_per_floor":[70,70,70,70,70,70,70,70,70,70,70,70,70,70,70,70,70,70,70,75,75,75,75,75,75],"relic_stats":{"counters":[13,49],"Mummified Hand":[20],"Bag of Preparation":[14],"obtain_stats":[{"keyreminder:keyreminder":1,"SlaversCollar":17,"energizedSpire:CursedPentagram":0,"downfall:BrokenWingStatue":3,"downfall:HeartBlessingRed":13,"Mummified Hand":7,"Bag of Preparation":10,"hexamod:SpiritBrand":0},{"keyreminder:keyreminder":0,"SlaversCollar":10,"energizedSpire:CursedPentagram":0,"downfall:BrokenWingStatue":1,"downfall:HeartBlessingRed":8,"Mummified Hand":3,"Bag of Preparation":6,"hexamod:SpiritBrand":0},{"keyreminder:keyreminder":0,"SlaversCollar":38,"energizedSpire:CursedPentagram":0,"downfall:BrokenWingStatue":3,"downfall:HeartBlessingRed":27,"Mummified Hand":8,"Bag of Preparation":20,"hexamod:SpiritBrand":0}]},"card_choices":[{"not_picked":["hexamod:Hexaguard","hexamod:InspiringFlames"],"picked":"hexamod:DynamicBlow","floor":2},{"not_picked":["hexamod:SwordOfDarkness","hexamod:RainOfEmbers","hexamod:NightmareStrike"],"picked":"SKIP","floor":5},{"not_picked":["hexamod:NightmareGuise","hexamod:BacktrackSmack"],"picked":"hexamod:RadiantFlame","floor":6},{"not_picked":["hexamod:HeatMetal","hexamod:GhostOfSpireFuture"],"picked":"hexamod:SpectersWail","floor":8},{"not_picked":["hexamod:ChargedBarrage","hexamod:GhostflameBarrier"],"picked":"hexamod:GhostShield","floor":9},{"not_picked":["hexamod:RecurringNightmare","hexamod:GhostflameBarrier"],"picked":"hexamod:StepThrough","floor":10},{"not_picked":["hexamod:GhostOfSpirePast","hexamod:InspiringFlames"],"picked":"hexamod:VolcanoVisage","floor":11},{"not_picked":["hexamod:HauntingEcho","hexamod:ShieldOfDarkness"],"picked":"hexamod:GhostLash","floor":12},{"not_picked":["hexamod:HeatCrush","hexamod:NightmareStrike","hexamod:HeatMetal"],"picked":"SKIP","floor":15},{"not_picked":["hexamod:WildfireWeapon","hexamod:GhostflameInferno"],"picked":"hexamod:FifthSeal","floor":16},{"not_picked":["hexamod:FastForward","hexamod:NecessarySacrifice"],"picked":"hexamod:EmpoweredFlame","floor":19},{"not_picked":["hexamod:ThirdSeal","hexamod:FourthSeal"],"picked":"hexamod:FirstSeal","floor":19},{"not_picked":["hexamod:SwordOfDarkness","hexamod:NightmareStrike"],"picked":"hexamod:Rewind+1","floor":22}],"player_experience":644572,"relics_obtained":[{"floor":7,"key":"Mummified Hand"},{"floor":10,"key":"Bag of Preparation"}],"event_choices":[{"cards_removed":["Pain"],"damage_healed":0,"gold_gain":0,"player_choice":"Card Removal","damage_taken":0,"max_hp_gain":0,"max_hp_loss":0,"event_name":"The Cleric","floor":14,"gold_loss":0}],"is_beta":false,"boss_relics":[{"not_picked":["SacredBark","energizedSpire:MagnifyingGlass"],"picked":"SlaversCollar"}],"items_purged_floors":[],"is_endless":false,"potions_floor_spawned":[5,8,10,16],"killed_by":"Cultist and Chosen","ascension_level":0}}