{"host":"t7mx8yfj1no5p62f","time":1610544642,"event":{"mods":["BaseMod","Bestiary","Colored Map","Colored Powertips","Minty Spire (QoL Compilation)","Relic Stats","StSLib"],"gold_per_floor":[360,374,339,51,126,126,126],"floor_reached":6,"language":"ENG","playtime":189,"items_purged":[],"score":68,"play_id":"5a17279e-02fd-4579-8bc4-4755529e5692","local_time":"20210113083042","is_ascension_mode":true,"campfire_choices":[],"circlet_count":0,"master_deck":["AscendersBane","Strike_G","Strike_G","Strike_G","Strike_G","Strike_G","Defend_G","Defend_G","Defend_G","Defend_G","Defend_G","Survivor","Neutralize","Acrobatics","Heel Hook","Well Laid Plans","Masterful Stab"],"relics":["Ring of the Snake","Bag of Preparation"],"acts_visited":["Exordium"],"potions_floor_usage":[6],"damage_taken":[{"damage":0,"enemies":"Jaw Worm","floor":1,"turns":7},{"damage":2,"enemies":"2 Louse","floor":2,"turns":4},{"damage":17,"enemies":"Lagavulin","floor":6,"turns":6}],"seed_played":"-1807017774665423791","potions_obtained":[{"floor":2,"key":"ColorlessPotion"}],"is_trial":false,"path_per_floor":["M","M","?","$","?","E"],"character_chosen":"THE_SILENT","items_purchased":["Well Laid Plans","Masterful Stab","Bag of Preparation"],"campfire_rested":0,"item_purchase_floors":[4,4,4],"current_hp_per_floor":[44,42,58,58,47,30,30],"gold":126,"neow_bonus":"TWO_FIFTY_GOLD","is_daily":false,"chose_seed":false,"campfire_upgraded":0,"win_rate":0.0,"timestamp":1610544642,"path_taken":["M","M","?","$","?","E"],"items_purchased_type":["Card","Card","Relic"],"build_version":"2020-12-22","purchased_purges":0,"victory":false,"max_hp_per_floor":[66,66,66,66,66,66,66],"relic_stats":{"counters":[3,17],"Bag of Preparation":[2],"obtain_stats":[{"Bag of Preparation":4,"Ring of the Snake":0},{"Bag of Preparation":2,"Ring of the Snake":0},{"Bag of Preparation":11,"Ring of the Snake":0}],"Ring of the Snake":[6]},"card_choices":[{"not_picked":["Eviscerate","Distraction"],"picked":"Acrobatics","floor":1},{"not_picked":["Tactician","Choke"],"picked":"Heel Hook","floor":2}],"player_experience":1749649,"relics_obtained":[],"event_choices":[{"damage_healed":16,"gold_gain":0,"player_choice":"Healed","damage_taken":0,"max_hp_gain":0,"max_hp_loss":0,"event_name":"The Cleric","floor":3,"gold_loss":35},{"damage_healed":0,"gold_gain":75,"player_choice":"Gather Gold","damage_taken":11,"max_hp_gain":0,"max_hp_loss":0,"event_name":"World of Goop","floor":5,"gold_loss":0}],"is_beta":false,"boss_relics":[],"items_purged_floors":[],"is_endless":false,"potions_floor_spawned":[2],"killed_by":"Lagavulin","ascension_level":20}}