{"host":"xt797mi8yhee06c1","time":1610571376,"event":{"mods":["BaseMod","Bestiary","Koishi","Marisa£¨Ùöéë¡¡Øª×âÞÞ£©","Minty Spire (QoL Compilation)","Poor People Problems","Prisma Mod","Relic Filter","Shop Mod","Spicy Shops","StSLib","The Marked","The Servant 0.9.4","WarShipGirlsR/??á´Ò³R mod"],"gold_per_floor":[114,19,37,53,64,95,95,95,95,122,122,152,152,186,186,291,291,311,311,388,401,411,411,411],"floor_reached":23,"language":"KOR","playtime":1166,"items_purged":[],"score":269,"play_id":"491a922a-dd03-40e6-8a32-0dd3f18e9541","local_time":"20210114055616","is_ascension_mode":false,"campfire_choices":[{"data":"PrismaMod:ChloeRhongomyniad","floor":7.0,"key":"SMITH"},{"floor":11.0,"key":"REST"},{"data":"PrismaMod:ChloeMordred","floor":13.0,"key":"SMITH"},{"floor":15.0,"key":"REST"}],"circlet_count":0,"master_deck":["PrismaMod:ChloeCommonAttack","PrismaMod:ChloeCommonAttack","PrismaMod:ChloeCommonAttack","PrismaMod:ChloeCommonAttack","PrismaMod:ChloeCommonAttack","PrismaMod:ChloeCommonDefend","PrismaMod:ChloeCommonDefend","PrismaMod:ChloeCommonDefend","PrismaMod:ChloeCommonDefend","PrismaMod:ChloeCommonDefend","PrismaMod:ChloeCheapAttack","PrismaMod:ChloeCheapDefend","PrismaMod:ChloeCheapAttackTwo","PrismaMod:ChloeCheapAttack","PrismaMod:ChloeMordred+1","PrismaMod:ChloeCommonAOEAttack","PrismaMod:ChloeDemonicTutor","PrismaMod:ChloeExhaustOne","PrismaMod:ChloeRhongomyniad+1","PrismaMod:ChloeDiscardRecovery","PrismaMod:ChloeCaladbolg","PrismaMod:ChloeMaid","PrismaMod:ChloeCarnivalDefend","PrismaMod:ChloeCheapDefend+1","PrismaMod:ChloeEyeOfTheEuryale","PrismaMod:ChloeExcalibur+1"],"relics":["PrismaMod:PrismaTraceOn","NeowsBlessing","Incense Burner","Blue Candle","Du-Vu Doll","Bronze Scales","Bag of Preparation","Runic Pyramid","Enchiridion"],"acts_visited":["Exordium","TheCity"],"potions_floor_usage":[23,23,23,23,23],"damage_taken":[{"damage":0.0,"enemies":"Small Slimes","floor":1.0,"turns":1.0},{"damage":0.0,"enemies":"Jaw Worm","floor":3.0,"turns":1.0},{"damage":0.0,"enemies":"Cultist","floor":4.0,"turns":1.0},{"damage":7.0,"enemies":"Exordium Wildlife","floor":5.0,"turns":4.0},{"damage":21.0,"enemies":"Gremlin Nob","floor":6.0,"turns":4.0},{"damage":24.0,"enemies":"Lagavulin","floor":10.0,"turns":4.0},{"damage":7.0,"enemies":"Gremlin Nob","floor":12.0,"turns":4.0},{"damage":12.0,"enemies":"3 Sentries","floor":14.0,"turns":4.0},{"damage":0.0,"enemies":"Slime Boss","floor":16.0,"turns":3.0},{"damage":18.0,"enemies":"Shell Parasite","floor":18.0,"turns":3.0},{"damage":0,"enemies":"3 Byrds","floor":21,"turns":3},{"damage":0,"enemies":"Snecko","floor":22,"turns":4},{"damage":46,"enemies":"Slavers","floor":23,"turns":3}],"seed_played":"8081084500713934357","potions_obtained":[{"floor":1.0,"key":"Block Potion"},{"floor":4.0,"key":"AttackPotion"},{"floor":6.0,"key":"Ancient Potion"},{"floor":14.0,"key":"Fire Potion"},{"floor":16.0,"key":"EntropicBrew"},{"floor":21,"key":"FearPotion"}],"is_trial":false,"path_per_floor":["M","$","M","M","M","E","R","$","T","E","R","E","R","E","R","B",null,"M","?","T","M","M","E"],"character_chosen":"CHLOE","items_purchased":["PrismaMod:ChloeCheapAttack","PrismaMod:ChloeMordred"],"campfire_rested":2,"item_purchase_floors":[2,2],"current_hp_per_floor":[75,75,75,75,68,49,49,49,49,25,47,40,40,28,50,50,75,57,41,41,41,41,0,0],"gold":411,"neow_bonus":"THREE_ENEMY_KILL","is_daily":false,"chose_seed":false,"campfire_upgraded":2,"win_rate":0.0,"timestamp":1610571376,"path_taken":["M","$","M","M","M","E","R","$","T","E","R","E","R","E","R","BOSS","M","?","?","M","M","E"],"items_purchased_type":["Card","Card"],"build_version":"2020-12-22","purchased_purges":0,"victory":false,"max_hp_per_floor":[75,75,75,75,75,75,75,75,75,75,75,75,75,75,75,75,75,75,75,75,75,75,75,75],"card_choices":[{"not_picked":["PrismaMod:ChloeUncommonAOEAttack","PrismaMod:ChloeMaid"],"picked":"PrismaMod:ChloeCheapAttackTwo","floor":1.0},{"not_picked":["PrismaMod:ChloeUncommonDefend","PrismaMod:ChloeDemonicTutor"],"picked":"PrismaMod:ChloeCommonAOEAttack","floor":3.0},{"not_picked":["PrismaMod:ChloeDiscardRecovery","PrismaMod:ChloeCheapAttack"],"picked":"PrismaMod:ChloeDemonicTutor","floor":4.0},{"not_picked":["PrismaMod:ChloeDiscardRecovery","PrismaMod:ChloeCheapDefend"],"picked":"PrismaMod:ChloeExhaustOne","floor":5.0},{"not_picked":["PrismaMod:ChloeCheapDefend","PrismaMod:ChloeCheapAttackTwo"],"picked":"PrismaMod:ChloeRhongomyniad","floor":6.0},{"not_picked":["PrismaMod:ChloeAnyUncommonTrace","PrismaMod:ChloeCheapDefendTwo"],"picked":"PrismaMod:ChloeDiscardRecovery","floor":10.0},{"not_picked":["PrismaMod:ChloeCheapDefend","PrismaMod:ChloeChristmas"],"picked":"PrismaMod:ChloeCaladbolg","floor":12.0},{"not_picked":["PrismaMod:ChloeGreatTracePools","PrismaMod:ChloeCheapDefend"],"picked":"PrismaMod:ChloeMaid","floor":14.0},{"not_picked":["PrismaMod:ChloeExhaustThree","PrismaMod:ChloeDevil"],"picked":"PrismaMod:ChloeCarnivalDefend","floor":16.0},{"not_picked":["PrismaMod:ChloeExhaustOne+1","PrismaMod:ChloeDiscardRecovery"],"picked":"PrismaMod:ChloeCheapDefend+1","floor":18.0},{"not_picked":["PrismaMod:ChloeCommonAOEAttack","PrismaMod:ChloeCheapAttackTwo"],"picked":"PrismaMod:ChloeEyeOfTheEuryale","floor":21},{"not_picked":["PrismaMod:ChloeExhaustTwo+1","PrismaMod:ChloeCommonAOEAttack+1"],"picked":"PrismaMod:ChloeExcalibur+1","floor":22}],"player_experience":346180,"relics_obtained":[{"floor":6.0,"key":"Incense Burner"},{"floor":9.0,"key":"Blue Candle"},{"floor":10.0,"key":"Du-Vu Doll"},{"floor":12.0,"key":"Bronze Scales"},{"floor":14.0,"key":"Bag of Preparation"},{"floor":19,"key":"Enchiridion"}],"event_choices":[{"damage_healed":0,"gold_gain":0,"player_choice":"Obtained Book","damage_taken":16,"max_hp_gain":0,"max_hp_loss":0,"event_name":"Cursed Tome","floor":19,"gold_loss":0}],"is_beta":false,"boss_relics":[{"not_picked":["Velvet Choker","Ectoplasm"],"picked":"Runic Pyramid"}],"items_purged_floors":[],"is_endless":false,"potions_floor_spawned":[1,4,6,14,16,21],"killed_by":"Slavers","ascension_level":0}}