{"host":"5cc4xbo9rb723k69","time":1610578923,"event":{"mods":["Act Like it!","Aspiration","Astrologer","Bartender","BaseMod","Bestiary","CapriCore","Conspire","Downfall","Duelist Mod","Friendly Minions","Gensokyo","Hermit","Hubris","Infinite Spire","Jedi Mod","Kiyohime????","Koishi","LagranYue(???·?)","Luminous","Mad Scientist","Mari Mod (Legacy)","Mari\u0027s V1 Patch","Marisa????????","Minty Spire (QoL Compilation)","Nova Terra(??·??)","Pale of the Ancients","Prisma Mod","Random Character Button","Reimu??????","Replay The Spire","Robot Space Explorer","Somnambulant","StSLib","The Alterego","The Animator","The Bladedancer","The Clintock","The Construct","The Cursed","The Disciple","The Exalted","The Gatherer","The Immortal","The Jungle","The Marked","The Mystic","The Problem Sleuth","The Runesmith","The Saiyan","The Senshi","The Servant 0.9.4","The Spell Scribe","TheArtist","Waifu the Spire","Yuri Mod","thorton","vexMod"],"gold_per_floor":[109,125,158,182,228,254,254,282,330,176,176,176,194,215,215,339,339,352,376,376,376],"floor_reached":20,"language":"DEU","playtime":3639,"items_purged":[],"score":234,"play_id":"351bd37f-320e-4d73-95f1-7aabd9da56bf","local_time":"20210114000203","is_ascension_mode":false,"campfire_choices":[{"floor":7,"key":"REST"},{"floor":15,"key":"DIG"}],"circlet_count":0,"master_deck":["animator:Strike_FullmetalAlchemist","animator:Defend_FullmetalAlchemist","animator:Strike","animator:Strike","animator:Strike","animator:Defend","animator:Defend","animator:ElricEdward","animator:ElricAlphonse","animator:SilverFang","animator:MetalKnight","animator:Shalltear","animator:Gluttony","animator:Tatsumaki","animator:Melzalgald","animator:Ainz","animator:Cocytus","animator:NarberalGamma","animator:Saitama","animator:Saitama","animator:Sonic+1"],"relics":["animator:VividPicture","animator:TheMissingPiece","LagranYue:RandomDrawCardRelic","vexMod:BarristanHead","Bag of Marbles","White Beast Statue","Bromod:ArcaneMomentum","Golden Idol","Replay:Bottled Snecko"],"acts_visited":["Exordium","TheCity"],"potions_floor_usage":[13,13,16,16,16,20],"damage_taken":[{"damage":2,"enemies":"Jaw Worm","floor":1,"turns":4},{"damage":2,"enemies":"2 Louse","floor":2,"turns":3},{"damage":16,"enemies":"conspire:MimicChest","floor":3,"turns":7},{"damage":0,"enemies":"Small Slimes","floor":4,"turns":4},{"damage":25,"enemies":"3 Sentries","floor":6,"turns":10},{"damage":25,"enemies":"Gremlin Nob","floor":8,"turns":7},{"damage":7,"enemies":"Exordium Wildlife","floor":13,"turns":3},{"damage":4,"enemies":"Blue Slaver","floor":14,"turns":3},{"damage":0,"enemies":"The Guardian","floor":16,"turns":8},{"damage":43,"enemies":"3 Byrds","floor":18,"turns":6},{"damage":19,"enemies":"Shell Parasite","floor":19,"turns":6},{"damage":12,"enemies":"Snake Plant","floor":20,"turns":2}],"seed_played":"-7657477557717268226","potions_obtained":[{"floor":2,"key":"SteroidPotion"},{"floor":4,"key":"Explosive Potion"},{"floor":8,"key":"Adrenaline Potion"},{"floor":13,"key":"Toxic Potion"},{"floor":14,"key":"SkillPotion"},{"floor":16,"key":"Milkshake"},{"floor":18,"key":"Death Potion"},{"floor":19,"key":"Toxic Potion"}],"is_trial":false,"path_per_floor":["M","M","?","M","T","E","R","E","T","$","?","?","M","M","R","B",null,"M","M","M"],"character_chosen":"THE_ANIMATOR","items_purchased":["animator:Ainz"],"campfire_rested":1,"item_purchase_floors":[10],"current_hp_per_floor":[70,68,52,52,52,31,52,27,27,27,27,27,20,16,16,16,67,24,9,0,0],"gold":376,"neow_bonus":"TEN_PERCENT_HP_BONUS","is_daily":false,"chose_seed":false,"campfire_upgraded":0,"win_rate":0.0,"timestamp":1610578923,"path_taken":["M","M","?","M","?","E","R","E","T","$","?","?","M","M","R","BOSS","M","M","M"],"items_purchased_type":["Card"],"build_version":"2020-12-22","purchased_purges":0,"victory":false,"max_hp_per_floor":[72,72,72,72,72,72,72,72,72,72,67,67,67,67,67,67,67,67,67,67,67],"card_choices":[{"not_picked":["animator:Assassin","animator:Entoma"],"picked":"animator:SilverFang","floor":1},{"not_picked":["animator:ElricAlphonse","animator:ChlammyZell"],"picked":"animator:MetalKnight","floor":2},{"not_picked":["animator:DolaRiku","animator:Shinoa"],"picked":"animator:Shalltear","floor":3},{"not_picked":["animator:ShinjiMatou","animator:Mitsuba"],"picked":"animator:Gluttony","floor":4},{"not_picked":["animator:Sonic","animator:SilverFang"],"picked":"animator:Tatsumaki","floor":6},{"not_picked":["animator:Tatsumaki","animator:RinTohsaka"],"picked":"animator:Melzalgald","floor":8},{"not_picked":["animator:LizardPriest","animator:DwarfShaman"],"picked":"animator:Cocytus","floor":13},{"not_picked":["animator:MumenRider","animator:RoyMustang"],"picked":"animator:NarberalGamma","floor":14},{"not_picked":["animator:SwordMaiden","animator:Albedo"],"picked":"animator:Saitama","floor":16},{"not_picked":["animator:Genos","animator:MumenRider"],"picked":"animator:Saitama","floor":18},{"not_picked":["animator:ElricAlphonse+1","animator:CrowleyEusford"],"picked":"animator:Sonic+1","floor":19}],"player_experience":255677,"relics_obtained":[{"floor":3,"key":"vexMod:BarristanHead"},{"floor":5,"key":"Bag of Marbles"},{"floor":6,"key":"White Beast Statue"},{"floor":8,"key":"Bromod:ArcaneMomentum"},{"floor":15,"key":"Replay:Bottled Snecko"}],"event_choices":[{"damage_healed":0,"gold_gain":0,"player_choice":"Lose Max HP","damage_taken":0,"relics_obtained":["Golden Idol"],"max_hp_gain":0,"max_hp_loss":5,"event_name":"Golden Idol","floor":11,"gold_loss":0},{"cards_removed":["animator:Defend"],"damage_healed":0,"gold_gain":0,"player_choice":"Purged","damage_taken":0,"max_hp_gain":0,"max_hp_loss":0,"event_name":"Purifier","floor":12,"gold_loss":0}],"is_beta":false,"boss_relics":[{"not_picked":["Replay:Drink Me","aspiration:RunesmithSkillbook"],"picked":"animator:VividPicture"}],"items_purged_floors":[],"is_endless":false,"potions_floor_spawned":[2,4,8,13,14,16,18,19],"killed_by":"Snake Plant","ascension_level":0}}