{"host":"1fgbilnqahig8ycc","time":1610523936,"event":{"mods":["AchievementEnabler","Astrologer","BaseMod","Bestiary","BetterRewards","Clockwork Mod","Colored Map","Colored Powertips","Downfall","Energized Spire","Friendly Minions","Hermit","Hubris","Jorbs\u0027s Wanderer Trilogy","Minty Spire (QoL Compilation)","Quick Restart","Replay The Spire","StSLib","The Administrix","The Bug Knight","The Cursed","The Gatherer","The Marked","The Servant 0.9.4"],"gold_per_floor":[119,119,143,164,44,87,87,103,130,130,130,148,148,78,78,209,259,199,218,232,232,232,373,373,411,411,417,448,41,41,41,136,136,147,115,115,139,139,164,164,191,191,191,206,237,237,237,237,237,83,124,124,124],"floor_reached":55,"language":"ENG","playtime":4083,"items_purged":["astrologer:Strike","astrologer:Strike"],"score":801,"play_id":"9b885f03-4310-47ba-b719-e7cf2bc5e098","local_time":"20210112234536","is_ascension_mode":false,"campfire_choices":[{"data":"astrologer:TheChariot","floor":7.0,"key":"SMITH"},{"data":"astrologer:NorthStar","floor":11.0,"key":"SMITH"},{"data":"astrologer:Divination","floor":15.0,"key":"SMITH"},{"floor":24.0,"key":"REST"},{"data":"astrologer:CosmicExpanse","floor":32,"key":"SMITH"},{"data":"astrologer:ShootingStar","floor":40,"key":"SMITH"},{"floor":44,"key":"RECALL"},{"data":"astrologer:TheStar","floor":52,"key":"SMITH"}],"circlet_count":0,"master_deck":["astrologer:Strike","astrologer:Strike","astrologer:Strike","astrologer:Defend","astrologer:Defend","astrologer:Defend","astrologer:NorthStar+1","astrologer:TheFool","astrologer:Stardust+1","astrologer:TheHierophant","astrologer:Divination+1","astrologer:Conjunction","astrologer:TheChariot+1","astrologer:ShootingStar+1","astrologer:Confirmation","astrologer:Starfield","astrologer:CosmicExpanse+1","astrologer:TheStar+1","astrologer:StarOfMisfortune+1","astrologer:FadingStar+1","astrologer:Wish+1","astrologer:ShootingStar+1","astrologer:FrozenStar+1","Panacea+1","Discovery+1","hubris:NaturalOne","astrologer:TheChariot+1","astrologer:Prestidigitation+1"],"relics":["astrologer:SkyMirror","Golden Idol","hubris:PeanutButter","Replay:Grab Bag","energizedSpire:HugeHouse","Replay:Wanted Poster","Black Star","Orichalcum","hubris:Icosahedron","HornCleat","Meat on the Bone","hubris:CrystalStatue","Kunai","Toxic Egg 2","Replay:WaspNest","hubris:Teleporter","hubris:BundleOfHerbs","hubris:HollowSoul","Replay:Mystery Machine","Replay:Bottled Flurry","HollowMod:PaleOreRelic","ReplayTheSpireMod:TigerMarble","DollysMirror","Gremlin Food","Oddly Smooth Stone"],"acts_visited":["Exordium","TheCity","TheBeyond","TheEnding"],"potions_floor_usage":[33,38,47,50,50],"damage_taken":[{"damage":0.0,"enemies":"Small Slimes","floor":1.0,"turns":3.0},{"damage":0.0,"enemies":"2 Louse","floor":3.0,"turns":2.0},{"damage":0.0,"enemies":"Cultist","floor":4.0,"turns":3.0},{"damage":10.0,"enemies":"Gremlin Nob","floor":6.0,"turns":4.0},{"damage":0.0,"enemies":"Exordium Wildlife","floor":8.0,"turns":5.0},{"damage":0.0,"enemies":"3 Louse","floor":12.0,"turns":4.0},{"damage":25.0,"enemies":"Fading Forest","floor":16.0,"turns":11.0},{"damage":13.0,"enemies":"2 Thieves","floor":18.0,"turns":4.0},{"damage":3.0,"enemies":"Shell Parasite","floor":19.0,"turns":5.0},{"damage":7.0,"enemies":"Snake Plant","floor":20.0,"turns":4.0},{"damage":32.0,"enemies":"Gremlin Leader","floor":23.0,"turns":6.0},{"damage":6.0,"enemies":"Book of Stabbing","floor":25.0,"turns":6.0},{"damage":0.0,"enemies":"Centurion and Healer","floor":27.0,"turns":5.0},{"damage":2,"enemies":"Slavers","floor":28,"turns":7},{"damage":8,"enemies":"hubris:MusketHawk","floor":33,"turns":8},{"damage":0,"enemies":"Orb Walker","floor":35,"turns":4},{"damage":0,"enemies":"3 Shapes","floor":36,"turns":6},{"damage":0,"enemies":"Spire Growth","floor":38,"turns":6},{"damage":9,"enemies":"Sphere and 2 Shapes","floor":41,"turns":7},{"damage":6,"enemies":"3 Darklings","floor":46,"turns":7},{"damage":3,"enemies":"HollowMod:StalkingDevout","floor":47,"turns":7},{"damage":6,"enemies":"Time Eater","floor":50,"turns":12},{"damage":74,"enemies":"Shield and Spear","floor":54,"turns":9},{"damage":13,"enemies":"The Heart","floor":55,"turns":3}],"seed_played":"3933035996889023144","potions_obtained":[{"floor":3.0,"key":"AttackPotion"},{"floor":4.0,"key":"Strength Potion"},{"floor":12.0,"key":"EssenceOfSteel"},{"floor":16.0,"key":"EssenceOfSteel"},{"floor":19.0,"key":"ColorlessPotion"},{"floor":20.0,"key":"LiquidMemories"},{"floor":25.0,"key":"AttackPotion"},{"floor":36,"key":"Languid Potion"},{"floor":38,"key":"champ:CounterPotion"},{"floor":47,"key":"Milkshake"}],"is_trial":false,"path_per_floor":["M","?","M","M","$","E","R","M","T","?","R","M","?","$","R_BF","B",null,"M","M","M","?","?","E","R","E","T","M","E","$","?","R","B",null,"M","M","$","M","R","M","?","T","R","?","M","E","R_BF","B",null,"R","$","E","B"],"character_chosen":"ASTROLOGER","items_purchased":["astrologer:Conjunction","astrologer:Confirmation","hubris:BundleOfHerbs","DollysMirror"],"campfire_rested":1,"item_purchase_floors":[5,14,30,53],"current_hp_per_floor":[70,65,65,65,65,55,55,55,55,55,55,55,60,60,60,47,60,47,44,37,37,37,5,23,29,29,41,39,39,39,39,37,60,60,60,60,60,60,51,46,46,46,46,60,57,60,30,60,60,60,37,0,0],"gold":124,"neow_bonus":"TRANSFORM_CARD","is_daily":false,"chose_seed":false,"campfire_upgraded":6,"win_rate":0.0,"timestamp":1610523936,"path_taken":["M","?","M","M","$","E","R","M","T","?","R","M","?","$","R_BF","BOSS","M","M","?","?","?","E","R","E","T","M","E","$","?","R","BOSS","M","M","?","M","R","M","?","T","R","?","?","E","R_BF","BOSS","R","$","E","BOSS"],"items_purchased_type":["Card","Card","Relic","Relic"],"build_version":"2020-12-22","purchased_purges":2,"victory":false,"max_hp_per_floor":[70,65,65,65,65,65,65,65,65,65,65,65,65,65,65,65,60,60,60,60,60,60,60,60,60,60,60,60,60,60,60,60,60,60,60,60,60,60,60,60,60,60,60,60,60,60,60,60,60,60,60,60,60],"card_choices":[{"not_picked":["astrologer:Conjunction","astrologer:ReadTheStars"],"picked":"astrologer:Stardust","floor":1.0},{"not_picked":["astrologer:Premeditation","astrologer:ReadTheStars"],"picked":"astrologer:TheHierophant","floor":3.0},{"not_picked":["astrologer:NeutronStar","astrologer:CometStrike"],"picked":"astrologer:Divination","floor":4.0},{"not_picked":["astrologer:ShiningStar","astrologer:Opposition"],"picked":"astrologer:TheChariot","floor":6.0},{"not_picked":["astrologer:Retelling","astrologer:ReadTheStars"],"picked":"astrologer:ShootingStar","floor":8.0},{"not_picked":["astrologer:FadingStar","astrologer:Observe"],"picked":"astrologer:SpaceDust","floor":12.0},{"not_picked":["astrologer:BlackHole","astrologer:Wish"],"picked":"astrologer:Starfield","floor":16.0},{"not_picked":["astrologer:TheMoon","astrologer:Eclipse"],"picked":"astrologer:TheStar","floor":18.0},{"not_picked":["astrologer:Radiance","astrologer:SpaceDust"],"picked":"astrologer:StarOfMisfortune","floor":19.0},{"not_picked":["astrologer:SolarFlare","astrologer:Conjunction+1","astrologer:CometStrike"],"picked":"SKIP","floor":20.0},{"not_picked":["astrologer:Opposition","astrologer:ShiningStar"],"picked":"astrologer:WheelofFortune","floor":23.0},{"not_picked":["astrologer:TheMagician","astrologer:Still"],"picked":"astrologer:FadingStar","floor":25.0},{"not_picked":["astrologer:MeteorShower","astrologer:SpaceDust+1","astrologer:ReadTheStars+1"],"picked":"SKIP","floor":27.0},{"not_picked":["astrologer:MeteorShower","astrologer:Radiance","astrologer:Shine+1"],"picked":"SKIP","floor":28},{"not_picked":["astrologer:Death","astrologer:BlackHole"],"picked":"astrologer:Wish+1","floor":33},{"not_picked":["astrologer:Observe+1","astrologer:Opposition"],"picked":"astrologer:ShootingStar+1","floor":35},{"not_picked":["astrologer:Stardust+1","astrologer:Justice+1","astrologer:FrozenStar+1"],"picked":"SKIP","floor":36},{"not_picked":["astrologer:MeteorShower","astrologer:Radiance","astrologer:Observe+1"],"picked":"SKIP","floor":38},{"not_picked":["astrologer:StarOfMisfortune+1","astrologer:Shine+1"],"picked":"astrologer:FrozenStar+1","floor":41},{"not_picked":["Flash of Steel","Madness+1"],"picked":"Panacea+1","floor":42},{"not_picked":["Poisoned Strike","Replay:SS_hec_1"],"picked":"Discovery+1","floor":42},{"not_picked":["astrologer:MeteorShower+1","astrologer:SolarFlare+1","astrologer:Opposition"],"picked":"SKIP","floor":46},{"not_picked":["astrologer:TheMagician","astrologer:MeteorShower","astrologer:Cataclysm"],"picked":"SKIP","floor":47},{"not_picked":["astrologer:Radiance+1","astrologer:MeteorShower"],"picked":"astrologer:Prestidigitation+1","floor":54}],"player_experience":370876,"relics_obtained":[{"floor":6.0,"key":"hubris:PeanutButter"},{"floor":23.0,"key":"HornCleat"},{"floor":23.0,"key":"Meat on the Bone"},{"floor":25.0,"key":"hubris:CrystalStatue"},{"floor":25.0,"key":"Kunai"},{"floor":26.0,"key":"Toxic Egg 2"},{"floor":28,"key":"Replay:WaspNest"},{"floor":28,"key":"hubris:Teleporter"},{"floor":43,"key":"Replay:Mystery Machine"},{"floor":47,"key":"HollowMod:PaleOreRelic"},{"floor":47,"key":"ReplayTheSpireMod:TigerMarble"},{"floor":54,"key":"Gremlin Food"},{"floor":54,"key":"Oddly Smooth Stone"}],"event_choices":[{"damage_healed":0.0,"max_hp_gain":0.0,"max_hp_loss":5.0,"gold_gain":0.0,"event_name":"Golden Idol","player_choice":"Lose Max HP","floor":2.0,"gold_loss":0.0,"damage_taken":0.0,"relics_obtained":["Golden Idol"]},{"cards_removed":["astrologer:SpaceDust"],"damage_healed":5.0,"max_hp_gain":0.0,"max_hp_loss":0.0,"gold_gain":0.0,"event_name":"Bonfire Elementals","player_choice":"Offered Common","floor":13.0,"gold_loss":0.0,"damage_taken":0.0},{"cards_removed":["astrologer:SpaceDust"],"damage_healed":5.0,"max_hp_gain":0.0,"max_hp_loss":0.0,"gold_gain":0.0,"event_name":"Bonfire Elementals","player_choice":"Offered Special","floor":13.0,"gold_loss":0.0,"damage_taken":0.0},{"damage_healed":0,"gold_gain":0,"player_choice":"Forge","damage_taken":0,"max_hp_gain":0,"max_hp_loss":0,"event_name":"Accursed Blacksmith","floor":31,"gold_loss":0,"cards_upgraded":["astrologer:StarOfMisfortune"]},{"damage_healed":0,"gold_gain":0,"player_choice":"Memory 2","damage_taken":5,"max_hp_gain":0,"max_hp_loss":0,"event_name":"SensoryStone","floor":42,"gold_loss":0},{"cards_removed":["astrologer:WheelofFortune"],"damage_healed":0,"gold_gain":0,"player_choice":"Gave Card","damage_taken":0,"relics_obtained":["Replay:Bottled Flurry"],"max_hp_gain":0,"max_hp_loss":0,"event_name":"WeMeetAgain","floor":45,"gold_loss":0}],"is_beta":false,"boss_relics":[{"not_picked":["SacredBark","energizedSpire:OgreHead"],"picked":"Replay:Grab Bag"},{"not_picked":["energizedSpire:DeadBattery","Replay:Bronze Core"],"picked":"energizedSpire:HugeHouse"},{"not_picked":["Velvet Choker","Busted Crown"],"picked":"Replay:Wanted Poster"},{"not_picked":["Replay:Drink Me","Ring of Chaos"],"picked":"Black Star"},{"not_picked":["Honey Jar","energizedSpire:MagnifyingGlass"],"picked":"hubris:HollowSoul"}],"items_purged_floors":[5,30],"is_endless":false,"potions_floor_spawned":[3,4,12,16,19,20,25,36,38,47],"killed_by":"The Heart","ascension_level":0}}