{"host":"6jrnojxwearbrjzo","time":1610567709,"event":{"mods":["BaseMod","Colored Map","Conspire","Highlight Path","Minty Spire (QoL Compilation)","Quick Restart","Replay The Spire","Shop Mod","Spicy Shops","StSLib","The Servant 0.9.4"],"gold_per_floor":[118,193,91,91,104,131,131,149,149,174,188,188,188,207,207,306,306,324,264,264,65,81,81,3,15,39,51,338,383,412,452,464,581,593,624,636,648,150,165,198,198,217,217,243,261,271,305,361,361,383],"floor_reached":51,"language":"ZHS","playtime":3322,"items_purged":["ReplayTheSpireMod:Doomed","ReplaySort"],"score":1080,"play_id":"628f03ac-27a5-461b-8a05-8a95125ded42","local_time":"20210114035509","is_ascension_mode":true,"campfire_choices":[{"data":"Hologram","floor":7.0,"key":"SMITH"},{"floor":13.0,"key":"REST"},{"data":"Streamline","floor":15.0,"key":"SMITH"},{"data":"Creative AI","floor":23.0,"key":"SMITH"},{"data":"Skim","floor":27.0,"key":"SMITH"},{"floor":32.0,"key":"REST"},{"floor":41.0,"key":"REST"},{"floor":49,"key":"REST"}],"circlet_count":0,"master_deck":["Dualcast","Glacier","Panic Button","Gash+1","Hologram+1","Conserve Battery","Reprogram","Streamline+1","Skim+1","Beam Cell","Self Repair","Chill","Capacitor+1","Go for the Eyes","Echo Form","Consume+1","Fission+1","Creative AI+1","Madness","Madness","FTL+1","Barrage","Reboot","White Noise","Cold Snap"],"relics":["Cracked Core","ReplayTheSpireMod:CursedCoin","Replay:PocketPolymizer","ReplayTheSpireMod:Ninjato","Bag of Marbles","Omamori","Black Star","Carrot","Simple Rune","MawBank","Pen Nib","Lantern","Nunchaku","Replay:Accelerometer","Astrolabe","Garlic","Toolbox","ReplayFunnel","Bag of Preparation","Lizard Tail","Happy Flower","Counterbalance","ReplayTheSpireMod:Lightbulb","Replay:Bandana","HornCleat"],"acts_visited":["Exordium","TheCity","TheBeyond"],"potions_floor_usage":[44,50,50],"damage_taken":[{"damage":0.0,"enemies":"2 Louse","floor":1.0,"turns":3.0},{"damage":1.0,"enemies":"Cultist","floor":5.0,"turns":4.0},{"damage":27.0,"enemies":"Gremlin Nob","floor":6.0,"turns":5.0},{"damage":0.0,"enemies":"Jaw Worm","floor":8.0,"turns":4.0},{"damage":18.0,"enemies":"Lagavulin","floor":10.0,"turns":5.0},{"damage":8.0,"enemies":"Exordium Thugs","floor":11.0,"turns":5.0},{"damage":0.0,"enemies":"3 Louse","floor":14.0,"turns":4.0},{"damage":21.0,"enemies":"Hexaghost","floor":16.0,"turns":9.0},{"damage":21.0,"enemies":"Chosen","floor":18.0,"turns":7.0},{"damage":0.0,"enemies":"2 Thieves","floor":22.0,"turns":3.0},{"damage":27.0,"enemies":"Snake Plant","floor":25.0,"turns":5.0},{"damage":18.0,"enemies":"Book of Stabbing","floor":29.0,"turns":6.0},{"damage":4.0,"enemies":"Centurion and Healer","floor":30.0,"turns":6.0},{"damage":21.0,"enemies":"Gremlin Leader","floor":31.0,"turns":8.0},{"damage":5.0,"enemies":"Pondfish","floor":33.0,"turns":15.0},{"damage":47.0,"enemies":"Orb Walker","floor":35.0,"turns":7.0},{"damage":0.0,"enemies":"3 Darklings","floor":39.0,"turns":4.0},{"damage":22.0,"enemies":"R_Hoarder","floor":40.0,"turns":9.0},{"damage":1.0,"enemies":"Sphere and 2 Shapes","floor":42.0,"turns":4.0},{"damage":28,"enemies":"Nemesis","floor":44,"turns":7},{"damage":13,"enemies":"Maw","floor":45,"turns":7},{"damage":0,"enemies":"Jaw Worm Horde","floor":46,"turns":4},{"damage":5,"enemies":"Giant Head","floor":47,"turns":5},{"damage":8,"enemies":"Donu and Deca","floor":50,"turns":8}],"seed_played":"-8759247528059253312","potions_obtained":[{"floor":5.0,"key":"Explosive Potion"},{"floor":14.0,"key":"DuplicationPotion"},{"floor":16.0,"key":"Block Potion"},{"floor":18.0,"key":"SteroidPotion"},{"floor":25.0,"key":"PowerPotion"},{"floor":31.0,"key":"Block Potion"},{"floor":33.0,"key":"FearPotion"},{"floor":35.0,"key":"PowerPotion"},{"floor":42.0,"key":"Cursed Concoction"},{"floor":46,"key":"PotionOfCapacity"},{"floor":48,"key":"LifebloodPotion"}],"is_trial":false,"path_per_floor":["M","?","$","?","M","E","R","M","T","E","M","?","R","M","R","B",null,"M","?","?","$","M","R","$","M","T","R","?","E","M","E","R_BF","B",null,"M","?","?","$","M","E","R","M","T","E","M","M","E","?","R","B",null],"character_chosen":"DEFECT","items_purchased":["ReplayTheSpireMod:CursedCoin","Gash","Replay:PocketPolymizer","Hologram","Simple Rune","Beam Cell","Strength Potion","Garlic","Toolbox"],"campfire_rested":4,"item_purchase_floors":[3,3,3,3,21,21,24,38,38],"current_hp_per_floor":[75,64,64,64,63,36,36,36,36,18,10,10,32,32,32,11,75,54,54,54,54,54,54,54,34,34,34,34,23,26,12,34,36,75,35,26,26,26,33,18,40,46,46,25,19,26,28,10,32,31],"gold":383,"neow_bonus":"RANDOM_EVENT","is_daily":false,"chose_seed":false,"campfire_upgraded":4,"win_rate":0.0,"timestamp":1610567709,"path_taken":["M","?","$","?","M","E","R","M","T","E","?","?","R","M","R","BOSS","M","?","?","$","M","R","?","M","T","R","?","E","?","E","R_BF","BOSS","M","?","?","?","M","E","R","M","T","E","M","?","E","?","R","BOSS"],"items_purchased_type":["Relic","Card","Relic","Card","Relic","Card","Potion","Relic","Relic"],"build_version":"2020-12-22","purchased_purges":2,"victory":true,"max_hp_per_floor":[75,75,75,75,75,75,75,75,75,75,75,75,75,75,75,75,75,75,75,75,75,75,75,75,75,75,75,75,75,75,75,75,75,75,75,75,75,75,75,75,75,75,75,75,75,75,75,75,75,75],"card_choices":[{"not_picked":["Chaos","Auto Shields"],"picked":"Panic Button","floor":1.0},{"not_picked":["Coolheaded","Hologram"],"picked":"Conserve Battery","floor":5.0},{"not_picked":["Hello World","Force Field","Stack"],"picked":"SKIP","floor":6.0},{"not_picked":["Lockon","Barrage"],"picked":"Streamline","floor":8.0},{"not_picked":["Coolheaded","Panic Button","Mirror Shield"],"picked":"SKIP","floor":10.0},{"not_picked":["Blizzard","Sweeping Beam","Heatsinks"],"picked":"SKIP","floor":11.0},{"not_picked":["Streamline","Barrage","Hologram"],"picked":"SKIP","floor":14.0},{"not_picked":["Thunder Strike","Echo Form"],"picked":"Creative AI","floor":16.0},{"not_picked":["Aggregate","Doom and Gloom+1"],"picked":"Go for the Eyes","floor":18.0},{"not_picked":["Rip and Tear","Go for the Eyes"],"picked":"Self Repair","floor":22.0},{"not_picked":["Conserve Battery+1","ReplayTheSpireMod:System Scan","Streamline"],"picked":"SKIP","floor":25.0},{"not_picked":["Chaos","Panic Button"],"picked":"Capacitor+1","floor":29.0},{"not_picked":["Hologram","ReplayTheSpireMod:Reroute Power+1","Cold Snap"],"picked":"SKIP","floor":30.0},{"not_picked":["ReplayTheSpireMod:Omega Cannon","Stack","Cold Snap+1"],"picked":"SKIP","floor":31.0},{"not_picked":["Multi-Cast","Buffer"],"picked":"Echo Form","floor":33.0},{"not_picked":["Conserve Battery+1","Reinforced Body+1","Go for the Eyes+1"],"picked":"SKIP","floor":35.0},{"not_picked":["Beam Cell","Heatsinks"],"picked":"FTL+1","floor":39.0},{"not_picked":["Sweeping Beam+1","ReplayTheSpireMod:Fabricate Wheel","Coolheaded"],"picked":"SKIP","floor":40.0},{"not_picked":["Reprogram+1","Leap+1","Beam Cell+1"],"picked":"SKIP","floor":42.0},{"not_picked":["Redo+1","Conserve Battery"],"picked":"Reboot","floor":44},{"not_picked":["Hologram","Beam Cell+1","Conserve Battery"],"picked":"SKIP","floor":45},{"not_picked":["Beam Cell","Streamline+1"],"picked":"White Noise","floor":46},{"not_picked":["Steam Power+1","Sunder+1","Rebound"],"picked":"SKIP","floor":47}],"player_experience":70101,"relics_obtained":[{"floor":6.0,"key":"ReplayTheSpireMod:Ninjato"},{"floor":9.0,"key":"Bag of Marbles"},{"floor":10.0,"key":"Omamori"},{"floor":26.0,"key":"MawBank"},{"floor":29.0,"key":"Pen Nib"},{"floor":29.0,"key":"Lantern"},{"floor":31.0,"key":"Nunchaku"},{"floor":31.0,"key":"Replay:Accelerometer"},{"floor":40.0,"key":"ReplayFunnel"},{"floor":40.0,"key":"Bag of Preparation"},{"floor":43.0,"key":"Lizard Tail"},{"floor":44,"key":"Happy Flower"},{"floor":44,"key":"Counterbalance"},{"floor":47,"key":"ReplayTheSpireMod:Lightbulb"},{"floor":47,"key":"Replay:Bandana"},{"floor":48,"key":"HornCleat"}],"event_choices":[{"damage_healed":0.0,"max_hp_gain":0.0,"max_hp_loss":0.0,"gold_gain":0.0,"cards_transformed":["Defend_B"],"event_name":"Living Wall","player_choice":"Change","floor":0.0,"gold_loss":0.0,"damage_taken":0.0,"cards_obtained":["Glacier"]},{"damage_healed":0.0,"max_hp_gain":0.0,"max_hp_loss":0.0,"gold_gain":75.0,"event_name":"World of Goop","player_choice":"Gather Gold","floor":2.0,"gold_loss":0.0,"damage_taken":11.0},{"damage_healed":0.0,"max_hp_gain":0.0,"max_hp_loss":0.0,"gold_gain":0.0,"event_name":"Accursed Blacksmith","player_choice":"Forge","floor":4.0,"gold_loss":0.0,"damage_taken":0.0,"cards_upgraded":["Gash"]},{"damage_healed":0.0,"max_hp_gain":0.0,"max_hp_loss":0.0,"gold_gain":0.0,"event_name":"Shining Light","player_choice":"Ignored","floor":12.0,"gold_loss":0.0,"damage_taken":0.0},{"damage_healed":0.0,"max_hp_gain":0.0,"max_hp_loss":0.0,"gold_gain":275.0,"event_name":"Golden Shrine","player_choice":"Desecrate","floor":28.0,"gold_loss":0.0,"damage_taken":0.0,"cards_obtained":["Regret"]},{"damage_healed":0.0,"max_hp_gain":0.0,"max_hp_loss":0.0,"gold_gain":0.0,"event_name":"Winding Halls","player_choice":"Embrace Madness","floor":36.0,"gold_loss":0.0,"damage_taken":9.0,"cards_obtained":["Madness","Madness"]},{"damage_healed":0.0,"max_hp_gain":0.0,"max_hp_loss":0.0,"gold_gain":0.0,"event_name":"Tomb of Lord Red Mask","player_choice":"Ignored","floor":37.0,"gold_loss":0.0,"damage_taken":0.0}],"is_beta":false,"boss_relics":[{"not_picked":["conspire:SeveredTorchhead","conspire:SpecialSausage"],"picked":"Black Star"},{"not_picked":["Cursed Key","Replay:Wanted Poster"],"picked":"Astrolabe"}],"items_purged_floors":[3,38],"is_endless":false,"potions_floor_spawned":[5,14,16,18,25,31,33,35,42,46],"ascension_level":1}}