{"host":"3sy7znbn119ou4bz","time":1610571834,"event":{"mods":["Arknights The Spire","Bard","BaseMod","BetterRewards","CapriCore","Dio Mod","Energized Spire","Hermit","HexUI Lib","Hubris","Infinite Spire","JesterMod","KinomotoSakuraMod(????)","Minty Spire (QoL Compilation)","Railgun Mod","Remilia_Scarlet Moed?????·?????3.3.5","Replay The Spire","Shop Mod","StSLib","The Construct","The Exalted","The Fake Hero","The Immortal","The Kombatant","TheHero","TheSwordswoman","vexMod"],"gold_per_floor":[115,115,126,6,6,6,25,25,25,25,156,167,167,246,258,270,270],"floor_reached":16,"language":"ENG","playtime":2006,"items_purged":[],"score":108,"play_id":"87f0728f-a6a1-4cb6-bfcc-9cb88f9d33fd","local_time":"20210113160354","is_ascension_mode":false,"campfire_choices":[{"data":"ClowCardTheLittle","floor":6,"key":"SMITH"},{"data":"ClowCardTheLoop","floor":10,"key":"SMITH"},{"data":"ClowCardTheWood","floor":13,"key":"SMITH"},{"data":"ClowCardTheBubbles","floor":15,"key":"SMITH"}],"circlet_count":0,"master_deck":["SakuraCardTheSword+","ClowCardTheSword","ClowCardTheSword","ClowCardTheSword","ClowCardTheShield","ClowCardTheShield","ClowCardTheShield","ClowCardTheShield","SpellCardSeal","ClowCardTheLittle+1","ClowCardTheLoop+1","ClowCardTheShadow","ClowCardTheBubbles+1","ClowCardTheShot","ClowCardTheSand","ClowCardTheWood+1","ClowCardTheEarthy"],"relics":["KSMOD_SealedBook","KSMOD_SealedWand","Pen Nib","Centennial Puzzle","hubris:MobiusCoin","MawBank"],"acts_visited":["Exordium"],"potions_floor_usage":[16],"damage_taken":[{"damage":3,"enemies":"2 Louse","floor":1,"turns":3},{"damage":5,"enemies":"Cultist","floor":3,"turns":4},{"damage":7,"enemies":"Jaw Worm","floor":7,"turns":5},{"damage":19,"enemies":"3 Sentries","floor":11,"turns":14},{"damage":6,"enemies":"Red Slaver","floor":12,"turns":5},{"damage":10,"enemies":"Gremlin Nob","floor":14,"turns":5},{"damage":37,"enemies":"Fading Forest","floor":16,"turns":8}],"seed_played":"2482868264353417384","potions_obtained":[{"floor":3,"key":"Explosive Potion"},{"floor":14,"key":"GamblersBrew"}],"is_trial":false,"path_per_floor":["M","?","M","$","T","R","M","?","T","R","E","M","R","E","R","B"],"character_chosen":"KINOMOTOSAKURA","items_purchased":["ClowCardTheShadow","ClowCardTheBubbles"],"campfire_rested":0,"item_purchase_floors":[4,4],"current_hp_per_floor":[74,74,69,69,69,69,62,62,62,62,43,37,37,27,27,0,0],"gold":270,"neow_bonus":"TEN_PERCENT_HP_BONUS","is_daily":false,"chose_seed":false,"campfire_upgraded":4,"win_rate":0.0,"timestamp":1610571834,"path_taken":["M","?","M","$","?","R","M","?","T","R","E","M","R","E","R","BOSS"],"items_purchased_type":["Card","Card"],"build_version":"2020-12-22","purchased_purges":0,"victory":false,"max_hp_per_floor":[77,77,77,77,77,77,77,77,77,77,77,77,77,77,77,77,77],"card_choices":[{"not_picked":["ClowCardTheSong","ClowCardTheWatery"],"picked":"ClowCardTheLittle","floor":1},{"not_picked":["ClowCardTheArrow","ClowCardTheLock"],"picked":"ClowCardTheLoop","floor":3},{"not_picked":["ClowCardTheFreeze","ClowCardTheLock"],"picked":"ClowCardTheShot","floor":7},{"not_picked":["ClowCardTheBubbles","ClowCardTheLibra"],"picked":"ClowCardTheSand","floor":11},{"not_picked":["ClowCardTheEarthy","ClowCardTheSand"],"picked":"ClowCardTheWood","floor":12},{"not_picked":["ClowCardTheShadow","ClowCardTheVoice"],"picked":"ClowCardTheEarthy","floor":14}],"player_experience":26317,"relics_obtained":[{"floor":5,"key":"Pen Nib"},{"floor":9,"key":"Centennial Puzzle"},{"floor":11,"key":"hubris:MobiusCoin"},{"floor":14,"key":"MawBank"}],"event_choices":[{"cards_removed":["SpellCardRelease"],"damage_healed":0,"gold_gain":0,"player_choice":"Offered Basic","damage_taken":0,"max_hp_gain":0,"max_hp_loss":0,"event_name":"Bonfire Elementals","floor":2,"gold_loss":0},{"damage_healed":0,"gold_gain":0,"player_choice":"Ignored","damage_taken":0,"max_hp_gain":0,"max_hp_loss":0,"event_name":"NoteForYourself","floor":8,"gold_loss":0}],"is_beta":false,"boss_relics":[],"items_purged_floors":[],"is_endless":false,"potions_floor_spawned":[3,14],"killed_by":"Fading Forest","ascension_level":0}}