{"host":"c3lc60y5x60jlt1y","time":1610517432,"event":{"mods":["AchievementEnabler","BaseMod","Bestiary","Colored Map","Minty Spire (QoL Compilation)","Quick Restart","StSLib","ojb\u0027s Info Mod"],"gold_per_floor":[110,110,129,54,69,69,104,104,130,140,171,190,222,240,240,341,341,356,371,389,389,104,133,153,153,202,228,228,228,254,269,269,373,373,390,26,36,49,65,65,91,91,91,445,445,478,478,491,491,491],"floor_reached":51,"playtime":54679,"items_purged":["Strike_B","Strike_B","Defend_B"],"score":930,"play_id":"5da49ad5-2c45-4d17-9ba6-06b887499bc4","local_time":"20210113075712","is_ascension_mode":true,"campfire_choices":[{"data":"Streamline","floor":6,"key":"SMITH"},{"data":"Dualcast","floor":8,"key":"SMITH"},{"floor":15,"key":"REST"},{"data":"Electrodynamics","floor":25,"key":"SMITH"},{"data":"Defragment","floor":29,"key":"SMITH"},{"floor":32,"key":"REST"},{"data":"Chaos","floor":40,"key":"SMITH"},{"data":"Discovery","floor":49,"key":"SMITH"}],"circlet_count":0,"master_deck":["Zap+1","Dualcast+1","Lockon","Streamline+1","Steam","Core Surge","Undo","Redo+1","Glacier","Chill","Electrodynamics+1","Genetic Algorithm","Conserve Battery","BootSequence","Consume","Turbo","Defragment+1","Stack","Electrodynamics","Blizzard","Echo Form","Reinforced Body+1","Chaos+1","Static Discharge+1","Ball Lightning+1","Discovery+1","Reboot","Doubt","Storm"],"relics":["Cracked Core","Happy Flower","Boot","Smiling Mask","Mercury Hourglass","Inserter","Runic Capacitor","Mango","Centennial Puzzle","Darkstone Periapt","War Paint","Busted Crown","Question Card","Eternal Feather","Old Coin","DataDisk"],"acts_visited":["Exordium","TheCity","TheBeyond"],"potions_floor_usage":[13,13,23,27,31,33,48,50],"damage_taken":[{"damage":1,"enemies":"Cultist","floor":1,"turns":3},{"damage":7,"enemies":"2 Louse","floor":3,"turns":2},{"damage":0,"enemies":"Small Slimes","floor":5,"turns":2},{"damage":18,"enemies":"Gremlin Nob","floor":7,"turns":3},{"damage":0,"enemies":"Looter","floor":10,"turns":2},{"damage":10,"enemies":"3 Sentries","floor":11,"turns":4},{"damage":0,"enemies":"Large Slime","floor":12,"turns":5},{"damage":12,"enemies":"Gremlin Nob","floor":13,"turns":3},{"damage":0,"enemies":"Exordium Thugs","floor":14,"turns":4},{"damage":11,"enemies":"Hexaghost","floor":16,"turns":10},{"damage":1,"enemies":"3 Byrds","floor":18,"turns":4},{"damage":0,"enemies":"Spheric Guardian","floor":19,"turns":3},{"damage":2,"enemies":"Snecko","floor":20,"turns":4},{"damage":19,"enemies":"Slavers","floor":23,"turns":4},{"damage":11,"enemies":"Snake Plant","floor":24,"turns":4},{"damage":0,"enemies":"Gremlin Leader","floor":27,"turns":6},{"damage":35,"enemies":"Slavers","floor":30,"turns":5},{"damage":1,"enemies":"Centurion and Healer","floor":31,"turns":3},{"damage":22,"enemies":"Champ","floor":33,"turns":7},{"damage":11,"enemies":"3 Darklings","floor":35,"turns":2},{"damage":0,"enemies":"Orb Walker","floor":37,"turns":4},{"damage":1,"enemies":"4 Shapes","floor":38,"turns":5},{"damage":0,"enemies":"Sphere and 2 Shapes","floor":39,"turns":3},{"damage":20,"enemies":"Reptomancer","floor":41,"turns":5},{"damage":36,"enemies":"2 Orb Walkers","floor":44,"turns":5},{"damage":0,"enemies":"Giant Head","floor":46,"turns":8},{"damage":0,"enemies":"Transient","floor":48,"turns":5},{"damage":25,"enemies":"Time Eater","floor":50,"turns":9}],"seed_played":"7837797722262117434","potions_obtained":[{"floor":3,"key":"Weak Potion"},{"floor":7,"key":"Fire Potion"},{"floor":10,"key":"EssenceOfSteel"},{"floor":14,"key":"Fire Potion"},{"floor":16,"key":"FairyPotion"},{"floor":23,"key":"LiquidMemories"},{"floor":30,"key":"ColorlessPotion"},{"floor":31,"key":"SteroidPotion"},{"floor":41,"key":"Dexterity Potion"},{"floor":44,"key":"ColorlessPotion"},{"floor":46,"key":"LiquidBronze"}],"is_trial":false,"path_per_floor":["M","?","M","$","M","R","E","R","T","M","E","M","E","M","R","B",null,"M","M","M","?","$","E","M","R","T","E","?","R","E","M","R","B",null,"M","$","M","M","M","R","E","?","T","?","?","E","?","M","R","B",null],"character_chosen":"DEFECT","items_purchased":["Runic Capacitor","Consume","Question Card","Chaos"],"campfire_rested":2,"item_purchase_floors":[22,22,36,36],"current_hp_per_floor":[67,67,60,60,60,60,42,42,42,42,32,32,20,20,40,29,68,67,67,65,65,65,60,49,49,49,49,49,49,14,13,37,15,82,71,71,71,70,70,70,50,50,50,14,14,14,88,88,88,63],"gold":491,"neow_bonus":"REMOVE_TWO","is_daily":false,"chose_seed":false,"campfire_upgraded":6,"win_rate":0.0,"timestamp":1610517432,"path_taken":["M","?","M","$","M","R","E","R","T","M","E","M","E","M","R","BOSS","M","?","M","?","$","E","M","R","T","E","?","R","E","M","R","BOSS","M","$","M","M","M","R","E","?","T","?","?","E","?","M","R","BOSS"],"items_purchased_type":["Relic","Card","Relic","Card"],"build_version":"2020-12-22","purchased_purges":3,"victory":true,"max_hp_per_floor":[68,68,68,68,68,68,68,68,68,68,68,68,68,68,68,68,68,68,68,68,68,68,82,82,82,82,82,82,82,82,82,82,82,82,82,82,82,82,82,82,82,82,82,82,82,82,88,88,88,88],"card_choices":[{"not_picked":["Hologram","Skim"],"picked":"Lockon","floor":1},{"not_picked":["Beam Cell","Turbo"],"picked":"Ball Lightning","floor":3},{"not_picked":["Go for the Eyes","Hologram"],"picked":"Streamline","floor":5},{"not_picked":["Gash","White Noise"],"picked":"Steam","floor":7},{"not_picked":["Stack","Sweeping Beam"],"picked":"Core Surge","floor":10},{"not_picked":["Darkness","Reinforced Body"],"picked":"Undo","floor":11},{"not_picked":["Streamline","Barrage"],"picked":"Redo","floor":12},{"not_picked":["Turbo","Rebound"],"picked":"Glacier","floor":13},{"not_picked":["Doom and Gloom","Steam"],"picked":"Chill","floor":14},{"not_picked":["Buffer","Meteor Strike"],"picked":"Electrodynamics","floor":16},{"not_picked":["Stack","Melter"],"picked":"Genetic Algorithm","floor":18},{"not_picked":["Cold Snap","Stack+1"],"picked":"Conserve Battery","floor":19},{"not_picked":["Coolheaded+1","Force Field"],"picked":"BootSequence","floor":20},{"not_picked":["Skim","Scrape"],"picked":"Turbo","floor":23},{"not_picked":["Beam Cell","Conserve Battery","Barrage"],"picked":"SKIP","floor":24},{"not_picked":["Compile Driver","Streamline","Rip and Tear"],"picked":"SKIP","floor":27},{"not_picked":["Compile Driver","Rebound"],"picked":"Electrodynamics","floor":30},{"not_picked":["Compile Driver","Rebound"],"picked":"Blizzard","floor":31},{"not_picked":["Creative AI","Multi-Cast"],"picked":"Echo Form","floor":33},{"not_picked":[],"picked":"Reinforced Body+1","floor":35},{"not_picked":["Steam+1","Redo"],"picked":"SKIP","floor":37},{"not_picked":["Redo","Compile Driver"],"picked":"SKIP","floor":38},{"not_picked":["Go for the Eyes+1","BootSequence+1"],"picked":"SKIP","floor":39},{"not_picked":["White Noise+1"],"picked":"Static Discharge+1","floor":41},{"not_picked":["Rebound"],"picked":"Ball Lightning+1","floor":44},{"not_picked":["HandOfGreed"],"picked":"Discovery","floor":45},{"not_picked":["Leap+1"],"picked":"Reboot","floor":46},{"not_picked":["Streamline+1"],"picked":"Storm","floor":48}],"player_experience":7943625,"relics_obtained":[{"floor":7,"key":"Happy Flower"},{"floor":9,"key":"Boot"},{"floor":11,"key":"Smiling Mask"},{"floor":13,"key":"Mercury Hourglass"},{"floor":23,"key":"Mango"},{"floor":26,"key":"Centennial Puzzle"},{"floor":27,"key":"Darkstone Periapt"},{"floor":30,"key":"War Paint"},{"floor":41,"key":"Eternal Feather"},{"floor":44,"key":"Old Coin"},{"floor":46,"key":"DataDisk"}],"event_choices":[{"damage_healed":0,"gold_gain":0,"player_choice":"0 cards matched","damage_taken":0,"max_hp_gain":0,"max_hp_loss":0,"event_name":"Match and Keep!","floor":2,"gold_loss":0,"cards_obtained":[]},{"cards_removed":["Defend_B"],"damage_healed":0,"gold_gain":0,"player_choice":"Elegance","damage_taken":0,"max_hp_gain":0,"max_hp_loss":0,"event_name":"Back to Basics","floor":21,"gold_loss":0},{"damage_healed":0,"gold_gain":0,"cards_transformed":["Strike_B","Defend_B"],"player_choice":"Became Test Subject","damage_taken":0,"max_hp_gain":0,"max_hp_loss":0,"event_name":"Drug Dealer","floor":28,"gold_loss":0,"cards_obtained":["Defragment","Stack"]},{"cards_removed":["Ball Lightning"],"damage_healed":0,"gold_gain":0,"player_choice":"Removed Attack","damage_taken":0,"max_hp_gain":0,"max_hp_loss":0,"event_name":"Falling","floor":42,"gold_loss":0},{"damage_healed":0,"gold_gain":0,"player_choice":"Fight","damage_taken":0,"max_hp_gain":0,"max_hp_loss":0,"event_name":"Mysterious Sphere","floor":44,"gold_loss":0},{"damage_healed":0,"gold_gain":0,"player_choice":"Memory 1","damage_taken":0,"max_hp_gain":0,"max_hp_loss":0,"event_name":"SensoryStone","floor":45,"gold_loss":0},{"damage_healed":68,"gold_gain":0,"player_choice":"Heal","damage_taken":0,"max_hp_gain":0,"max_hp_loss":0,"event_name":"MindBloom","floor":47,"gold_loss":0,"cards_obtained":["Doubt"]}],"is_beta":false,"boss_relics":[{"not_picked":["Nuclear Battery","Tiny House"],"picked":"Inserter"},{"not_picked":["Calling Bell","Pandora\u0027s Box"],"picked":"Busted Crown"}],"items_purged_floors":[4,22,36],"is_endless":false,"potions_floor_spawned":[3,7,10,14,16,18,23,30,31,41,44,46],"ascension_level":3}}