{"host":"uzcks4yhskks9i02","time":1610555696,"event":{"mods":["BaseMod","Minty Spire (QoL Compilation)","Quick Restart"],"gold_per_floor":[364,379,379,398,409,409,442,442,469,485,485,760,94,114,114,188,188,202,33,50,69,169,169,169],"floor_reached":23,"language":"ENG","playtime":1246,"items_purged":["Regret","Regret"],"score":328,"play_id":"2767a2b4-6b17-4b38-bce1-d801f85742d7","local_time":"20210113093456","is_ascension_mode":true,"campfire_choices":[{"floor":6.0,"key":"REST"},{"floor":8.0,"key":"REST"},{"data":"Perfected Strike","floor":11.0,"key":"SMITH"},{"data":"Double Tap","floor":15.0,"key":"SMITH"}],"circlet_count":0,"master_deck":["AscendersBane","Strike_R","Strike_R","Strike_R","Strike_R","Strike_R","Defend_R","Defend_R","Defend_R","Defend_R","Bash","Burning Pact","Perfected Strike+1","Twin Strike","Iron Wave","Wild Strike","Double Tap+1","Perfected Strike+1","Dropkick+1","Power Through+1","Berserk","Clothesline+1","Ghostly Armor+1","Carnage+1","Cleave+1"],"relics":["Burning Blood","FaceOfCleric","Boot","Blood Vial","Molten Egg 2","Toxic Egg 2","Black Star"],"acts_visited":["Exordium","TheCity"],"potions_floor_usage":[20,21],"damage_taken":[{"damage":12.0,"enemies":"Small Slimes","floor":1.0,"turns":3.0},{"damage":10.0,"enemies":"Cultist","floor":2.0,"turns":5.0},{"damage":7.0,"enemies":"Jaw Worm","floor":4.0,"turns":2.0},{"damage":50.0,"enemies":"Exordium Thugs","floor":5.0,"turns":5.0},{"damage":25.0,"enemies":"Lagavulin","floor":7.0,"turns":7.0},{"damage":12.0,"enemies":"2 Fungi Beasts","floor":10.0,"turns":3.0},{"damage":3.0,"enemies":"Large Slime","floor":14.0,"turns":2.0},{"damage":21.0,"enemies":"Slime Boss","floor":16.0,"turns":9.0},{"damage":49.0,"enemies":"Shell Parasite","floor":18.0,"turns":7.0},{"damage":18,"enemies":"3 Byrds","floor":20,"turns":5},{"damage":15,"enemies":"Snecko","floor":21,"turns":4},{"damage":17,"enemies":"Centurion and Healer","floor":23,"turns":4}],"seed_played":"-6370285769136693146","potions_obtained":[{"floor":4.0,"key":"SneckoOil"},{"floor":7.0,"key":"Energy Potion"},{"floor":10.0,"key":"SpeedPotion"},{"floor":18.0,"key":"DistilledChaos"},{"floor":21,"key":"SpeedPotion"}],"is_trial":false,"path_per_floor":["M","M","?","M","M","R","E","R","T","M","R","?","$","M","R","B",null,"M","$","M","M","?","M"],"character_chosen":"IRONCLAD","items_purchased":["Molten Egg 2","Perfected Strike+1","Toxic Egg 2","Dropkick+1","Ghostly Armor+1"],"campfire_rested":2,"item_purchase_floors":[13,13,13,13,19],"current_hp_per_floor":[62,58,58,58,15,38,20,43,43,40,40,40,40,46,46,34,69,29,29,20,14,14,0,0],"gold":169,"neow_bonus":"TWO_FIFTY_GOLD","is_daily":false,"chose_seed":false,"campfire_upgraded":2,"win_rate":0.0,"timestamp":1610555696,"path_taken":["M","M","?","?","M","R","E","R","T","M","R","?","$","M","R","BOSS","M","$","?","M","?","M"],"items_purchased_type":["Relic","Card","Relic","Card","Card"],"build_version":"2020-12-22","purchased_purges":2,"victory":false,"max_hp_per_floor":[75,75,75,76,77,77,78,78,78,79,79,79,79,80,80,81,81,82,82,83,84,84,84,84],"card_choices":[{"not_picked":["Pommel Strike","Heavy Blade"],"picked":"Burning Pact","floor":1.0},{"not_picked":["Body Slam","Shockwave"],"picked":"Perfected Strike","floor":2.0},{"not_picked":["Heavy Blade","Hemokinesis"],"picked":"Twin Strike","floor":4.0},{"not_picked":["Sword Boomerang","Body Slam"],"picked":"Iron Wave","floor":5.0},{"not_picked":["Anger","Sever Soul"],"picked":"Wild Strike","floor":7.0},{"not_picked":["Havoc","Body Slam"],"picked":"Double Tap","floor":10.0},{"not_picked":["Shrug It Off+1","Sentinel+1"],"picked":"Power Through+1","floor":14.0},{"not_picked":["Brutality","Juggernaut"],"picked":"Berserk","floor":16.0},{"not_picked":["Sword Boomerang+1","Searing Blow+1"],"picked":"Clothesline+1","floor":18.0},{"not_picked":["Clothesline+1","Twin Strike+1"],"picked":"Carnage+1","floor":20},{"not_picked":["Reckless Charge+1","Iron Wave+1"],"picked":"Cleave+1","floor":21}],"player_experience":500411,"relics_obtained":[{"floor":7.0,"key":"Boot"},{"floor":9.0,"key":"Blood Vial"}],"event_choices":[{"damage_healed":0.0,"max_hp_gain":0.0,"max_hp_loss":0.0,"gold_gain":0.0,"event_name":"FaceTrader","player_choice":"Trade","floor":3.0,"gold_loss":0.0,"damage_taken":0.0,"relics_obtained":["FaceOfCleric"]},{"damage_healed":0.0,"max_hp_gain":0.0,"max_hp_loss":0.0,"gold_gain":275.0,"event_name":"Golden Shrine","player_choice":"Desecrate","floor":12.0,"gold_loss":0.0,"damage_taken":0.0,"cards_obtained":["Regret"]},{"damage_healed":0,"gold_gain":100,"player_choice":"Pray","damage_taken":0,"max_hp_gain":0,"max_hp_loss":0,"event_name":"Golden Shrine","floor":22,"gold_loss":0}],"is_beta":false,"boss_relics":[{"not_picked":["Black Blood","Runic Cube"],"picked":"Black Star"}],"items_purged_floors":[13,19],"is_endless":false,"potions_floor_spawned":[4,7,10,18,21],"killed_by":"Centurion and Healer","ascension_level":14}}