{"host":"1hzg86ju9fvxh562","time":1610551034,"event":{"mods":["AchievementEnabler","Act Like it!","AlwaysNeverKeys","BaseMod","Bestiary","Better Altar","Better Match","Better Note","Better Sensory Stone","Better Skull","Better Third Choice","Colored Map","Colored Powertips","Curses Come First","Displayed Cursed Tome","Filter the Spire","Highlight Path","Keyboard Shortcuts","Minty Spire (QoL Compilation)","Rare Cards Sparkle","Relic Sorter","Relic Stats","Spicy Shops","StSLib","everything is the same but u backflip on backflip","slay the spire mod where everything is the same but ironclad has a cowboy hat"],"gold_per_floor":[119,449,459,136,156,156,156],"floor_reached":6,"language":"ENG","playtime":277,"items_purged":["Defend_P"],"score":36,"play_id":"aa823566-f56e-4217-95c2-12fe9c4c348e","local_time":"20210113131714","is_ascension_mode":false,"campfire_choices":[],"circlet_count":0,"master_deck":["Strike_P+1","Strike_P","Strike_P","Strike_P","Defend_P","Defend_P","Defend_P","Eruption","Vigilance","EmptyFist","FollowUp","CarveReality"],"relics":["Black Star","Omamori","Ornamental Fan"],"acts_visited":["Exordium"],"potions_floor_usage":[6],"damage_taken":[{"damage":0.0,"enemies":"2 Louse","floor":1.0,"turns":2.0},{"damage":6.0,"enemies":"Cultist","floor":3.0,"turns":3.0},{"damage":10,"enemies":"Small Slimes","floor":5,"turns":2},{"damage":9,"enemies":"3 Sentries","floor":6,"turns":6}],"seed_played":"-6890432219428781320","potions_obtained":[{"floor":3.0,"key":"SneckoOil"}],"is_trial":false,"path_per_floor":["M","?","M","$","M","E"],"character_chosen":"WATCHER","items_purchased":["Omamori","Ornamental Fan"],"campfire_rested":0,"item_purchase_floors":[4,4],"current_hp_per_floor":[72,33,27,27,17,8,8],"gold":156,"neow_bonus":"BOSS_RELIC","is_daily":false,"chose_seed":false,"campfire_upgraded":0,"win_rate":0.0,"timestamp":1610551034,"path_taken":["M","?","?","$","M","E"],"items_purchased_type":["Relic","Relic"],"build_version":"2020-12-22","purchased_purges":1,"victory":false,"max_hp_per_floor":[72,72,72,72,72,72,72],"relic_stats":{"counters":[4,13],"Ornamental Fan":[8],"Black Star":0,"obtain_stats":[{"Ornamental Fan":4,"Black Star":0,"Omamori":4,"PureWater":0},{"Ornamental Fan":2,"Black Star":0,"Omamori":2,"PureWater":0},{"Ornamental Fan":5,"Black Star":0,"Omamori":5,"PureWater":0}]},"card_choices":[{"not_picked":["Halt","Swivel"],"picked":"EmptyFist","floor":1.0},{"not_picked":["EmptyBody","ReachHeaven"],"picked":"FollowUp","floor":3.0},{"not_picked":["EmptyBody","ClearTheMind"],"picked":"CarveReality","floor":5}],"player_experience":463226,"relics_obtained":[],"event_choices":[{"damage_healed":0.0,"max_hp_gain":0.0,"max_hp_loss":0.0,"gold_gain":330.0,"event_name":"betterSkull:BetterSkull","player_choice":"GO GO GO UP ","floor":2.0,"gold_loss":0.0,"damage_taken":44.0,"cards_upgraded":["Strike_P"],"relics_obtained":[]}],"is_beta":false,"boss_relics":[],"items_purged_floors":[4],"is_endless":false,"potions_floor_spawned":[3],"killed_by":"3 Sentries","ascension_level":0}}