{"host":"y3h3n3f7seyagppx","time":1610520604,"event":{"mods":["AlwaysNeverKeys","BaseMod","Better Vampires","Colored Powertips","DeckTracker","Emptier Cage","Minty Spire (QoL Compilation)","Permanent Neow","Quick Restart","Rare Cards Sparkle","Relic Sorter","Relic Stats","StSLib","Transform Curses"],"gold_per_floor":[116,116,133,133,58,388,388,417,417,450,350,362,362,380,380,451,451,465,483,185,195,195,228,228,254,281,306,306,306,306,356,356,430,430,440,457,55,71,71,102,102,133,160,188,201,213,213,83,83,83,83,83,83,15,46,46],"floor_reached":57,"language":"ENG","playtime":7883,"items_purged":["Strike_G","Strike_G","Strike_G"],"score":2953,"play_id":"62bde6c3-f2c6-4948-9dd4-68200bb47155","local_time":"20210113015004","is_ascension_mode":true,"campfire_choices":[{"data":"Neutralize","floor":7.0,"key":"SMITH"},{"data":"Blade Dance","floor":13.0,"key":"SMITH"},{"data":"Blade Dance","floor":15.0,"key":"SMITH"},{"floor":24.0,"key":"REST"},{"floor":30.0,"key":"REST"},{"data":"Accuracy","floor":32.0,"key":"SMITH"},{"data":"Footwork","floor":41.0,"key":"SMITH"},{"floor":47,"key":"REST"},{"floor":49,"key":"REST"},{"data":"Wraith Form v2","floor":53,"key":"SMITH"}],"circlet_count":0,"master_deck":["AscendersBane","Defend_G","Defend_G","Defend_G","Defend_G","Defend_G","Survivor","Neutralize+1","Blade Dance+1","Poisoned Stab+1","Blade Dance+1","Accuracy+1","Footwork+1","Escape Plan","After Image","Finisher","Concentrate+1","Poisoned Stab+1","Backflip","Sucker Punch+1","Prepared","Night Terror","Tools of the Trade","PiercingWail","Tactician+1","Dodge and Roll+1","PiercingWail","Blur+1","Blade Dance","Deflect+1","Cloak And Dagger+1","Wraith Form v2+1"],"relics":["Ring of the Snake","NeowsBlessing","Old Coin","Centennial Puzzle","HornCleat","Orichalcum","HoveringKite","ClockworkSouvenir","Tiny Chest","The Courier","Happy Flower","StrikeDummy","Runic Pyramid","OrangePellets","Paper Crane","Kunai","Dream Catcher","Shuriken","Boot","Pen Nib","Toolbox","Whetstone"],"acts_visited":["Exordium","TheCity","TheBeyond","TheEnding"],"potions_floor_usage":[46,56],"damage_taken":[{"damage":0.0,"enemies":"2 Louse","floor":1.0,"turns":1.0},{"damage":0.0,"enemies":"Cultist","floor":3.0,"turns":1.0},{"damage":0.0,"enemies":"3 Sentries","floor":6.0,"turns":1.0},{"damage":12.0,"enemies":"Lagavulin","floor":8.0,"turns":5.0},{"damage":5.0,"enemies":"Gremlin Nob","floor":10.0,"turns":4.0},{"damage":3.0,"enemies":"Jaw Worm","floor":12.0,"turns":2.0},{"damage":6.0,"enemies":"Exordium Wildlife","floor":14.0,"turns":3.0},{"damage":6.0,"enemies":"Hexaghost","floor":16.0,"turns":7.0},{"damage":3.0,"enemies":"2 Thieves","floor":18.0,"turns":3.0},{"damage":7.0,"enemies":"Spheric Guardian","floor":19.0,"turns":5.0},{"damage":0.0,"enemies":"Snecko","floor":21.0,"turns":5.0},{"damage":6.0,"enemies":"Book of Stabbing","floor":23.0,"turns":4.0},{"damage":1.0,"enemies":"Gremlin Leader","floor":25.0,"turns":5.0},{"damage":27.0,"enemies":"Slavers","floor":27.0,"turns":5.0},{"damage":2.0,"enemies":"Automaton","floor":33.0,"turns":12.0},{"damage":19.0,"enemies":"3 Darklings","floor":35.0,"turns":5.0},{"damage":0.0,"enemies":"3 Shapes","floor":36.0,"turns":8.0},{"damage":0.0,"enemies":"3 Darklings","floor":38.0,"turns":5.0},{"damage":0.0,"enemies":"Nemesis","floor":40.0,"turns":5.0},{"damage":5.0,"enemies":"Reptomancer","floor":42.0,"turns":6.0},{"damage":7.0,"enemies":"Giant Head","floor":44.0,"turns":3.0},{"damage":1.0,"enemies":"Jaw Worm Horde","floor":45.0,"turns":4.0},{"damage":3,"enemies":"Transient","floor":46,"turns":6},{"damage":16,"enemies":"Time Eater","floor":50,"turns":12},{"damage":1,"enemies":"Awakened One","floor":51,"turns":11},{"damage":0,"enemies":"Shield and Spear","floor":55,"turns":9},{"damage":43,"enemies":"The Heart","floor":56,"turns":11}],"seed_played":"-1617114485380427978","potions_obtained":[{"floor":2.0,"key":"Fire Potion"},{"floor":2.0,"key":"CultistPotion"},{"floor":6.0,"key":"SteroidPotion"},{"floor":8.0,"key":"SpeedPotion"},{"floor":10.0,"key":"DuplicationPotion"},{"floor":18.0,"key":"EssenceOfSteel"},{"floor":19.0,"key":"LiquidMemories"},{"floor":27.0,"key":"Fire Potion"},{"floor":42.0,"key":"SteroidPotion"}],"is_trial":false,"path_per_floor":["M","?","M","?","$","E","R","E","T","E","$","M","R","M","R","B",null,"M","M","$","M","?","E","R","E","T","E","?","?","R","?","R","B",null,"M","M","$","M","T","E","R","E","T","E","M","M","R","$","R","B","B",null,"R","$","E","B",null],"character_chosen":"THE_SILENT","items_purchased":["ClockworkSouvenir","OrangePellets","Paper Crane","PiercingWail","Toolbox","GamblersBrew"],"campfire_rested":4,"item_purchase_floors":[20,37,37,37,48,54],"current_hp_per_floor":[59,59,59,59,59,59,59,47,47,42,42,39,39,33,33,27,56,53,46,46,46,28,22,43,42,42,15,15,15,36,36,36,34,62,43,43,43,43,43,43,43,38,38,31,30,27,48,48,69,53,52,66,66,66,66,23],"gold":46,"neow_bonus":"THREE_ENEMY_KILL","is_daily":false,"chose_seed":false,"campfire_upgraded":6,"win_rate":0.0,"timestamp":1610520604,"path_taken":["M","?","?","?","$","E","R","E","T","E","?","?","R","M","R","BOSS","M","M","$","?","?","E","R","E","T","E","?","?","R","?","R","BOSS","M","M","$","M","?","E","R","E","T","E","M","?","R","?","R","BOSS","BOSS","R","$","E","BOSS"],"items_purchased_type":["Relic","Relic","Relic","Card","Relic","Potion"],"build_version":"2020-12-22","purchased_purges":3,"victory":true,"max_hp_per_floor":[66,66,66,66,66,66,66,66,66,66,66,66,66,66,66,66,66,66,66,66,66,71,71,71,71,71,71,71,71,71,71,71,71,71,71,71,71,71,71,71,71,71,71,71,71,71,71,71,71,71,71,71,71,71,71,71],"relic_stats":{"Happy Flower":[34],"counters":[27,148],"HoveringKite":[70],"Pen Nib":[19],"Whetstone":["Sucker Punch","Poisoned Stab"],"Orichalcum":[78],"Boot":[11],"OrangePellets":[5],"Centennial Puzzle":[54],"Dream Catcher":2,"Shuriken":[57],"Tiny Chest":1,"Kunai":[71],"obtain_stats":[{"NeowsBlessing":0,"Happy Flower":26,"HoveringKite":17,"The Courier":25,"Pen Nib":44,"Whetstone":55,"Orichalcum":10,"Paper Crane":37,"Boot":43,"Old Coin":6,"ClockworkSouvenir":20,"OrangePellets":37,"Centennial Puzzle":8,"Dream Catcher":40,"HornCleat":9,"Shuriken":42,"Toolbox":48,"Tiny Chest":23,"Kunai":39,"StrikeDummy":27,"Ring of the Snake":0,"Runic Pyramid":34},{"NeowsBlessing":0,"Happy Flower":13,"HoveringKite":8,"The Courier":13,"Pen Nib":21,"Whetstone":26,"Orichalcum":5,"Paper Crane":17,"Boot":20,"Old Coin":3,"ClockworkSouvenir":10,"OrangePellets":17,"Centennial Puzzle":4,"Dream Catcher":19,"HornCleat":4,"Shuriken":20,"Toolbox":23,"Tiny Chest":12,"Kunai":18,"StrikeDummy":14,"Ring of the Snake":0,"Runic Pyramid":15},{"NeowsBlessing":0,"Happy Flower":46,"HoveringKite":24,"The Courier":46,"Pen Nib":95,"Whetstone":137,"Orichalcum":12,"Paper Crane":76,"Boot":92,"Old Coin":3,"ClockworkSouvenir":32,"OrangePellets":76,"Centennial Puzzle":8,"Dream Catcher":86,"HornCleat":8,"Shuriken":92,"Toolbox":105,"Tiny Chest":41,"Kunai":81,"StrikeDummy":51,"Ring of the Snake":0,"Runic Pyramid":63}],"Ring of the Snake":[54]},"card_choices":[{"not_picked":["Outmaneuver","Acrobatics"],"picked":"Blade Dance","floor":1.0},{"not_picked":["Deflect","Acrobatics"],"picked":"Poisoned Stab","floor":3.0},{"not_picked":["Caltrops","All Out Attack"],"picked":"Blade Dance","floor":6.0},{"not_picked":["Deadly Poison","Dagger Spray"],"picked":"Accuracy","floor":8.0},{"not_picked":["Bane","Envenom"],"picked":"Footwork","floor":10.0},{"not_picked":["Dagger Spray","Bouncing Flask","Quick Slash"],"picked":"SKIP","floor":12.0},{"not_picked":["Calculated Gamble","Poisoned Stab"],"picked":"Escape Plan","floor":14.0},{"not_picked":["Phantasmal Killer","Bullet Time"],"picked":"After Image","floor":16.0},{"not_picked":["Bane","Dagger Throw","Expertise"],"picked":"SKIP","floor":18.0},{"not_picked":["Dash","Underhanded Strike"],"picked":"Finisher","floor":19.0},{"not_picked":["Concentrate+1","Riddle With Holes+1","Endless Agony+1"],"picked":"SKIP","floor":21.0},{"not_picked":["Riddle With Holes+1","Endless Agony+1"],"picked":"Concentrate+1","floor":21.0},{"not_picked":["Well Laid Plans","Expertise"],"picked":"Poisoned Stab+1","floor":23.0},{"not_picked":["Sucker Punch","Acrobatics"],"picked":"Backflip","floor":25.0},{"not_picked":["Finisher","Masterful Stab","Underhanded Strike"],"picked":"SKIP","floor":27.0},{"not_picked":["Burst","Corpse Explosion"],"picked":"Tools of the Trade","floor":33.0},{"not_picked":["Acrobatics","Setup","Sucker Punch"],"picked":"SKIP","floor":35.0},{"not_picked":["Flechettes","Dash+1","Poisoned Stab"],"picked":"SKIP","floor":36.0},{"not_picked":["Flechettes","Dash+1","Poisoned Stab"],"picked":"SKIP","floor":36.0},{"not_picked":["Bane","Eviscerate"],"picked":"Tactician+1","floor":38.0},{"not_picked":["Bane","Venomology"],"picked":"Dodge and Roll+1","floor":40.0},{"not_picked":["Acrobatics","Dagger Spray"],"picked":"PiercingWail","floor":42.0},{"not_picked":["Grand Finale","Quick Slash"],"picked":"Blur+1","floor":44.0},{"not_picked":["Outmaneuver","Sucker Punch"],"picked":"Blade Dance","floor":45.0},{"not_picked":["Crippling Poison+1","Distraction"],"picked":"Deflect+1","floor":46},{"not_picked":["Dagger Throw+1","Predator"],"picked":"Cloak And Dagger+1","floor":47},{"not_picked":["Terror","Deadly Poison"],"picked":"Wraith Form v2","floor":49},{"not_picked":["Dagger Spray","Masterful Stab","Blade Dance+1"],"picked":"SKIP","floor":55}],"player_experience":20775849,"relics_obtained":[{"floor":6.0,"key":"Old Coin"},{"floor":8.0,"key":"Centennial Puzzle"},{"floor":9.0,"key":"HornCleat"},{"floor":10.0,"key":"Orichalcum"},{"floor":23.0,"key":"Tiny Chest"},{"floor":25.0,"key":"The Courier"},{"floor":26.0,"key":"Happy Flower"},{"floor":27.0,"key":"StrikeDummy"},{"floor":39.0,"key":"Kunai"},{"floor":40.0,"key":"Dream Catcher"},{"floor":42.0,"key":"Shuriken"},{"floor":43.0,"key":"Boot"},{"floor":44.0,"key":"Pen Nib"},{"floor":55,"key":"Whetstone"}],"event_choices":[{"damage_healed":0.0,"max_hp_gain":0.0,"max_hp_loss":0.0,"gold_gain":0.0,"event_name":"Lab","player_choice":"Got Potions","floor":2.0,"gold_loss":0.0,"damage_taken":0.0},{"damage_healed":0.0,"max_hp_gain":0.0,"max_hp_loss":0.0,"gold_gain":0.0,"event_name":"The Cleric","player_choice":"Leave","floor":4.0,"gold_loss":0.0,"damage_taken":0.0},{"damage_healed":0.0,"max_hp_gain":5.0,"max_hp_loss":0.0,"gold_gain":0.0,"event_name":"Forgotten Altar","player_choice":"Shed Blood","floor":22.0,"gold_loss":0.0,"damage_taken":23.0},{"damage_healed":0.0,"max_hp_gain":0.0,"max_hp_loss":0.0,"gold_gain":0.0,"cards_transformed":["Strike_G","Strike_G"],"event_name":"Drug Dealer","player_choice":"Became Test Subject","floor":28.0,"gold_loss":0.0,"damage_taken":0.0,"cards_obtained":["Sucker Punch","Prepared"]},{"damage_healed":0.0,"max_hp_gain":0.0,"max_hp_loss":0.0,"gold_gain":0.0,"event_name":"The Library","player_choice":"Read","floor":29.0,"gold_loss":0.0,"damage_taken":0.0,"cards_obtained":["Night Terror"]},{"damage_healed":0.0,"max_hp_gain":0.0,"max_hp_loss":0.0,"gold_gain":50.0,"event_name":"Golden Shrine","player_choice":"Pray","floor":31.0,"gold_loss":0.0,"damage_taken":0.0}],"is_beta":false,"boss_relics":[{"not_picked":["Pandora\u0027s Box","Velvet Choker"],"picked":"HoveringKite"},{"not_picked":["Sozu","Philosopher\u0027s Stone"],"picked":"Runic Pyramid"}],"items_purged_floors":[5,11,20],"is_endless":false,"potions_floor_spawned":[6,8,10,18,19,27,35,42,45,55],"ascension_level":20}}