{"host":"qwv9nni2x0umspiu","time":1610512749,"event":{"mods":["BaseMod","Downfall","Minty Spire (QoL Compilation)","Replay The Spire","StSLib","The Hierophant","Wandering Minibosses"],"gold_per_floor":[116,191,60,79,79,111,127,127,127,127,153,219,107,122,122,164,164,180,180,194,210,53,82,160,275,300,300,290,290],"floor_reached":28,"language":"ENG","playtime":848,"items_purged":["hierophant:Strike_Hierophant","hierophant:Strike_Hierophant"],"score":678,"play_id":"592db7c0-6ae2-48ea-b83c-1835b9e43dd5","local_time":"20210112203909","is_ascension_mode":true,"campfire_choices":[{"data":"hierophant:Punish","floor":8,"key":"SMITH"},{"data":"hierophant:HammerAndAnvil","floor":10,"key":"SMITH"},{"floor":15,"key":"REST"},{"data":"hierophant:Exaltation","floor":27,"key":"SMITH"}],"circlet_count":0,"master_deck":["AscendersBane","hierophant:Strike_Hierophant","hierophant:Strike_Hierophant","hierophant:Punish+1","hierophant:Defend_Hierophant","hierophant:Defend_Hierophant","hierophant:Defend_Hierophant","hierophant:Defend_Hierophant","hierophant:ChurchCoffers+1","hierophant:Community+1","hierophant:Zeal","hierophant:HammerAndAnvil+1","hierophant:HammerAndAnvil+1","hierophant:Smite","hierophant:BulkyChest+1","hierophant:Exaltation+1"],"relics":["hierophant:PropheticMaskRelic","NeowsBlessing","Incense Burner","HornCleat","Sozu","Nunchaku","Replay:Bottled Eggs","Smiling Mask","CeramicFish"],"acts_visited":["Exordium","TheCity"],"potions_floor_usage":[11,11,16],"damage_taken":[{"damage":0,"enemies":"Jaw Worm","floor":1,"turns":1},{"damage":0,"enemies":"2 Louse","floor":4,"turns":1},{"damage":0,"enemies":"Gremlin Nob","floor":6,"turns":1},{"damage":5,"enemies":"Small Slimes","floor":7,"turns":3},{"damage":0,"enemies":"3 Sentries","floor":11,"turns":2},{"damage":0,"enemies":"Exordium Thugs","floor":14,"turns":1},{"damage":14,"enemies":"Slime Boss","floor":16,"turns":9},{"damage":16,"enemies":"Shell Parasite","floor":18,"turns":2},{"damage":0,"enemies":"3 Byrds","floor":20,"turns":4},{"damage":16,"enemies":"Snake Plant","floor":21,"turns":4},{"damage":0,"enemies":"Gremlin Leader","floor":23,"turns":3},{"damage":8,"enemies":"Replay:Snechameleon","floor":25,"turns":2},{"damage":4,"enemies":"Book of Stabbing","floor":28,"turns":4}],"seed_played":"1332824645576225475","potions_obtained":[{"floor":6,"key":"LifebloodPotion"},{"floor":7,"key":"Explosive Potion"},{"floor":14,"key":"Guardian:BlockOnCardUsePotion"}],"is_trial":false,"path_per_floor":["M","?","$","M","?","E","M","R","T","R","E","?","$","M","R","B",null,"M","?","M","M","$","E","T","E","T","R","E"],"character_chosen":"HIEROPHANT","items_purchased":["hierophant:Community","hierophant:Zeal","hierophant:HammerAndAnvil+1","hierophant:Smite"],"campfire_rested":1,"item_purchase_floors":[3,3,13,22],"current_hp_per_floor":[68,57,57,57,34,34,29,29,29,29,29,29,29,29,51,37,66,50,50,50,34,34,34,34,26,26,26,22,22],"gold":290,"neow_bonus":"THREE_ENEMY_KILL","is_daily":false,"chose_seed":false,"campfire_upgraded":3,"win_rate":0.0,"timestamp":1610512749,"path_taken":["M","?","$","M","?","E","M","R","T","R","E","?","$","M","R","BOSS","M","?","M","M","$","E","?","E","T","R","E"],"items_purchased_type":["Card","Card","Card","Card"],"build_version":"2020-12-22","purchased_purges":2,"victory":false,"max_hp_per_floor":[75,75,75,75,75,75,75,75,75,75,75,75,75,75,75,75,75,75,75,75,75,75,75,75,75,75,75,75,75],"card_choices":[{"not_picked":["hierophant:MorningPrayer","hierophant:OrnateBuckler","hierophant:Endure"],"picked":"SKIP","floor":1},{"not_picked":["hierophant:Endure","hierophant:HolyVerse","hierophant:Encroach"],"picked":"SKIP","floor":4},{"not_picked":["hierophant:SolarFlare","hierophant:RecallFunds","hierophant:Remorse"],"picked":"SKIP","floor":6},{"not_picked":["hierophant:CursedGold","hierophant:OrnateJavelin"],"picked":"hierophant:HammerAndAnvil","floor":7},{"not_picked":["hierophant:Embezzle","hierophant:Sermon","hierophant:FieryStrike"],"picked":"SKIP","floor":11},{"not_picked":["hierophant:OrnateBuckler","hierophant:Endure","hierophant:Glossolalia"],"picked":"SKIP","floor":14},{"not_picked":["hierophant:Sermon","hierophant:Encroach","hierophant:Zeal"],"picked":"SKIP","floor":18},{"not_picked":["hierophant:TollTheBells+1","hierophant:Remorse","hierophant:DisplayOfPower"],"picked":"SKIP","floor":20},{"not_picked":["hierophant:RepressedViolence","hierophant:Encroach","hierophant:Repentance"],"picked":"SKIP","floor":21},{"not_picked":["hierophant:Embezzle","hierophant:HolyVerse"],"picked":"hierophant:BulkyChest","floor":23},{"not_picked":["hierophant:SolarFlare","hierophant:Doubloon"],"picked":"hierophant:Exaltation","floor":25}],"player_experience":1356590,"relics_obtained":[{"floor":6,"key":"Incense Burner"},{"floor":11,"key":"HornCleat"},{"floor":23,"key":"Nunchaku"},{"floor":24,"key":"Replay:Bottled Eggs"},{"floor":25,"key":"Smiling Mask"},{"floor":26,"key":"CeramicFish"}],"event_choices":[{"damage_healed":0,"gold_gain":75,"player_choice":"Gather Gold","damage_taken":11,"max_hp_gain":0,"max_hp_loss":0,"event_name":"World of Goop","floor":2,"gold_loss":0},{"damage_healed":0,"gold_gain":0,"player_choice":"Entered Light","damage_taken":23,"max_hp_gain":0,"max_hp_loss":0,"event_name":"Shining Light","floor":5,"gold_loss":0,"cards_upgraded":["hierophant:Community","hierophant:ChurchCoffers"]},{"damage_healed":0,"gold_gain":66,"player_choice":"Gained Gold","damage_taken":0,"max_hp_gain":0,"max_hp_loss":0,"event_name":"Golden Wing","floor":12,"gold_loss":0}],"is_beta":false,"boss_relics":[{"not_picked":["Busted Crown","Runic Pyramid"],"picked":"Sozu"}],"items_purged_floors":[13,22],"is_endless":false,"potions_floor_spawned":[6,7,14,20,21,23],"killed_by":"Book of Stabbing","ascension_level":20}}