{"host":"cn7u0zrt5t8pfwwi","time":1610578955,"event":{"mods":["BaseMod","Better Altar","Better Skull","Better Third Choice","Downfall","Hubris","Infinite Spire","Minty Spire (QoL Compilation)","Replay The Spire","StSLib","The Cursed","The Disciple","The Wild Card"],"gold_per_floor":[112,112,130,141,141,141,171,171,171,202,202,30,45,60,60,164,164,177,195,214,231,231,260,260,260,260,294,354,372,372,287,287,392,392,406,421,433,433,433,460,460,493,493,510,510,510,510,545,545,545],"floor_reached":51,"language":"FRA","playtime":3748,"items_purged":["Strike_R"],"score":1085,"play_id":"c0116b71-81c4-44f3-aed6-7b727e2fda77","local_time":"20210114000235","is_ascension_mode":true,"campfire_choices":[{"floor":6.0,"key":"REST"},{"data":"theWildCard:Odin","floor":11.0,"key":"SMITH"},{"floor":15.0,"key":"REST"},{"data":"expansioncontent:QuickStudy","floor":25.0,"key":"SMITH"},{"data":"hubris:StunningStrike","floor":30.0,"key":"SMITH"},{"data":"Rupture","floor":32.0,"key":"SMITH"},{"data":"Double Tap","floor":41,"key":"SMITH"},{"data":"Disarm","floor":45,"key":"SMITH"},{"data":"Strike_R","floor":49,"key":"PURGE"}],"circlet_count":0,"master_deck":["Strike_R","Defend_R","Defend_R","Defend_R","Demon Form","Twin Strike","Combust","Thunderclap","theWildCard:Odin+1","ReplayTheSpireMod:Muscle Training+1","expansioncontent:QuickStudy+1","Disarm+1","hubris:StunningStrike+1","Offering","Combust","infinitespire:OneForAll+1","Heavy Blade+1","infinitespire:SevenWalls","Evolve","Clothesline+1","Rupture+1","Double Tap+1","Pommel Strike","ReplayTheSpireMod:Stacked","Offering","Eclipse"],"relics":["Burning Blood","Replay:PocketPolymizer","hubris:Reverence","Ice Cream","Peace Pipe","Sozu","infinitespire:Eraser","hubris:BottledHeart","infinitespire:CheckeredPen","infinitespire:Joker Card","Gremlin Food","hubris:SphereOfDissonance","Runic Pyramid","Lizard Tail","hubris:Towel","WingedGreaves","Bottled Lightning","Replay:Bottled Steam","Happy Flower"],"acts_visited":["Exordium","TheCity","TheBeyond"],"potions_floor_usage":[],"damage_taken":[{"damage":5.0,"enemies":"Cultist","floor":1.0,"turns":4.0},{"damage":11.0,"enemies":"Jaw Worm","floor":3.0,"turns":4.0},{"damage":6.0,"enemies":"2 Louse","floor":4.0,"turns":3.0},{"damage":23.0,"enemies":"Replay:BlueRogue","floor":7.0,"turns":5.0},{"damage":12.0,"enemies":"Lagavulin","floor":10.0,"turns":6.0},{"damage":9.0,"enemies":"Looter","floor":13.0,"turns":3.0},{"damage":4.0,"enemies":"Exordium Thugs","floor":14.0,"turns":4.0},{"damage":12.0,"enemies":"Slime Boss","floor":16.0,"turns":6.0},{"damage":19.0,"enemies":"2 Thieves","floor":18.0,"turns":4.0},{"damage":8.0,"enemies":"3 Byrds","floor":19.0,"turns":3.0},{"damage":16.0,"enemies":"Snake Plant","floor":20.0,"turns":4.0},{"damage":26.0,"enemies":"Cultist and Chosen","floor":21.0,"turns":6.0},{"damage":28.0,"enemies":"Slavers","floor":23.0,"turns":3.0},{"damage":0.0,"enemies":"Book of Stabbing","floor":27.0,"turns":7.0},{"damage":0.0,"enemies":"Snecko","floor":29.0,"turns":4.0},{"damage":0.0,"enemies":"Collector","floor":33.0,"turns":5.0},{"damage":0,"enemies":"3 Darklings","floor":35,"turns":3},{"damage":0,"enemies":"3 Shapes","floor":36,"turns":3},{"damage":0,"enemies":"Sphere and 2 Shapes","floor":37,"turns":4},{"damage":0,"enemies":"Giant Head","floor":40,"turns":6},{"damage":0,"enemies":"R_Hoarder","floor":42,"turns":4},{"damage":0,"enemies":"3 Darklings","floor":44,"turns":3},{"damage":0,"enemies":"Nemesis","floor":48,"turns":3},{"damage":0,"enemies":"Time Eater","floor":50,"turns":5}],"seed_played":"-5577849205013506987","potions_obtained":[{"floor":3.0,"key":"BlessingOfTheForge"},{"floor":14.0,"key":"SkillPotion"}],"is_trial":false,"path_per_floor":["M","?","M","M","T","R","E","?","T","E","R","$","M","M","R","B",null,"M","M","M","M","AVR","E","?","R","T","E","?","M","R","?","R","B",null,"M","M","M","AVR","?","E","R","E","T","M","R","?","?","E","R","B",null],"character_chosen":"IRONCLAD","items_purchased":["expansioncontent:QuickStudy"],"campfire_rested":2,"item_purchase_floors":[12],"current_hp_per_floor":[57,50,45,45,45,69,52,52,52,46,46,46,43,45,69,63,80,67,65,55,35,35,13,1,1,1,1,1,1,1,1,1,1,1,1,1,1,1,1,1,1,1,1,1,1,1,1,1,1,1],"gold":545,"neow_bonus":"THREE_RARE_CARDS","is_daily":false,"chose_seed":false,"campfire_upgraded":6,"win_rate":0.0,"timestamp":1610578955,"path_taken":["M","?","M","M","?","R","E","?","T","E","R","$","?","M","R","BOSS","M","M","M","M","AVR","E","?","R","T","E","?","?","R","?","R","BOSS","M","M","M","AVR","?","E","R","E","T","M","R","?","?","E","R","BOSS"],"items_purchased_type":["Card"],"build_version":"2020-12-22","purchased_purges":1,"victory":true,"max_hp_per_floor":[80,80,80,80,80,80,80,80,80,80,80,80,80,80,80,80,80,80,80,80,80,80,80,1,1,1,1,1,1,1,1,1,1,1,1,1,1,1,1,1,1,1,1,1,1,1,1,1,1,1],"card_choices":[{"not_picked":["Hemogenesis","Offering"],"picked":"Demon Form","floor":0.0},{"not_picked":["Shrug It Off","Run Through"],"picked":"Twin Strike","floor":1.0},{"not_picked":["Wild Strike","Carnage","Massacre"],"picked":"SKIP","floor":3.0},{"not_picked":["Clash","Body Slam"],"picked":"Combust","floor":4.0},{"not_picked":["Replay:Undeath\u0027s Touch","Run Through"],"picked":"Thunderclap","floor":7.0},{"not_picked":["Cleave","Metallicize","Anger"],"picked":"SKIP","floor":10.0},{"not_picked":["Replay:Undeath\u0027s Touch","Body Slam"],"picked":"Disarm","floor":13.0},{"not_picked":["Wild Strike","Sword Boomerang"],"picked":"hubris:StunningStrike","floor":14.0},{"not_picked":["ReplayTheSpireMod:Corrosion Curse","Cleave"],"picked":"Combust","floor":18.0},{"not_picked":["Armaments","Sword Boomerang+1"],"picked":"Shockwave","floor":19.0},{"not_picked":["ReplayTheSpireMod:Strike From Hell","Power Through"],"picked":"infinitespire:OneForAll+1","floor":20.0},{"not_picked":["Armaments","Battle Trance"],"picked":"Heavy Blade+1","floor":21.0},{"not_picked":["Run Through","Intimidate","Havoc"],"picked":"SKIP","floor":23.0},{"not_picked":["Pummel+1","Headbutt","Wild Strike"],"picked":"SKIP","floor":27.0},{"not_picked":["Anger","Headbutt"],"picked":"Evolve","floor":28.0},{"not_picked":["Heavy Blade","Defy Death"],"picked":"Clothesline+1","floor":29.0},{"not_picked":["Feed","Immolate"],"picked":"Double Tap","floor":33.0},{"not_picked":["Rampage","Ghostly Armor"],"picked":"Pommel Strike","floor":35},{"not_picked":["Carnage","Anger","Iron Wave"],"picked":"SKIP","floor":36},{"not_picked":["Anger+1","Perfected Strike","Heavy Blade"],"picked":"SKIP","floor":37},{"not_picked":["Havoc+1","Pummel","Cleave+1"],"picked":"SKIP","floor":40},{"not_picked":["Defy Death","Shrug It Off+1"],"picked":"Offering","floor":42},{"not_picked":["Headbutt+1","Twin Strike+1","Cleave"],"picked":"SKIP","floor":44},{"not_picked":["Clothesline","ReplayTheSpireMod:Stacked+1"],"picked":"Eclipse","floor":48}],"player_experience":46188,"relics_obtained":[{"floor":5.0,"key":"Replay:PocketPolymizer"},{"floor":7.0,"key":"hubris:Reverence"},{"floor":9.0,"key":"Ice Cream"},{"floor":10.0,"key":"Peace Pipe"},{"floor":23.0,"key":"infinitespire:Eraser"},{"floor":26.0,"key":"infinitespire:CheckeredPen"},{"floor":27.0,"key":"infinitespire:Joker Card"},{"floor":28.0,"key":"Gremlin Food"},{"floor":40,"key":"WingedGreaves"},{"floor":42,"key":"Bottled Lightning"},{"floor":43,"key":"Replay:Bottled Steam"},{"floor":48,"key":"Happy Flower"}],"event_choices":[{"cards_removed":["Strike_R"],"damage_healed":0.0,"max_hp_gain":0.0,"max_hp_loss":0.0,"gold_gain":0.0,"event_name":"Golden Wing","player_choice":"Card Removal","floor":2.0,"gold_loss":0.0,"damage_taken":7.0},{"damage_healed":0.0,"max_hp_gain":0.0,"max_hp_loss":0.0,"gold_gain":0.0,"event_name":"Addict","player_choice":"Obtained Relic","floor":31.0,"gold_loss":85.0,"damage_taken":0.0,"relics_obtained":["hubris:SphereOfDissonance"]},{"damage_healed":0,"gold_gain":0,"player_choice":"Upgraded","damage_taken":0,"max_hp_gain":0,"max_hp_loss":0,"event_name":"Upgrade Shrine","floor":47,"gold_loss":0,"cards_upgraded":["ReplayTheSpireMod:Muscle Training"]}],"is_beta":false,"boss_relics":[{"not_picked":["infinitespire:Cupcake","Replay:Drink Me"],"picked":"Sozu"},{"not_picked":["ReplayTheSpireMod:SealedPack","Snecko Eye"],"picked":"Runic Pyramid"}],"items_purged_floors":[38],"is_endless":false,"potions_floor_spawned":[3,14,18,21,23,27,33,36,42,44,48],"ascension_level":1}}