{"host":"2lvuisjyit3p3u01","time":1610561606,"event":{"mods":["Act Like it!","BaseMod","Bestiary","Better Synergies","CapriCore","Colored Map","Colored Powertips","Duelist Mod","GifTheSpireLib","Minty Spire (QoL Compilation)","Quick Restart","Replay The Spire","StSLib"],"gold_per_floor":[155,180,192,219,33,59,59,106,106,106,135,185,185,197,197,315,315,332,347,375,410,157,206,206,57,80,80,129,129,139,139,139,253,253,280,57,105,105,121,149,149,149,173,173,207,232,243,270,270,270],"floor_reached":51,"language":"ENG","playtime":2700,"items_purged":["ReplayTheSpireMod:Splinters","theDuelist:CurseAging"],"score":1166,"play_id":"fc878f60-c6bf-4894-9cf4-1568fd28d971","local_time":"20210113201326","is_ascension_mode":true,"campfire_choices":[{"data":"theDuelist:MetalDragon","floor":7,"key":"SMITH"},{"data":"theDuelist:BabyDragon","floor":13,"key":"SMITH"},{"data":"theDuelist:ArmageddonDragonEmp","floor":15,"key":"SMITH"},{"data":"theDuelist:DragonMastery","floor":24,"key":"SMITH"},{"floor":27,"key":"REST"},{"data":"theDuelist:CoralDragon","floor":29,"key":"SMITH"},{"floor":32,"key":"REST"},{"data":"theDuelist:DragonShield","floor":41,"key":"SMITH"},{"data":"theDuelist:DragonShield+3","floor":49,"key":"SMITH"}],"circlet_count":0,"master_deck":["theDuelist:BabyDragon+1","theDuelist:CastleWalls+1","theDuelist:CastleWalls+1","theDuelist:CaveDragon+1","theDuelist:CaveDragon+1","theDuelist:LesserDragon+1","theDuelist:LesserDragon+1","theDuelist:Sparks+1","theDuelist:Sparks+1","theDuelist:YamataDragon+1","theDuelist:CyberTwinDragon+1","theDuelist:MetalDragon+1","theDuelist:BlueEyesUltimate+1","theDuelist:ArmageddonDragonEmp+1","theDuelist:MaskedDragon+1","theDuelist:DragonMastery+1","theDuelist:DragonShield+4","theDuelist:SilverDragon+1","theDuelist:TwinHeadedFire+1","theDuelist:CoralDragon+1","theDuelist:WaterDragon+1","theDuelist:Freezadon+1","theDuelist:SliferSky+1","theDuelist:DragonMirror+1","theDuelist:Kabazauls+1"],"relics":["theDuelist:MillenniumPuzzle","theDuelist:CardPoolRelic","theDuelist:CardPoolBasicRelic","theDuelist:BoosterPackPoolRelic","theDuelist:CardPoolAddRelic","theDuelist:CardPoolMinusRelic","theDuelist:CardPoolSaveRelic","theDuelist:CardPoolOptionsRelic","MawBank","theDuelist:NamelessWarRelicC","theDuelist:NamelessGreedRelic","Ice Cream","Blue Candle","theDuelist:MillenniumArmor","Busted Crown","theDuelist:MillenniumNecklace","theDuelist:ZoneToken","InkBottle","theDuelist:DuelistOrichalcum","Regal Pillow","Replay:Ringing Soul","HornCleat","Replay:Bronze Core","theDuelist:CardRewardRelicH","Lizard Tail","Charon\u0027s Ashes","theDuelist:WhiteBowlRelic","Bronze Scales","Mark of the Bloom","War Paint","Pen Nib"],"acts_visited":["Exordium","TheCity","TheBeyond"],"potions_floor_usage":[16,16,16,21,23,33,33,33,37,48,50,50,50],"damage_taken":[{"damage":0,"enemies":"2 Louse","floor":1,"turns":2},{"damage":0,"enemies":"Small Slimes","floor":2,"turns":2},{"damage":1,"enemies":"Jaw Worm","floor":6,"turns":2},{"damage":0,"enemies":"Replay:BlueRogue","floor":8,"turns":3},{"damage":5,"enemies":"Lots of Slimes","floor":11,"turns":3},{"damage":0,"enemies":"Exordium Thugs","floor":14,"turns":2},{"damage":0,"enemies":"Fading Forest","floor":16,"turns":11},{"damage":0,"enemies":"Chosen","floor":18,"turns":2},{"damage":16,"enemies":"2 Thieves","floor":20,"turns":3},{"damage":20,"enemies":"Chosen and Byrds","floor":21,"turns":5},{"damage":16,"enemies":"Gremlin Leader","floor":23,"turns":5},{"damage":0,"enemies":"theDuelist:KaibaA2","floor":28,"turns":4},{"damage":4,"enemies":"3 Cultists","floor":30,"turns":4},{"damage":15,"enemies":"Champ","floor":33,"turns":7},{"damage":0,"enemies":"Orb Walker","floor":35,"turns":3},{"damage":0,"enemies":"Orb Walker","floor":37,"turns":5},{"damage":0,"enemies":"3 Darklings","floor":39,"turns":4},{"damage":0,"enemies":"R_Hoarder","floor":40,"turns":6},{"damage":28,"enemies":"Sphere and 2 Shapes","floor":45,"turns":4},{"damage":0,"enemies":"Reptomancer","floor":46,"turns":6},{"damage":0,"enemies":"Writhing Mass","floor":47,"turns":5},{"damage":0,"enemies":"4 Shapes","floor":48,"turns":2},{"damage":0,"enemies":"Replay:Hell Engine","floor":50,"turns":2}],"seed_played":"9144256317715738484","potions_obtained":[{"floor":6,"key":"theDuelist:ExtraOrbsBottle"},{"floor":20,"key":"PowerPotion"},{"floor":21,"key":"theDuelist:BurningPotion"},{"floor":21,"key":"theDuelist:BottledKuriboh"},{"floor":23,"key":"theDuelist:DestructPotionPotB"},{"floor":28,"key":"theDuelist:StunPotion"},{"floor":33,"key":"SteroidPotion"},{"floor":33,"key":"Block Potion"},{"floor":35,"key":"theDuelist:WaterBottle"},{"floor":37,"key":"FocusPotion"},{"floor":37,"key":"CultistPotion"},{"floor":39,"key":"theDuelist:BottledKuriboh"},{"floor":46,"key":"SkillPotion"},{"floor":48,"key":"Regen Potion"}],"is_trial":false,"path_per_floor":["M","M","?","?","$","M","R","E","T","$","M","T","R","M","R","B",null,"M","?","M","M","$","E","R","$","T","R","E","R","M","?","R","B",null,"M","$","?","$","M","E","R","?","T","?","M","E","M","M","R","B",null],"character_chosen":"THE_DUELIST","items_purchased":["theDuelist:BottledKuriboh","theDuelist:BurningPotionB","theDuelist:ZoneToken","theDuelist:DuelistOrichalcum","theDuelist:CardRewardRelicH"],"campfire_rested":2,"item_purchase_floors":[5,5,22,25,36],"current_hp_per_floor":[72,72,72,70,70,69,69,69,69,69,64,64,64,64,64,70,70,70,70,54,34,34,18,18,18,18,54,57,57,53,40,78,66,77,80,83,83,83,83,83,83,83,83,83,55,55,55,55,55,55],"gold":270,"neow_bonus":"RANDOM_COMMON_RELIC","is_daily":false,"chose_seed":false,"campfire_upgraded":7,"win_rate":0.0,"timestamp":1610561606,"path_taken":["M","M","?","?","?","M","R","E","T","$","?","?","R","?","R","BOSS","M","?","M","M","$","E","R","$","T","R","E","R","M","?","R","BOSS","M","$","?","$","M","E","R","?","T","?","?","E","M","M","R","BOSS"],"items_purchased_type":["Potion","Potion","Relic","Relic","Relic"],"build_version":"2020-12-22","purchased_purges":2,"victory":true,"max_hp_per_floor":[80,80,80,70,70,70,70,70,70,70,70,70,70,70,70,70,70,70,70,70,70,70,70,70,70,70,70,73,73,73,78,78,81,81,84,87,87,87,87,87,87,87,87,87,90,90,90,93,93,93],"card_choices":[{"not_picked":["theDuelist:Kabazauls","theDuelist:BlackBrachios","theDuelist:BlackPtera","theDuelist:BarrelDragon"],"picked":"theDuelist:CyberTwinDragon","floor":1},{"not_picked":["theDuelist:AncientPixieDragon","theDuelist:LesserDragon","theDuelist:BoosterDragon","theDuelist:VolcanicEruption"],"picked":"theDuelist:MetalDragon","floor":2},{"not_picked":["theDuelist:DragonZombie","theDuelist:HorusServant","theDuelist:FrozenFitzgerald","theDuelist:CyberDragonNachster"],"picked":"theDuelist:BlueEyesUltimate","floor":6},{"not_picked":["theDuelist:LostWorld","theDuelist:ChimeratechOverdragon","theDuelist:BusterBladerDDS","theDuelist:BlasterDragonInfernos"],"picked":"theDuelist:ArmageddonDragonEmp","floor":8},{"not_picked":["theDuelist:CyberValley","theDuelist:CyberDragonDrei","theDuelist:AquaDolphin","theDuelist:WhiteHornDragon"],"picked":"theDuelist:MaskedDragon","floor":11},{"not_picked":["theDuelist:YamataDragon","theDuelist:ViceDragon","theDuelist:TwinBarrelDragon","theDuelist:BusterBlader","theDuelist:BlueEyesUltimate"],"picked":"SKIP","floor":14},{"not_picked":["theDuelist:WingedDragonRa","theDuelist:StardustDragon","theDuelist:BlueDuston","theDuelist:ArmageddonDragonEmp"],"picked":"theDuelist:DragonMastery","floor":16},{"not_picked":["theDuelist:BlackTyranno","theDuelist:Frostosaurus","theDuelist:Sabersaurus"],"picked":"SKIP","floor":18},{"not_picked":["theDuelist:CyberValley","theDuelist:SoulCharge+1"],"picked":"theDuelist:DragonShield","floor":20},{"not_picked":["theDuelist:CyberValley","theDuelist:RedRisingDragon"],"picked":"theDuelist:SilverDragon+1","floor":21},{"not_picked":["theDuelist:CyberValley","theDuelist:FireDarts"],"picked":"theDuelist:TwinHeadedFire","floor":23},{"not_picked":["theDuelist:LavaDragon","theDuelist:Destroyersaurus"],"picked":"theDuelist:CoralDragon","floor":28},{"not_picked":["theDuelist:SpiralSpearStrike+1","theDuelist:DragonShield+1","theDuelist:DefenseZone+1"],"picked":"SKIP","floor":30},{"not_picked":["theDuelist:DragonMastery","theDuelist:BSkullDragon"],"picked":"theDuelist:WaterDragon","floor":33},{"not_picked":["theDuelist:LesserDragon","theDuelist:CaveDragon"],"picked":"theDuelist:Freezadon","floor":35},{"not_picked":["theDuelist:TwinHeadedFire+1","theDuelist:SilverDragon+1","theDuelist:CyberDragonVier"],"picked":"SKIP","floor":39},{"not_picked":["theDuelist:MadSwordBeast","theDuelist:RedEyesZombie+1","theDuelist:BlackBrachios+1"],"picked":"SKIP","floor":40},{"not_picked":["theDuelist:SilverWing+1","theDuelist:CyberDragonSieger+1"],"picked":"theDuelist:DragonMirror+1","floor":45},{"not_picked":["theDuelist:TyrantWing","theDuelist:MiraculousDescent+1","theDuelist:CyberDragonSieger","theDuelist:CastleDragonSouls+1"],"picked":"SKIP","floor":46},{"not_picked":["theDuelist:ScrapIronScarecrow+1","theDuelist:SafeZone+1","theDuelist:DefenseDraw"],"picked":"SKIP","floor":47},{"not_picked":["theDuelist:BlackPtera","theDuelist:BlackBrachios"],"picked":"theDuelist:Kabazauls+1","floor":48}],"player_experience":300781,"relics_obtained":[{"floor":8,"key":"Ice Cream"},{"floor":9,"key":"Blue Candle"},{"floor":12,"key":"theDuelist:MillenniumArmor"},{"floor":23,"key":"InkBottle"},{"floor":26,"key":"Regal Pillow"},{"floor":28,"key":"Replay:Ringing Soul"},{"floor":37,"key":"Lizard Tail"},{"floor":37,"key":"Charon\u0027s Ashes"},{"floor":37,"key":"theDuelist:WhiteBowlRelic"},{"floor":40,"key":"Bronze Scales"},{"floor":43,"key":"War Paint"},{"floor":46,"key":"Pen Nib"}],"event_choices":[{"damage_healed":0,"gold_gain":0,"player_choice":"Leave","duelist":true,"damage_taken":0,"max_hp_gain":0,"max_hp_loss":0,"event_name":"Card Trader","floor":3,"gold_loss":0},{"total_magic_score":54,"gold_gain":0,"greed_reward":3,"duelist":true,"damage_taken":0,"relics_obtained":["theDuelist:NamelessWarRelicC","theDuelist:NamelessGreedRelic"],"points":6,"war_reward":3,"max_hp_gain":0,"max_hp_loss":10,"spent_points":{"magic":0,"greed":3,"war":3,"power":0,"hunger":0},"event_name":"Nameless Tomb","floor":4,"gold_loss":0,"cards_obtained":["ReplayTheSpireMod:Splinters"]},{"damage_healed":0,"gold_gain":0,"player_choice":"Took item - Received: Millennium Necklace","duelist":true,"damage_taken":0,"max_hp_gain":0,"max_hp_loss":0,"event_name":"Millennium Items","floor":19,"gold_loss":0},{"damage_healed":0,"gold_gain":0,"player_choice":"Shed Blood","damage_taken":18,"max_hp_gain":5,"max_hp_loss":0,"event_name":"Forgotten Altar","floor":31,"gold_loss":0},{"damage_healed":0,"gold_gain":0,"player_choice":"Fight","duelist":true,"damage_taken":0,"max_hp_gain":0,"max_hp_loss":0,"event_name":"Battle City","floor":37,"gold_loss":0},{"damage_healed":0,"gold_gain":0,"player_choice":"Upgrade","damage_taken":0,"relics_obtained":["Mark of the Bloom"],"max_hp_gain":0,"max_hp_loss":0,"event_name":"MindBloom","floor":42,"gold_loss":0,"cards_upgraded":["theDuelist:CastleWalls","theDuelist:CastleWalls","theDuelist:CaveDragon","theDuelist:CaveDragon","theDuelist:LesserDragon","theDuelist:LesserDragon","theDuelist:Sparks","theDuelist:Sparks","theDuelist:YamataDragon","theDuelist:CyberTwinDragon","theDuelist:BlueEyesUltimate","theDuelist:MaskedDragon","theDuelist:DragonShield","theDuelist:TwinHeadedFire","theDuelist:WaterDragon","theDuelist:Freezadon","theDuelist:SliferSky"]},{"damage_healed":0,"gold_gain":0,"player_choice":"Ignored","damage_taken":0,"max_hp_gain":0,"max_hp_loss":0,"event_name":"Transmorgrifier","floor":44,"gold_loss":0}],"is_beta":false,"boss_relics":[{"not_picked":["Snecko Scales","Replay:Wanted Poster"],"picked":"Busted Crown"},{"not_picked":["theDuelist:HauntedRelic","Electric Blood"],"picked":"Replay:Bronze Core"}],"items_purged_floors":[5,22],"is_endless":false,"potions_floor_spawned":[6,11,14,21,28,30,33,35,37,40,46,48],"ascension_level":9}}