{"host":"xnrw1j8ho83czkv7","time":1610581962,"event":{"mods":["AchievementEnabler","BaseMod","Colored Map","Colored Powertips","Minty Spire (QoL Compilation)","Quick Restart","StSLib"],"gold_per_floor":[17,35,35,35,51,51,83,83,107,134,134,134,147,178,178,276,276,294,73,73,85,85,85,111,111,111,123,123,123,136,86,86,182,182,192,242,253,5,19,19,71,87,87,87,100,100,114,114,114,114],"floor_reached":51,"language":"ENG","playtime":2779,"items_purged":["Strike_R","Cleave"],"score":790,"play_id":"8c1b8005-b606-413c-a339-27f82d03342f","local_time":"20210113235242","is_ascension_mode":true,"campfire_choices":[{"data":"Body Slam","floor":6,"key":"SMITH"},{"data":"Whirlwind","floor":8,"key":"SMITH"},{"data":"Bash","floor":12,"key":"SMITH"},{"data":"Seeing Red","floor":15,"key":"SMITH"},{"data":"Juggernaut","floor":23,"key":"SMITH"},{"data":"Barricade","floor":25,"key":"SMITH"},{"data":"Defend_R","floor":28,"key":"SMITH"},{"data":"Defend_R","floor":32,"key":"SMITH"},{"data":"Defend_R","floor":40,"key":"SMITH"},{"floor":44,"key":"REST"},{"data":"Pummel","floor":46,"key":"SMITH"},{"floor":49,"key":"REST"}],"circlet_count":0,"master_deck":["Defend_R+1","Defend_R+1","Defend_R+1","Bash+1","Dropkick","Whirlwind+1","Seeing Red+1","Body Slam+1","Juggernaut+1","Barricade+1","Pummel+1"],"relics":["Burning Blood","Strawberry","Boot","MealTicket","White Beast Statue","Paper Frog","Velvet Choker","Sling","Nilry\u0027s Codex","Shuriken","Matryoshka","Red Skull","Kunai","Busted Crown","Calipers","ClockworkSouvenir","TungstenRod","Ornamental Fan","Pantograph"],"acts_visited":["Exordium","TheCity","TheBeyond"],"potions_floor_usage":[7,10,16,16,18,18,21,24,24,27,33,35,36,37,39,41,42,45,47,50,50],"damage_taken":[{"damage":0,"enemies":"Small Slimes","floor":1,"turns":4},{"damage":0,"enemies":"2 Louse","floor":2,"turns":1},{"damage":0,"enemies":"Cultist","floor":5,"turns":2},{"damage":39,"enemies":"Lagavulin","floor":7,"turns":6},{"damage":14,"enemies":"Gremlin Nob","floor":10,"turns":3},{"damage":0,"enemies":"Exordium Wildlife","floor":13,"turns":1},{"damage":9,"enemies":"3 Sentries","floor":14,"turns":3},{"damage":19,"enemies":"Hexaghost","floor":16,"turns":8},{"damage":0,"enemies":"2 Thieves","floor":18,"turns":1},{"damage":2,"enemies":"Shell Parasite","floor":21,"turns":2},{"damage":15,"enemies":"Book of Stabbing","floor":24,"turns":3},{"damage":0,"enemies":"Snecko","floor":27,"turns":2},{"damage":6,"enemies":"Centurion and Healer","floor":30,"turns":5},{"damage":25,"enemies":"Automaton","floor":33,"turns":10},{"damage":6,"enemies":"Orb Walker","floor":35,"turns":2},{"damage":0,"enemies":"Mind Bloom Boss Battle","floor":36,"turns":5},{"damage":7,"enemies":"3 Shapes","floor":37,"turns":5},{"damage":23,"enemies":"Writhing Mass","floor":39,"turns":3},{"damage":50,"enemies":"2 Orb Walkers","floor":41,"turns":4},{"damage":20,"enemies":"Sphere and 2 Shapes","floor":42,"turns":4},{"damage":0,"enemies":"Jaw Worm Horde","floor":45,"turns":1},{"damage":9,"enemies":"3 Darklings","floor":47,"turns":4},{"damage":45,"enemies":"Time Eater","floor":50,"turns":6}],"seed_played":"-3364431689647724655","potions_obtained":[{"floor":1,"key":"Fire Potion"},{"floor":2,"key":"SkillPotion"},{"floor":13,"key":"Dexterity Potion"},{"floor":14,"key":"FearPotion"},{"floor":16,"key":"EntropicBrew"},{"floor":18,"key":"Ancient Potion"},{"floor":21,"key":"LiquidMemories"},{"floor":24,"key":"GamblersBrew"},{"floor":27,"key":"Explosive Potion"},{"floor":30,"key":"Swift Potion"},{"floor":33,"key":"EssenceOfSteel"},{"floor":35,"key":"Explosive Potion"},{"floor":36,"key":"LiquidBronze"},{"floor":37,"key":"Energy Potion"},{"floor":39,"key":"Dexterity Potion"},{"floor":41,"key":"BloodPotion"},{"floor":42,"key":"ColorlessPotion"},{"floor":45,"key":"ColorlessPotion"},{"floor":47,"key":"ElixirPotion"}],"is_trial":false,"path_per_floor":["M","M","?","?","M","R","E","R","T","E","?","R","M","E","R","B",null,"M","$","?","M","T","R","E","R","T","M","R","?","M","?","R","B",null,"M","?","M","$","M","R","?","M","T","R","M","R","M","?","R","B",null],"character_chosen":"IRONCLAD","items_purchased":["Sling","ClockworkSouvenir"],"campfire_rested":2,"item_purchase_floors":[19,38],"current_hp_per_floor":[80,80,84,84,87,87,54,54,54,46,46,46,52,49,49,36,87,87,87,71,75,75,75,66,66,66,72,72,72,72,72,72,53,87,87,87,86,87,70,70,26,12,12,38,61,61,58,58,84,48],"gold":114,"neow_bonus":"TRANSFORM_TWO_CARDS","is_daily":false,"chose_seed":false,"campfire_upgraded":10,"win_rate":0.0,"timestamp":1610581962,"path_taken":["M","M","?","?","?","R","E","R","T","E","?","R","?","E","R","BOSS","M","$","?","M","?","R","E","R","T","?","R","?","M","?","R","BOSS","M","?","M","$","M","R","?","M","T","R","?","R","M","?","R","BOSS"],"items_purchased_type":["Relic","Relic"],"build_version":"2020-12-22","purchased_purges":2,"victory":true,"max_hp_per_floor":[80,80,87,87,87,87,87,87,87,87,87,87,87,87,87,87,87,87,87,87,87,87,87,87,87,87,87,87,87,87,87,87,87,87,87,87,87,87,87,87,87,87,87,87,87,87,87,87,87,87],"card_choices":[{"not_picked":["Ghostly Armor","Iron Wave"],"picked":"Seeing Red","floor":1},{"not_picked":["Pommel Strike","Carnage"],"picked":"Body Slam","floor":2},{"not_picked":["Body Slam","Clash","Cleave"],"picked":"SKIP","floor":5},{"not_picked":["Pommel Strike","Searing Blow","Heavy Blade"],"picked":"SKIP","floor":7},{"not_picked":["Pommel Strike","Clash","Clothesline"],"picked":"SKIP","floor":10},{"not_picked":["Intimidate","Fiend Fire","Body Slam"],"picked":"SKIP","floor":13},{"not_picked":["Uppercut","Cleave","True Grit"],"picked":"SKIP","floor":14},{"not_picked":["Double Tap","Reaper"],"picked":"Juggernaut","floor":16},{"not_picked":["Cleave","Heavy Blade+1","Spot Weakness+1"],"picked":"SKIP","floor":18},{"not_picked":["Anger","Spot Weakness","Entrench+1"],"picked":"SKIP","floor":21},{"not_picked":["Heavy Blade","Twin Strike"],"picked":"Barricade","floor":24},{"not_picked":["Bloodletting+1","Hemokinesis","Metallicize"],"picked":"SKIP","floor":27},{"not_picked":["Dual Wield","Searing Blow","Warcry+1"],"picked":"SKIP","floor":30},{"not_picked":["Burning Pact+1"],"picked":"SKIP","floor":35},{"not_picked":["Twin Strike+1"],"picked":"SKIP","floor":37},{"not_picked":["Iron Wave+1"],"picked":"SKIP","floor":39},{"not_picked":["Hemokinesis+1"],"picked":"SKIP","floor":42},{"not_picked":["Armaments"],"picked":"SKIP","floor":45},{"not_picked":["Uppercut"],"picked":"SKIP","floor":47}],"player_experience":38530,"relics_obtained":[{"floor":7,"key":"Boot"},{"floor":9,"key":"MealTicket"},{"floor":10,"key":"White Beast Statue"},{"floor":14,"key":"Paper Frog"},{"floor":20,"key":"Nilry\u0027s Codex"},{"floor":22,"key":"Shuriken"},{"floor":24,"key":"Matryoshka"},{"floor":26,"key":"Red Skull"},{"floor":26,"key":"Kunai"},{"floor":36,"key":"Calipers"},{"floor":41,"key":"TungstenRod"},{"floor":43,"key":"Ornamental Fan"},{"floor":43,"key":"Pantograph"}],"event_choices":[{"damage_healed":0,"gold_gain":0,"player_choice":"Success","damage_taken":3,"relics_obtained":["Strawberry"],"max_hp_gain":0,"max_hp_loss":0,"event_name":"Scrap Ooze","floor":3,"gold_loss":0},{"cards_removed":["Strike_R"],"damage_healed":0,"gold_gain":0,"player_choice":"Offered Basic","damage_taken":0,"max_hp_gain":0,"max_hp_loss":0,"event_name":"Bonfire Elementals","floor":4,"gold_loss":0},{"damage_healed":0,"gold_gain":0,"player_choice":"Bought 0 Potions","damage_taken":0,"max_hp_gain":0,"max_hp_loss":0,"event_name":"The Woman in Blue","floor":11,"gold_loss":0},{"damage_healed":0,"gold_gain":0,"player_choice":"Obtained Book","damage_taken":16,"max_hp_gain":0,"max_hp_loss":0,"event_name":"Cursed Tome","floor":20,"gold_loss":0},{"damage_healed":0,"gold_gain":0,"cards_transformed":["Strike_R","Defend_R"],"player_choice":"Became Test Subject","damage_taken":0,"max_hp_gain":0,"max_hp_loss":0,"event_name":"Drug Dealer","floor":29,"gold_loss":0,"cards_obtained":["Cleave","Pummel"]},{"damage_healed":0,"gold_gain":0,"player_choice":"Bet on Murderer","damage_taken":0,"max_hp_gain":0,"max_hp_loss":0,"event_name":"The Joust","floor":31,"gold_loss":50},{"damage_healed":0,"gold_gain":0,"player_choice":"Fight","damage_taken":0,"max_hp_gain":0,"max_hp_loss":0,"event_name":"MindBloom","floor":36,"gold_loss":0},{"damage_healed":0,"gold_gain":0,"player_choice":"Fight","damage_taken":0,"max_hp_gain":0,"max_hp_loss":0,"event_name":"Mysterious Sphere","floor":41,"gold_loss":0},{"damage_healed":0,"gold_gain":0,"player_choice":"Memory 1","damage_taken":0,"max_hp_gain":0,"max_hp_loss":0,"event_name":"SensoryStone","floor":48,"gold_loss":0}],"is_beta":false,"boss_relics":[{"not_picked":["Runic Dome","Snecko Eye"],"picked":"Velvet Choker"},{"not_picked":["Cursed Key","Runic Cube"],"picked":"Busted Crown"}],"items_purged_floors":[19,38],"is_endless":false,"potions_floor_spawned":[1,2,13,14,16,18,21,24,27,30,33,35,36,37,39,41,42,45,47],"ascension_level":1}}