{"host":"gkh5j5k5w4qf7k7n","time":1610524084,"event":{"mods":["2.2 Compatiblity","AchievementEnabler","BaseMod","Colored Map","Colored Powertips","Downfall","GifTheSpireLib","Keyboard Shortcuts","Minty Spire (QoL Compilation)","Quick Restart","StSLib","SuperFastMode","¡¼?Úª?ø«¡½REMEMod"],"gold_per_floor":[99,115,132,132,132,150,150,164,264,264,280,280,294,308,318,318,318,318],"floor_reached":16,"language":"ENG","playtime":555,"items_purged":[],"score":111,"play_id":"265e1bda-2b75-4ec1-845a-5c849a9cc9da","local_time":"20210113164804","is_ascension_mode":true,"campfire_choices":[{"data":"champ:Taunt","floor":1.0,"key":"SMITH"},{"floor":12,"key":"REST"}],"circlet_count":0,"master_deck":["champ:Strike","champ:Strike","champ:Strike","champ:Strike","champ:Defend","champ:Defend","champ:Defend","champ:Defend","champ:Execute","champ:Taunt+1","Violence","champ:RageSigil","champ:IronFortress","champ:CrookedStrike","champ:PreciseThrust","champ:FocusedDefense","champ:ShieldThrow","champ:Lariat","champ:RageSigil"],"relics":["champ:ChampionCrown","REME_ComplimentaryCards","Unceasing Top","Matryoshka","champ:DefensiveTrainingManual","Gremlin Horn","PreservedInsect","champ:GladiatorsBookOfMartialProwess"],"acts_visited":["Exordium"],"potions_floor_usage":[],"damage_taken":[{"damage":11.0,"enemies":"Cultist","floor":2.0,"turns":4.0},{"damage":5.0,"enemies":"2 Louse","floor":3.0,"turns":2.0},{"damage":16.0,"enemies":"Jaw Worm","floor":6.0,"turns":5.0},{"damage":4.0,"enemies":"3 Louse","floor":8.0,"turns":5.0},{"damage":18.0,"enemies":"Gremlin Nob","floor":10.0,"turns":4.0},{"damage":9,"enemies":"Blue Slaver","floor":11,"turns":5},{"damage":14,"enemies":"Gremlin Gang","floor":13,"turns":4},{"damage":11,"enemies":"Exordium Wildlife","floor":14,"turns":5},{"damage":11,"enemies":"Large Slime","floor":15,"turns":9},{"damage":31,"enemies":"downfall:Defect","floor":16,"turns":6}],"seed_played":"-3201588732983265767","potions_obtained":[{"floor":2.0,"key":"LiquidMemories"},{"floor":3.0,"key":"SmokeBomb"},{"floor":11,"key":"SteroidPotion"},{"floor":13,"key":"Fire Potion"}],"is_trial":false,"path_per_floor":["R","M","M","?","T","M","T","M","?","E","M","R","M","M","M","B"],"character_chosen":"THE_CHAMP","items_purchased":[],"campfire_rested":1,"item_purchase_floors":[],"current_hp_per_floor":[63,57,57,57,57,51,51,47,47,29,25,52,48,37,31,0,0,0],"gold":318,"neow_bonus":"ONE_RARE_RELIC","is_daily":false,"chose_seed":false,"campfire_upgraded":1,"win_rate":0.0,"timestamp":1610524084,"path_taken":["R","M","?","?","?","M","T","M","?","E","M","R","M","M","M","BOSS"],"items_purchased_type":[],"build_version":"2020-12-22","purchased_purges":0,"victory":false,"max_hp_per_floor":[90,90,90,90,90,90,90,90,90,90,90,90,90,90,90,90,90,90],"card_choices":[{"not_picked":["champ:AdrenalArmor","champ:BerserkersShout"],"picked":"champ:RageSigil","floor":2.0},{"not_picked":["champ:FanOfKnives","champ:BerserkersShout"],"picked":"champ:IronFortress","floor":3.0},{"not_picked":["champ:Control","champ:Aggression"],"picked":"champ:CrookedStrike","floor":6.0},{"not_picked":["champ:DeathBlow","champ:AdrenalArmor"],"picked":"champ:PreciseThrust","floor":8.0},{"not_picked":["champ:GutPunch","champ:Encircle"],"picked":"champ:FocusedDefense","floor":11},{"not_picked":["champ:CrookedStrike","champ:Circumvent"],"picked":"champ:ShieldThrow","floor":13},{"not_picked":["champ:CrookedStrike","champ:RapidStrikes"],"picked":"champ:Lariat","floor":14},{"not_picked":["champ:FanOfKnives","champ:HeartStrike"],"picked":"champ:RageSigil","floor":15}],"player_experience":748398,"relics_obtained":[{"floor":5.0,"key":"champ:DefensiveTrainingManual"},{"floor":5.0,"key":"Gremlin Horn"},{"floor":7.0,"key":"PreservedInsect"},{"floor":7.0,"key":"champ:GladiatorsBookOfMartialProwess"}],"event_choices":[],"is_beta":false,"boss_relics":[],"items_purged_floors":[],"is_endless":false,"potions_floor_spawned":[2,3,11,13],"killed_by":"downfall:Defect","ascension_level":1}}