{"host":"uxq2rly8rxtwffuf","time":1610526361,"event":{"mods":["BaseMod","Koishi","Minty Spire (QoL Compilation)","StSLib","The Servant 0.9.4"],"gold_per_floor":[118,118,133,151,39,72,90,90,90,90,100,131,131,131,131,204,204,219,21,35,35,46,46,46,63,63,63,63,63],"floor_reached":28,"language":"ENG","playtime":931,"items_purged":["Strike_B"],"score":399,"play_id":"6ede765f-d08f-4777-b1e8-b893b2edaa25","local_time":"20210113112601","is_ascension_mode":true,"campfire_choices":[{"data":"Loop","floor":8,"key":"SMITH"},{"floor":13,"key":"REST"},{"data":"Reinforced Body","floor":15,"key":"SMITH"},{"floor":23,"key":"RECALL"},{"data":"Glacier","floor":27,"key":"SMITH"}],"circlet_count":0,"master_deck":["AscendersBane","Strike_B","Strike_B","Strike_B","Defend_B","Defend_B","Defend_B","Defend_B","Zap","Dualcast","Chaos+1","Ball Lightning","Glacier+1","Capacitor","Reinforced Body+1","Loop+1","Capacitor","Seek","Thunder Strike+1","Melter+1","Ball Lightning+1","Turbo+1","Self Repair+1","Ball Lightning+1"],"relics":["Cracked Core","Kunai","Sundial","Molten Egg 2","SacredBark","Potion Belt"],"acts_visited":["Exordium","TheCity"],"potions_floor_usage":[6,18,20,25],"damage_taken":[{"damage":8,"enemies":"Small Slimes","floor":1,"turns":3},{"damage":0,"enemies":"Cultist","floor":3,"turns":4},{"damage":10,"enemies":"Jaw Worm","floor":4,"turns":2},{"damage":21,"enemies":"Lagavulin","floor":6,"turns":5},{"damage":0,"enemies":"2 Fungi Beasts","floor":7,"turns":4},{"damage":4,"enemies":"Blue Slaver","floor":11,"turns":4},{"damage":25,"enemies":"Gremlin Nob","floor":12,"turns":5},{"damage":27,"enemies":"Slime Boss","floor":16,"turns":12},{"damage":13,"enemies":"Shell Parasite","floor":18,"turns":5},{"damage":0,"enemies":"2 Thieves","floor":20,"turns":3},{"damage":19,"enemies":"Cultist and Chosen","floor":22,"turns":6},{"damage":27,"enemies":"Snake Plant","floor":25,"turns":4},{"damage":53,"enemies":"Gremlin Leader","floor":28,"turns":2}],"seed_played":"-3499900958685342656","potions_obtained":[{"floor":1,"key":"Regen Potion"},{"floor":7,"key":"Fire Potion"},{"floor":16,"key":"Regen Potion"},{"floor":20,"key":"PotionOfCapacity"},{"floor":24,"key":"Ancient Potion"},{"floor":24,"key":"PowerPotion"}],"is_trial":false,"path_per_floor":["M","?","M","M","$","E","M","R","T","$","M","E","R","?","R","B",null,"M","$","M","?","M","R","?","M","T","R","E"],"character_chosen":"DEFECT","items_purchased":["Capacitor","Potion Belt","Ball Lightning+1"],"campfire_rested":1,"item_purchase_floors":[5,19,19],"current_hp_per_floor":[63,63,63,53,53,46,46,46,46,46,42,17,40,66,66,39,68,74,74,74,74,55,55,55,48,48,48,0,0],"gold":63,"neow_bonus":"TEN_PERCENT_HP_BONUS","is_daily":false,"chose_seed":false,"campfire_upgraded":3,"win_rate":0.0,"timestamp":1610526361,"path_taken":["M","?","M","M","?","E","?","R","T","$","M","E","R","?","R","BOSS","M","$","M","?","M","R","?","?","T","R","E"],"items_purchased_type":["Card","Relic","Card"],"build_version":"2020-12-22","purchased_purges":1,"victory":false,"max_hp_per_floor":[78,78,78,78,78,78,78,78,78,78,78,78,78,78,78,78,78,78,78,78,78,78,78,78,78,78,78,78,78],"card_choices":[{"not_picked":["Melter","Stack"],"picked":"Chaos","floor":1},{"not_picked":["Go for the Eyes","Heatsinks"],"picked":"Ball Lightning","floor":3},{"not_picked":["Turbo","FTL"],"picked":"Glacier","floor":4},{"not_picked":["Tempest","Ball Lightning"],"picked":"Reinforced Body","floor":6},{"not_picked":["Chill","Conserve Battery"],"picked":"Loop","floor":7},{"not_picked":["Gash","Conserve Battery"],"picked":"Capacitor","floor":11},{"not_picked":["Coolheaded","Leap"],"picked":"Seek","floor":12},{"not_picked":["Meteor Strike+1","Core Surge+1"],"picked":"Thunder Strike+1","floor":16},{"not_picked":["Hologram","Fusion"],"picked":"Melter+1","floor":18},{"not_picked":["Auto Shields","Double Energy"],"picked":"Turbo+1","floor":20},{"not_picked":["Stack","Steam Power+1"],"picked":"Self Repair+1","floor":22},{"not_picked":["Chill","Go for the Eyes+1"],"picked":"Ball Lightning+1","floor":25}],"player_experience":1385883,"relics_obtained":[{"floor":6,"key":"Kunai"},{"floor":9,"key":"Sundial"},{"floor":12,"key":"Molten Egg 2"}],"event_choices":[{"damage_healed":0,"gold_gain":0,"player_choice":"Forge","damage_taken":0,"max_hp_gain":0,"max_hp_loss":0,"event_name":"Accursed Blacksmith","floor":2,"gold_loss":0,"cards_upgraded":["Chaos"]},{"damage_healed":26,"gold_gain":0,"player_choice":"Banana","damage_taken":0,"max_hp_gain":0,"max_hp_loss":0,"event_name":"Big Fish","floor":14,"gold_loss":0},{"damage_healed":0,"gold_gain":0,"player_choice":"Ignored","damage_taken":0,"max_hp_gain":0,"max_hp_loss":0,"event_name":"Vampires","floor":21,"gold_loss":0},{"damage_healed":0,"gold_gain":0,"player_choice":"Got Potions","damage_taken":0,"max_hp_gain":0,"max_hp_loss":0,"event_name":"Lab","floor":24,"gold_loss":0}],"is_beta":false,"boss_relics":[{"not_picked":["Busted Crown","Cursed Key"],"picked":"SacredBark"}],"items_purged_floors":[5],"is_endless":false,"potions_floor_spawned":[1,7,16,20],"killed_by":"Gremlin Leader","ascension_level":15}}