{"host":"wj90f2q0h2omert0","time":1610560243,"event":{"mods":["BaseMod","Beaked The Cultist","Better Third Choice","ChefMod","Clawfect","Colored Map","DeckTracker","Downfall","Hubris","JesterMod","Minty Spire (QoL Compilation)","Quick Restart","Relic Stats","Robot Space Explorer","Shade Mod","StSLib","The Blackbeard","The Druid","The Necromancer","The Servant 0.9.4"],"gold_per_floor":[112,112,112,139,166,205,205,205,232,232,232,232,232,270,270,374,374,393,393,393,446,462,462,227,227,227,227,227,227,72,105,105,206,206,222,222,146,146,146,146,187,187,213,213,239,77,77,100,100,202,202,226,261,261,36,70,70,108,108,108,142,191,191,216,233,233,358,358,392,401,401,401,401],"floor_reached":71,"language":"ENG","playtime":5620,"items_purged":[],"score":1752,"play_id":"1339dc13-f989-4e1e-ba8f-0185b799ed2a","local_time":"20210113125043","daily_mods":["Shiny","Vintage","Heirloom","Time Dilation","Flight","DeadlyEvents","Elite Swarm"],"is_ascension_mode":false,"campfire_choices":[{"floor":7.0,"key":"REST"},{"data":"hexamod:VolcanoVisage","floor":8.0,"key":"SMITH"},{"data":"hexamod:VolcanoVisage","floor":10.0,"key":"SMITH"},{"data":"hexamod:WildfireWeapon","floor":11.0,"key":"SMITH"},{"data":"hexamod:WildfireWeapon","floor":12.0,"key":"SMITH"},{"data":"hexamod:SearingWound","floor":13.0,"key":"SMITH"},{"data":"hexamod:GiftsFromTheDead","floor":15.0,"key":"SMITH"},{"data":"hexamod:EmpoweringStance","floor":23.0,"key":"SMITH"},{"data":"hexamod:RadiantFlame","floor":25.0,"key":"SMITH"},{"data":"hexamod:TimeOfNeed","floor":27.0,"key":"SMITH"},{"data":"hexamod:TimeOfNeed","floor":28.0,"key":"SMITH"},{"data":"hexamod:GhostflameInferno","floor":29.0,"key":"SMITH"},{"floor":32.0,"key":"DIG"},{"floor":40.0,"key":"DIG"},{"data":"hexamod:EmpoweringStance","floor":42.0,"key":"SMITH"},{"data":"hexamod:HexaLevel","floor":44.0,"key":"SMITH"},{"data":"hexamod:WildfireWeapon","floor":47.0,"key":"SMITH"},{"floor":49.0,"key":"DIG"},{"data":"hexamod:TimeOfNeed","floor":57.0,"key":"SMITH"},{"data":"hexamod:EmpoweringStance","floor":59.0,"key":"SMITH"},{"data":"hexamod:EmpoweringStance","floor":63.0,"key":"SMITH"},{"data":"hexamod:TimeOfNeed","floor":66.0,"key":"SMITH"}],"circlet_count":0,"master_deck":["hexamod:HexaLevel+1","hexamod:VolcanoVisage+1","hexamod:TurnItUp+1","hexamod:CrushingStance+1","hexamod:EmpoweringStance+1","hexamod:UnleashSpirits+1","hexamod:WildfireWeapon+1","hexamod:TimeOfNeed+1","hexamod:SearingWound+1","hexamod:GhostflameInferno+1","hexamod:ParanormalForm+1","hexamod:GiftsFromTheDead+1","hexamod:TimeWarp+1","White Noise+1","hexamod:VolcanoVisage+1","hexamod:WildfireWeapon+1","hexamod:GiftsFromTheDead+1","hexamod:TimeOfNeed+1","hexamod:EmpoweringStance+1","hexamod:RadiantFlame+1","hexamod:EmpoweringStance+1","hexamod:WildfireWeapon+1","hexamod:TimeOfNeed+1","hexamod:GiftsFromTheDead+1","hexamod:VolcanoVisage+1","hexamod:VolcanoVisage+1","Reboot+1","hexamod:TimeOfNeed+1","hexamod:EmpoweringStance+1","hexamod:EmpoweringStance+1","hexamod:FifthSeal","hexamod:EmpoweringStance+1","hexamod:TimeOfNeed+1","hexamod:SecondSeal","hexamod:FirstSeal","hexamod:SixthSeal","hexamod:FourthSeal","hexamod:SixthSeal","hexamod:ThirdSeal","hexamod:ExtraCrispy"],"relics":["hexamod:SpiritBrand","FossilizedHelix","Toy Ornithopter","Bag of Preparation","PreservedInsect","Eternal Feather","Shovel","Happy Flower","Gambling Chip","Philosopher\u0027s Stone","hexamod:TheBrokenSeal","Pantograph","hubris:Towel","Omamori","beaked:ShinyBauble","Tiny Chest","Mummified Hand","Guardian:BottledAnomaly","Gremlin Horn","Meat on the Bone","beaked:SacredDeck","Pear","Question Card","Whetstone","hexamod:TheBrokenSeal","Mango","hexamod:BolsterEngine","Regal Pillow","hexamod:TheBrokenSeal","hubris:CrystalStatue","War Paint","SacredBark","Strawberry","Smiling Mask","Potion Belt","hexamod:TheBrokenSeal","hexamod:MatchstickCase","hubris:Reverence","hexamod:TheBrokenSeal","CeramicFish","hubris:Backtick","Membership Card","hexamod:TheBrokenSeal","Ornamental Fan"],"acts_visited":["Exordium","TheCity","TheBeyond","Exordium","TheCity"],"potions_floor_usage":[],"damage_taken":[{"damage":4.0,"enemies":"Jaw Worm","floor":1.0,"turns":4.0},{"damage":3.0,"enemies":"Small Slimes","floor":4.0,"turns":5.0},{"damage":9.0,"enemies":"Cultist","floor":5.0,"turns":5.0},{"damage":0.0,"enemies":"Lagavulin","floor":6.0,"turns":5.0},{"damage":19.0,"enemies":"Gremlin Nob","floor":14.0,"turns":5.0},{"damage":44.0,"enemies":"Hexaghost","floor":16.0,"turns":6.0},{"damage":34.0,"enemies":"Chosen","floor":18.0,"turns":6.0},{"damage":0.0,"enemies":"Shell Parasite","floor":22.0,"turns":3.0},{"damage":15.0,"enemies":"Book of Stabbing","floor":31.0,"turns":4.0},{"damage":31.0,"enemies":"Collector","floor":33.0,"turns":5.0},{"damage":8.0,"enemies":"3 Shapes","floor":35.0,"turns":4.0},{"damage":24.0,"enemies":"Reptomancer","floor":41.0,"turns":4.0},{"damage":0.0,"enemies":"Nemesis","floor":45.0,"turns":3.0},{"damage":71.0,"enemies":"3 Darklings","floor":48.0,"turns":6.0},{"damage":115.0,"enemies":"Time Eater","floor":50.0,"turns":8.0},{"damage":0.0,"enemies":"Cultist","floor":52.0,"turns":4.0},{"damage":19.0,"enemies":"3 Sentries","floor":53.0,"turns":3.0},{"damage":0.0,"enemies":"Gremlin Nob","floor":56.0,"turns":4.0},{"damage":0.0,"enemies":"Lagavulin","floor":58.0,"turns":3.0},{"damage":0.0,"enemies":"Gremlin Nob","floor":61.0,"turns":4.0},{"damage":0.0,"enemies":"Lagavulin","floor":62.0,"turns":3.0},{"damage":0.0,"enemies":"Small Slimes","floor":64.0,"turns":3.0},{"damage":0.0,"enemies":"Jaw Worm","floor":65.0,"turns":3.0},{"damage":0.0,"enemies":"Slime Boss","floor":67.0,"turns":2.0},{"damage":0.0,"enemies":"2 Thieves","floor":69.0,"turns":3.0},{"damage":0,"enemies":"Spheric Guardian","floor":71,"turns":1}],"seed_played":"-7386935662404449958","potions_obtained":[{"floor":14.0,"key":"champ:CounterPotion"},{"floor":16.0,"key":"LiquidMemories"},{"floor":18.0,"key":"EssenceOfSteel"},{"floor":22.0,"key":"Strength Potion"},{"floor":22.0,"key":"Energy Potion"},{"floor":31.0,"key":"hexamod:EctoCoolerPotion"},{"floor":33.0,"key":"LiquidBronze"},{"floor":35.0,"key":"LiquidBronze"},{"floor":35.0,"key":"hexamod:DoubleChargePotion"},{"floor":35.0,"key":"Explosive Potion"},{"floor":41.0,"key":"LiquidBronze"},{"floor":41.0,"key":"CultistPotion"},{"floor":45.0,"key":"BlessingOfTheForge"},{"floor":48.0,"key":"EntropicBrew"},{"floor":53.0,"key":"SteroidPotion"},{"floor":56.0,"key":"LiquidBronze"},{"floor":56.0,"key":"FearPotion"},{"floor":56.0,"key":"SteroidPotion"},{"floor":58.0,"key":"FearPotion"},{"floor":58.0,"key":"Weak Potion"},{"floor":61.0,"key":"LiquidMemories"},{"floor":61.0,"key":"BlessingOfTheForge"},{"floor":64.0,"key":"BlessingOfTheForge"},{"floor":65.0,"key":"EssenceOfSteel"},{"floor":67.0,"key":"FairyPotion"},{"floor":67.0,"key":"AttackPotion"}],"is_trial":true,"path_per_floor":["M","?","?","M","M","E","R","R","T","R","R","R","R","E","R","B",null,"M","?","?","T","M","R","$","R","T","R","R","R","$","E","R","B",null,"M","?","$","?","T","R","E","R","T","R","E","$","R","M","R","B",null,"M","E","?","$","E","R","E","R","T","E","E","R","M","M","R","B",null,"M","?","M"],"character_chosen":"THE_SPIRIT","items_purchased":["hexamod:RadiantFlame","Tiny Chest","Guardian:BottledAnomaly","hexamod:FourthSeal","hexamod:WildfireWeapon","Potion Belt","hexamod:FourthSeal"],"campfire_rested":1,"item_purchase_floors":[24,24,30,37,46,55,55],"current_hp_per_floor":[66,54,54,51,42,49,70,70,70,70,70,70,70,58,70,33,70,58,58,80,80,80,80,80,80,80,80,80,80,80,65,77,56,80,90,85,85,78,78,85,109,109,109,109,109,109,109,119,119,23,119,126,114,93,93,100,124,136,136,136,136,136,136,136,146,146,146,146,156,156,156,156,156],"gold":401,"neow_bonus":"","is_daily":false,"chose_seed":false,"campfire_upgraded":18,"win_rate":0.0,"timestamp":1610560243,"path_taken":["M","?","?","?","M","E","R","R","T","R","R","R","R","?","R","BOSS","M","?","?","?","?","R","$","R","T","R","R","R","$","?","R","BOSS","M","?","$","?","?","R","?","R","T","R","E","?","R","?","R","BOSS","M","?","?","$","?","R","E","R","T","?","?","R","?","M","R","BOSS","M","?","?"],"items_purchased_type":["Card","Relic","Relic","Card","Card","Relic","Card"],"build_version":"2020-12-22","purchased_purges":0,"victory":false,"max_hp_per_floor":[70,70,70,70,70,70,70,70,70,70,70,70,70,70,70,70,70,80,80,80,80,80,80,80,80,80,80,80,80,80,80,80,80,80,90,85,85,85,85,85,109,109,109,109,109,109,109,119,119,119,119,126,126,126,126,126,126,136,136,136,136,136,136,136,146,146,146,146,156,156,156,156,156],"relic_stats":{"Regal Pillow":0,"Happy Flower":[29],"Gremlin Horn":[14,14],"counters":[26,105],"CeramicFish":45,"Eternal Feather":67,"PreservedInsect":387,"Bag of Preparation":[48],"Whetstone":["hexamod:TimeWarp"],"War Paint":[],"Question Card":69,"Smiling Mask":0,"Shovel":3,"Mummified Hand":[281],"Ornamental Fan":[0],"Gambling Chip":[17],"Pantograph":3,"Tiny Chest":3,"obtain_stats":[{"beaked:ShinyBauble":22,"Regal Pillow":45,"hubris:CrystalStatue":48,"Gremlin Horn":31,"SacredBark":51,"CeramicFish":65,"Mango":41,"Bag of Preparation":2,"Whetstone":40,"Smiling Mask":54,"Shovel":6,"hubris:Backtick":68,"Mummified Hand":26,"Gambling Chip":14,"Pantograph":18,"Strawberry":52,"beaked:SacredDeck":34,"Philosopher\u0027s Stone":17,"Tiny Chest":24,"Guardian:BottledAnomaly":30,"hexamod:SpiritBrand":0,"Potion Belt":55,"Pear":35,"Happy Flower":9,"hexamod:TheBrokenSeal":18,"Eternal Feather":5,"PreservedInsect":4,"Omamori":21,"hubris:Towel":19,"War Paint":49,"Question Card":39,"hexamod:MatchstickCase":60,"Ornamental Fan":69,"Membership Card":68,"hexamod:BolsterEngine":43,"FossilizedHelix":0,"Toy Ornithopter":1,"Meat on the Bone":32,"hubris:Reverence":64},{"beaked:ShinyBauble":8,"Regal Pillow":13,"hubris:CrystalStatue":14,"Gremlin Horn":9,"SacredBark":15,"CeramicFish":23,"Mango":12,"Bag of Preparation":1,"Whetstone":11,"Smiling Mask":17,"Shovel":4,"hubris:Backtick":24,"Mummified Hand":8,"Gambling Chip":5,"Pantograph":7,"Strawberry":16,"beaked:SacredDeck":10,"Philosopher\u0027s Stone":6,"Tiny Chest":8,"Guardian:BottledAnomaly":8,"hexamod:SpiritBrand":0,"Potion Belt":17,"Pear":11,"Happy Flower":4,"hexamod:TheBrokenSeal":7,"Eternal Feather":3,"PreservedInsect":2,"Omamori":7,"hubris:Towel":7,"War Paint":14,"Question Card":11,"hexamod:MatchstickCase":19,"Ornamental Fan":25,"Membership Card":24,"hexamod:BolsterEngine":12,"FossilizedHelix":0,"Toy Ornithopter":1,"Meat on the Bone":9,"hubris:Reverence":22},{"beaked:ShinyBauble":39,"Regal Pillow":59,"hubris:CrystalStatue":65,"Gremlin Horn":43,"SacredBark":73,"CeramicFish":100,"Mango":56,"Bag of Preparation":4,"Whetstone":52,"Smiling Mask":80,"Shovel":19,"hubris:Backtick":102,"Mummified Hand":39,"Gambling Chip":24,"Pantograph":36,"Strawberry":77,"beaked:SacredDeck":48,"Philosopher\u0027s Stone":30,"Tiny Chest":39,"Guardian:BottledAnomaly":39,"hexamod:SpiritBrand":0,"Potion Belt":80,"Pear":52,"Happy Flower":19,"hexamod:TheBrokenSeal":34,"Eternal Feather":14,"PreservedInsect":9,"Omamori":36,"hubris:Towel":36,"War Paint":65,"Question Card":52,"hexamod:MatchstickCase":87,"Ornamental Fan":105,"Membership Card":102,"hexamod:BolsterEngine":56,"FossilizedHelix":0,"Toy Ornithopter":4,"Meat on the Bone":43,"hubris:Reverence":97}],"Toy Ornithopter":5,"Meat on the Bone":12},"card_choices":[{"not_picked":["hexamod:FourthSeal","hexamod:SixthSeal"],"picked":"hexamod:SecondSeal","floor":1.0},{"not_picked":["hexamod:FourthSeal","hexamod:SecondSeal"],"picked":"hexamod:ThirdSeal","floor":4.0},{"not_picked":["hexamod:FourthSeal","hexamod:SixthSeal"],"picked":"hexamod:FirstSeal","floor":5.0},{"not_picked":["hexamod:ParanormalForm","hexamod:HexaLevel"],"picked":"hexamod:VolcanoVisage","floor":6.0},{"not_picked":["hexamod:UnleashSpirits","hexamod:CrushingStance"],"picked":"hexamod:WildfireWeapon","floor":6.0},{"not_picked":["hexamod:FirstSeal","hexamod:ThirdSeal"],"picked":"hexamod:FourthSeal","floor":14.0},{"not_picked":["hexamod:CrushingStance","hexamod:HexaLevel"],"picked":"hexamod:GiftsFromTheDead","floor":14.0},{"not_picked":["hexamod:EmpoweringStance","hexamod:ParanormalForm"],"picked":"hexamod:FifthSeal","floor":14.0},{"not_picked":["hexamod:UnleashSpirits","hexamod:VolcanoVisage"],"picked":"hexamod:TimeOfNeed","floor":16.0},{"not_picked":["hexamod:ThirdSeal","hexamod:SixthSeal"],"picked":"hexamod:FourthSeal","floor":16.0},{"not_picked":["hexamod:HexaLevel","hexamod:GhostflameInferno"],"picked":"hexamod:EmpoweringStance","floor":16.0},{"not_picked":["hexamod:ThirdSeal","hexamod:FourthSeal"],"picked":"hexamod:FirstSeal","floor":31.0},{"not_picked":["hexamod:CrushingStance","hexamod:GhostflameInferno"],"picked":"hexamod:EmpoweringStance","floor":31.0},{"not_picked":["hexamod:FirstSeal","hexamod:ThirdSeal"],"picked":"hexamod:FourthSeal","floor":33.0},{"not_picked":["hexamod:WildfireWeapon","hexamod:VolcanoVisage"],"picked":"hexamod:FifthSeal","floor":33.0},{"not_picked":["hexamod:ThirdSeal","hexamod:SixthSeal"],"picked":"hexamod:SecondSeal","floor":35.0},{"not_picked":["hexamod:SecondSeal","hexamod:FourthSeal"],"picked":"hexamod:SixthSeal","floor":35.0},{"not_picked":["hexamod:SixthSeal","hexamod:FourthSeal"],"picked":"hexamod:ThirdSeal","floor":35.0},{"not_picked":["hexamod:FourthSeal","hexamod:FirstSeal","hexamod:SixthSeal"],"picked":"hexamod:ThirdSeal","floor":41.0},{"not_picked":["hexamod:EmpoweringStance","hexamod:GhostflameInferno","hexamod:TimeOfNeed"],"picked":"hexamod:SixthSeal","floor":41.0},{"not_picked":["hexamod:ParanormalForm","hexamod:GhostflameInferno","hexamod:HexaLevel"],"picked":"hexamod:SixthSeal","floor":45.0},{"not_picked":["hexamod:FirstSeal","hexamod:FourthSeal","hexamod:SixthSeal"],"picked":"hexamod:ThirdSeal","floor":45.0},{"not_picked":["hexamod:ThirdSeal","hexamod:FourthSeal","hexamod:FirstSeal"],"picked":"hexamod:SecondSeal","floor":45.0},{"not_picked":["hexamod:HexaLevel","hexamod:CrushingStance","hexamod:TurnItUp"],"picked":"hexamod:FifthSeal","floor":45.0},{"not_picked":["hexamod:BurningTouch+1","hexamod:NightmareGuise","hexamod:SwordOfDarkness+1"],"picked":"hexamod:FirstSeal","floor":48.0},{"not_picked":["hexamod:FourthSeal","hexamod:SecondSeal","hexamod:FirstSeal"],"picked":"hexamod:ThirdSeal","floor":48.0},{"not_picked":["hexamod:SixthSeal","hexamod:FirstSeal","hexamod:ThirdSeal"],"picked":"hexamod:SecondSeal","floor":48.0},{"not_picked":["hexamod:ThirdSeal","hexamod:FirstSeal","hexamod:SecondSeal"],"picked":"hexamod:SixthSeal","floor":50.0},{"not_picked":["hexamod:ParanormalForm","hexamod:UnleashSpirits","hexamod:CrushingStance"],"picked":"hexamod:TimeOfNeed","floor":50.0},{"not_picked":["hexamod:WildfireWeapon","hexamod:TurnItUp","hexamod:GhostflameInferno"],"picked":"hexamod:GiftsFromTheDead","floor":50.0},{"not_picked":["hexamod:WildfireWeapon","hexamod:HexaLevel","hexamod:UnleashSpirits"],"picked":"hexamod:VolcanoVisage","floor":50.0},{"not_picked":["hexamod:FirstSeal","hexamod:ThirdSeal","hexamod:FourthSeal"],"picked":"hexamod:SixthSeal","floor":52.0},{"not_picked":["hexamod:SixthSeal","hexamod:SecondSeal","hexamod:FourthSeal"],"picked":"hexamod:FirstSeal","floor":52.0},{"not_picked":["hexamod:FirstSeal","hexamod:FourthSeal","hexamod:ThirdSeal"],"picked":"hexamod:SecondSeal","floor":53.0},{"not_picked":["hexamod:GiftsFromTheDead","hexamod:CrushingStance","hexamod:SearingWound"],"picked":"hexamod:VolcanoVisage","floor":53.0},{"not_picked":["hexamod:GiftsFromTheDead","hexamod:CrushingStance","hexamod:GhostflameInferno"],"picked":"hexamod:TimeOfNeed","floor":56.0},{"not_picked":["hexamod:TimeWarp","hexamod:ParanormalForm","hexamod:SixthSeal"],"picked":"hexamod:FifthSeal","floor":56.0},{"not_picked":["hexamod:SearingWound","hexamod:GiftsFromTheDead","hexamod:UnleashSpirits"],"picked":"hexamod:EmpoweringStance","floor":58.0},{"not_picked":["hexamod:TimeOfNeed","hexamod:SearingWound","hexamod:UnleashSpirits"],"picked":"hexamod:EmpoweringStance","floor":58.0},{"not_picked":["hexamod:SixthSeal","hexamod:FirstSeal","hexamod:FourthSeal"],"picked":"hexamod:SecondSeal","floor":61.0},{"not_picked":["hexamod:ThirdSeal","hexamod:FourthSeal","hexamod:SecondSeal"],"picked":"hexamod:FirstSeal","floor":61.0},{"not_picked":["hexamod:HexaLevel","hexamod:VolcanoVisage","hexamod:GhostflameInferno"],"picked":"hexamod:FifthSeal","floor":61.0},{"not_picked":["hexamod:GhostflameInferno","hexamod:UnleashSpirits","hexamod:SearingWound"],"picked":"hexamod:EmpoweringStance","floor":62.0},{"not_picked":["hexamod:FourthSeal","hexamod:SecondSeal","hexamod:SixthSeal"],"picked":"hexamod:ThirdSeal","floor":62.0},{"not_picked":["hexamod:CrushingStance","hexamod:TimeWarp","hexamod:SearingWound"],"picked":"hexamod:TimeOfNeed","floor":62.0},{"not_picked":["hexamod:BacktrackSmack","hexamod:SwordOfDarkness","hexamod:ShieldOfDarkness"],"picked":"hexamod:SecondSeal","floor":64.0},{"not_picked":["hexamod:ThirdSeal","hexamod:SecondSeal","hexamod:FirstSeal"],"picked":"hexamod:FourthSeal","floor":64.0},{"not_picked":["hexamod:SecondSeal","hexamod:FourthSeal","hexamod:SixthSeal"],"picked":"hexamod:FirstSeal","floor":64.0},{"not_picked":["hexamod:SecondSeal","hexamod:FirstSeal","hexamod:ThirdSeal"],"picked":"hexamod:SixthSeal","floor":67.0},{"not_picked":["hexamod:SixthSeal","hexamod:FirstSeal","hexamod:SecondSeal"],"picked":"hexamod:FourthSeal","floor":67.0},{"not_picked":["hexamod:GhostflameInferno","hexamod:SearingWound","hexamod:WildfireWeapon"],"picked":"hexamod:SixthSeal","floor":67.0},{"not_picked":["hexamod:FourthSeal","hexamod:SecondSeal","hexamod:SixthSeal"],"picked":"hexamod:ThirdSeal","floor":69.0}],"player_experience":778478,"relics_obtained":[{"floor":1.0,"key":"Toy Ornithopter"},{"floor":4.0,"key":"PreservedInsect"},{"floor":5.0,"key":"Eternal Feather"},{"floor":6.0,"key":"Shovel"},{"floor":9.0,"key":"Happy Flower"},{"floor":14.0,"key":"Gambling Chip"},{"floor":18.0,"key":"Pantograph"},{"floor":21.0,"key":"Omamori"},{"floor":22.0,"key":"beaked:ShinyBauble"},{"floor":26.0,"key":"Mummified Hand"},{"floor":31.0,"key":"Gremlin Horn"},{"floor":32.0,"key":"Meat on the Bone"},{"floor":35.0,"key":"Pear"},{"floor":39.0,"key":"Question Card"},{"floor":40.0,"key":"Whetstone"},{"floor":41.0,"key":"Mango"},{"floor":43.0,"key":"hexamod:BolsterEngine"},{"floor":45.0,"key":"Regal Pillow"},{"floor":48.0,"key":"hubris:CrystalStatue"},{"floor":49.0,"key":"War Paint"},{"floor":52.0,"key":"Strawberry"},{"floor":60.0,"key":"hexamod:MatchstickCase"},{"floor":64.0,"key":"hubris:Reverence"},{"floor":65.0,"key":"CeramicFish"},{"floor":69.0,"key":"Ornamental Fan"}],"event_choices":[{"damage_healed":0.0,"max_hp_gain":0.0,"max_hp_loss":0.0,"gold_gain":0.0,"event_name":"Upgrade Shrine","player_choice":"Upgraded","floor":3.0,"gold_loss":0.0,"damage_taken":0.0,"cards_upgraded":["White Noise"]},{"damage_healed":26.0,"max_hp_gain":0.0,"max_hp_loss":0.0,"gold_gain":0.0,"event_name":"The Library","player_choice":"Heal","floor":20.0,"gold_loss":0.0,"damage_taken":0.0},{"damage_healed":0.0,"max_hp_gain":0.0,"max_hp_loss":5.0,"gold_gain":0.0,"event_name":"Winding Halls","player_choice":"Max HP","floor":36.0,"gold_loss":0.0,"damage_taken":0.0},{"damage_healed":0.0,"max_hp_gain":0.0,"max_hp_loss":0.0,"gold_gain":0.0,"event_name":"Match and Keep!","player_choice":"1 cards matched","floor":70.0,"gold_loss":0.0,"damage_taken":0.0,"cards_obtained":["hexamod:ExtraCrispy"]}],"is_beta":false,"boss_relics":[{"not_picked":["beaked:MawFillet","Busted Crown"],"picked":"Philosopher\u0027s Stone"},{"not_picked":["Snecko Eye","hubris:VirtuousBlindfold"],"picked":"beaked:SacredDeck"},{"not_picked":["hubris:BlackHole","Sozu"],"picked":"SacredBark"},{"not_picked":["hubris:TerracottaHorce","SlaversCollar"],"picked":"hubris:Backtick"}],"items_purged_floors":[],"is_endless":true,"potions_floor_spawned":[14,16,22,35,56,58,61,67],"killed_by":"Spheric Guardian","ascension_level":0}}