{"host":"4np54w3ai1r5lqo1","time":1610545441,"event":{"mods":["BaseMod","Colored Map","Minty Spire (QoL Compilation)","Quick Restart"],"gold_per_floor":[117,117,129,142,155,155,36,51,51,126,152,38,52,67,67,164,164,175,207,207,227,55,55,68,68,68,68,96,96,113,13,13,113,113,126,139,139,14,29,29,60,60,60,85,85,103,134,149,149,149],"floor_reached":51,"language":"ENG","playtime":2273,"items_purged":["Strike_B","Strike_B","Strike_B"],"score":1027,"play_id":"32cab35f-482c-4da7-ab51-aba818f199c1","local_time":"20210113114401","is_ascension_mode":true,"campfire_choices":[{"data":"White Noise","floor":6.0,"key":"SMITH"},{"data":"Reprogram","floor":15,"key":"SMITH"},{"data":"Self Repair","floor":23,"key":"SMITH"},{"data":"Scrape","floor":25,"key":"SMITH"},{"data":"Streamline","floor":27,"key":"SMITH"},{"floor":32,"key":"REST"},{"data":"Leap","floor":40,"key":"SMITH"},{"data":"Leap","floor":45,"key":"SMITH"},{"data":"Zap","floor":49,"key":"SMITH"}],"circlet_count":0,"master_deck":["Defend_B","Defend_B","Defend_B","Defend_B","Zap+1","Dualcast","Gash","FTL","Go for the Eyes","White Noise+1","Reprogram+1","Streamline+1","Go for the Eyes","Leap+1","Skim","Go for the Eyes","Leap+1","Fission+1","FTL","Gash","Scrape+1","Turbo","Self Repair+1","All For One","Gash","Echo Form","Reinforced Body","Double Energy+1","Flash of Steel","Gash","Echo Form","Beam Cell+1","Fusion+1","Sweeping Beam"],"relics":["Philosopher\u0027s Stone","White Beast Statue","Bronze Scales","Runic Pyramid","Red Mask","Ornamental Fan","Bottled Lightning","Black Star","Thread and Needle","Blood Vial","Bottled Tornado","MealTicket","Regal Pillow","Nunchaku","Bottled Flame"],"acts_visited":["Exordium","TheCity","TheBeyond"],"potions_floor_usage":[11,11,16,16,28,30,30,30,41,50,50,50],"damage_taken":[{"damage":0.0,"enemies":"Small Slimes","floor":1.0,"turns":3.0},{"damage":1.0,"enemies":"Cultist","floor":3.0,"turns":4.0},{"damage":8.0,"enemies":"Jaw Worm","floor":4.0,"turns":2.0},{"damage":1.0,"enemies":"Blue Slaver","floor":5.0,"turns":3.0},{"damage":0.0,"enemies":"Large Slime","floor":8.0,"turns":3.0},{"damage":10,"enemies":"3 Sentries","floor":11,"turns":6},{"damage":6,"enemies":"Red Slaver","floor":13,"turns":3},{"damage":1,"enemies":"3 Louse","floor":14,"turns":2},{"damage":24,"enemies":"Hexaghost","floor":16,"turns":9},{"damage":0,"enemies":"Chosen","floor":18,"turns":7},{"damage":39,"enemies":"Masked Bandits","floor":19,"turns":6},{"damage":10,"enemies":"2 Thieves","floor":21,"turns":4},{"damage":12,"enemies":"3 Cultists","floor":24,"turns":6},{"damage":26,"enemies":"Slavers","floor":28,"turns":6},{"damage":21,"enemies":"Snake Plant","floor":30,"turns":2},{"damage":13,"enemies":"Collector","floor":33,"turns":7},{"damage":14,"enemies":"Orb Walker","floor":35,"turns":4},{"damage":13,"enemies":"3 Shapes","floor":36,"turns":3},{"damage":14,"enemies":"Writhing Mass","floor":39,"turns":6},{"damage":11,"enemies":"Reptomancer","floor":41,"turns":7},{"damage":1,"enemies":"Nemesis","floor":44,"turns":7},{"damage":6,"enemies":"Spire Growth","floor":46,"turns":4},{"damage":25,"enemies":"Reptomancer","floor":47,"turns":4},{"damage":16,"enemies":"Transient","floor":48,"turns":5},{"damage":57,"enemies":"Time Eater","floor":50,"turns":7}],"seed_played":"4337554308876810901","potions_obtained":[{"floor":3.0,"key":"SteroidPotion"},{"floor":4.0,"key":"EssenceOfSteel"},{"floor":8.0,"key":"FairyPotion"},{"floor":11,"key":"Ancient Potion"},{"floor":13,"key":"FearPotion"},{"floor":14,"key":"SpeedPotion"},{"floor":16,"key":"EntropicBrew"},{"floor":18,"key":"BlessingOfTheForge"},{"floor":19,"key":"Block Potion"},{"floor":24,"key":"FocusPotion"},{"floor":28,"key":"Swift Potion"},{"floor":30,"key":"DistilledChaos"},{"floor":41,"key":"Dexterity Potion"}],"is_trial":false,"path_per_floor":["M","?","M","M","M","R","$","M","T","?","E","$","M","M","R","B",null,"M","?","?","M","$","R","M","R","T","R","E","?","M","$","R","B",null,"M","M","?","$","M","R","E","?","T","E","R","M","E","M","R","B",null],"character_chosen":"DEFECT","items_purchased":["Reprogram","Streamline","Skim","Scrape","Turbo","Self Repair"],"campfire_rested":1,"item_purchase_floors":[7,7,12,22,22,22],"current_hp_per_floor":[68,68,67,59,58,58,58,58,58,47,37,37,31,30,30,6,58,58,19,19,9,9,9,32,32,32,32,16,41,30,30,52,49,69,65,52,52,52,48,48,57,57,57,68,68,64,61,67,67,22],"gold":149,"neow_bonus":"BOSS_RELIC","is_daily":false,"chose_seed":false,"campfire_upgraded":8,"win_rate":0.0,"timestamp":1610545441,"path_taken":["M","?","M","M","M","R","?","M","T","?","E","$","M","?","R","BOSS","M","?","?","?","$","R","M","R","T","R","E","?","M","$","R","BOSS","M","M","?","$","M","R","E","?","T","E","R","M","E","?","R","BOSS"],"items_purchased_type":["Card","Card","Card","Card","Card","Card"],"build_version":"2020-12-22","purchased_purges":3,"victory":true,"max_hp_per_floor":[75,75,75,75,75,75,75,75,75,75,75,75,75,75,75,75,75,75,75,75,75,75,75,75,75,75,75,75,75,75,75,75,75,75,75,75,75,75,75,75,75,75,75,75,75,75,75,75,75,75],"card_choices":[{"not_picked":["Cold Snap","Hologram"],"picked":"Gash","floor":1.0},{"not_picked":["Leap","Sweeping Beam"],"picked":"FTL","floor":3.0},{"not_picked":["Storm","Ball Lightning"],"picked":"Go for the Eyes","floor":4.0},{"not_picked":["Redo","Fusion"],"picked":"White Noise","floor":5.0},{"not_picked":["Doom and Gloom","Ball Lightning"],"picked":"Go for the Eyes","floor":8.0},{"not_picked":["Beam Cell","Go for the Eyes"],"picked":"Leap","floor":11},{"not_picked":["Rainbow","Redo"],"picked":"Go for the Eyes","floor":13},{"not_picked":["Defragment","Self Repair"],"picked":"Leap","floor":14},{"not_picked":["Multi-Cast","Seek"],"picked":"Fission","floor":16},{"not_picked":["Heatsinks+1","Coolheaded"],"picked":"FTL","floor":18},{"not_picked":["Beam Cell+1","White Noise+1"],"picked":"Gash","floor":19},{"not_picked":["Ball Lightning","Aggregate","Streamline"],"picked":"SKIP","floor":21},{"not_picked":["Barrage","Stack","Darkness"],"picked":"SKIP","floor":24},{"not_picked":["Rebound+1","Reboot"],"picked":"All For One","floor":28},{"not_picked":["Cold Snap","Steam"],"picked":"Gash","floor":30},{"not_picked":["Rainbow","Meteor Strike"],"picked":"Echo Form","floor":33},{"not_picked":["Force Field","Coolheaded+1"],"picked":"Reinforced Body","floor":35},{"not_picked":["Conserve Battery","Chaos+1"],"picked":"Double Energy+1","floor":36},{"not_picked":["Finesse","Forethought"],"picked":"Flash of Steel","floor":37},{"not_picked":["Steam+1","Go for the Eyes+1","Storm"],"picked":"SKIP","floor":39},{"not_picked":["Leap","Electrodynamics"],"picked":"Gash","floor":41},{"not_picked":["Redo","Compile Driver+1"],"picked":"Beam Cell+1","floor":44},{"not_picked":["Conserve Battery","Darkness+1"],"picked":"Fusion+1","floor":46},{"not_picked":["Force Field","Stack+1","Steam+1"],"picked":"SKIP","floor":47},{"not_picked":["Static Discharge","Gash+1"],"picked":"Sweeping Beam","floor":48}],"player_experience":487914,"relics_obtained":[{"floor":9.0,"key":"White Beast Statue"},{"floor":11,"key":"Bronze Scales"},{"floor":19,"key":"Red Mask"},{"floor":26,"key":"Ornamental Fan"},{"floor":28,"key":"Bottled Lightning"},{"floor":41,"key":"Thread and Needle"},{"floor":41,"key":"Blood Vial"},{"floor":43,"key":"Bottled Tornado"},{"floor":44,"key":"MealTicket"},{"floor":44,"key":"Regal Pillow"},{"floor":47,"key":"Nunchaku"},{"floor":47,"key":"Bottled Flame"}],"event_choices":[{"cards_removed":["Strike_B"],"damage_healed":0.0,"max_hp_gain":0.0,"max_hp_loss":0.0,"gold_gain":0.0,"event_name":"Wheel of Change","player_choice":"Card Removal","floor":2.0,"gold_loss":0.0,"damage_taken":0.0},{"damage_healed":0.0,"max_hp_gain":0.0,"max_hp_loss":0.0,"gold_gain":75.0,"event_name":"World of Goop","player_choice":"Gather Gold","floor":10.0,"gold_loss":0.0,"damage_taken":11.0},{"damage_healed":0,"gold_gain":0,"player_choice":"Fought Bandits","damage_taken":0,"max_hp_gain":0,"max_hp_loss":0,"event_name":"Masked Bandits","floor":19,"gold_loss":0},{"damage_healed":0,"gold_gain":0,"player_choice":"Upgraded","damage_taken":0,"max_hp_gain":0,"max_hp_loss":0,"event_name":"Upgrade Shrine","floor":20,"gold_loss":0,"cards_upgraded":["Fission"]},{"damage_healed":25,"gold_gain":0,"player_choice":"Heal","damage_taken":0,"max_hp_gain":0,"max_hp_loss":0,"event_name":"The Library","floor":29,"gold_loss":0},{"damage_healed":0,"gold_gain":0,"player_choice":"Memory 1","damage_taken":0,"max_hp_gain":0,"max_hp_loss":0,"event_name":"SensoryStone","floor":37,"gold_loss":0},{"damage_healed":0,"gold_gain":0,"player_choice":"Copied","damage_taken":0,"max_hp_gain":0,"max_hp_loss":0,"event_name":"Duplicator","floor":42,"gold_loss":0,"cards_obtained":["Echo Form"]}],"is_beta":false,"boss_relics":[{"not_picked":["Ectoplasm","Velvet Choker"],"picked":"Runic Pyramid"},{"not_picked":["Runic Dome","SacredBark"],"picked":"Black Star"}],"items_purged_floors":[12,31,38],"is_endless":false,"potions_floor_spawned":[3,4,8,11,13,14,16,18,19,21,24,28,30,33,35,36,39,41,44,46,47,48],"ascension_level":6}}