{"host":"a5lz0e76zb3fcwkm","time":1610552849,"event":{"mods":["AchievementEnabler","BaseMod","Colored Map","Colored Powertips","Minty Spire (QoL Compilation)","StSLib","SuperFastMode"],"gold_per_floor":[113,113,113,188,208,235,247,263,263,263,280,280,280,298,298,394,394,412,221,271,289,307,340,340,241,288,307,323,342,342,352,352,352,352],"floor_reached":33,"language":"KOR","playtime":944,"items_purged":["Strike_B"],"score":592,"play_id":"522dd247-79be-41ac-b403-1449e7322148","local_time":"20210114004729","is_ascension_mode":true,"campfire_choices":[{"data":"Zap","floor":10.0,"key":"SMITH"},{"data":"Dualcast","floor":15.0,"key":"SMITH"},{"floor":24.0,"key":"REST"},{"floor":32,"key":"REST"}],"circlet_count":0,"master_deck":["AscendersBane","Strike_B","Strike_B","Strike_B","Defend_B","Defend_B","Defend_B","Defend_B","Zap+1","Dualcast+1","Self Repair","Sweeping Beam","Leap","FTL","Consume+1","Compile Driver","Electrodynamics","Defragment","Ball Lightning","Force Field+1","Coolheaded","Glacier","Glacier","Core Surge"],"relics":["Cracked Core","NeowsBlessing","TungstenRod","Bloody Idol","Snecko Eye","The Courier","Boot","Lantern"],"acts_visited":["Exordium","TheCity"],"potions_floor_usage":[31,33],"damage_taken":[{"damage":0.0,"enemies":"Small Slimes","floor":1.0,"turns":1.0},{"damage":0.0,"enemies":"Jaw Worm","floor":5.0,"turns":1.0},{"damage":0.0,"enemies":"Lagavulin","floor":6.0,"turns":1.0},{"damage":0.0,"enemies":"Cultist","floor":7.0,"turns":4.0},{"damage":16.0,"enemies":"Blue Slaver","floor":8.0,"turns":6.0},{"damage":6.0,"enemies":"Looter","floor":11.0,"turns":3.0},{"damage":0.0,"enemies":"Exordium Thugs","floor":14.0,"turns":4.0},{"damage":51.0,"enemies":"The Guardian","floor":16.0,"turns":13.0},{"damage":32.0,"enemies":"Chosen","floor":18.0,"turns":5.0},{"damage":0.0,"enemies":"3 Byrds","floor":21.0,"turns":2.0},{"damage":19.0,"enemies":"Centurion and Healer","floor":22.0,"turns":5.0},{"damage":10.0,"enemies":"Slavers","floor":23.0,"turns":3.0},{"damage":9.0,"enemies":"Chosen and Byrds","floor":27.0,"turns":5.0},{"damage":5.0,"enemies":"Cultist and Chosen","floor":28.0,"turns":7.0},{"damage":1.0,"enemies":"Snecko","floor":29.0,"turns":4.0},{"damage":17,"enemies":"Snake Plant","floor":31,"turns":4},{"damage":9,"enemies":"Champ","floor":33,"turns":9}],"seed_played":"4594552392358165200","potions_obtained":[{"floor":6.0,"key":"Explosive Potion"},{"floor":8.0,"key":"ColorlessPotion"},{"floor":14.0,"key":"AttackPotion"},{"floor":18.0,"key":"Energy Potion"},{"floor":27.0,"key":"ColorlessPotion"},{"floor":29.0,"key":"Strength Potion"}],"is_trial":false,"path_per_floor":["M","?","?","?","M","E","M","M","T","R","M","?","?","M","R","B",null,"M","$","?","M","M","E","R","?","T","M","M","M","?","M","R","B"],"character_chosen":"DEFECT","items_purchased":["Defragment","Ball Lightning"],"campfire_rested":2,"item_purchase_floors":[19,19],"current_hp_per_floor":[64,64,69,58,58,58,65,56,56,56,57,57,57,64,64,20,57,25,25,25,32,13,3,23,23,23,21,23,29,29,27,47,38,38],"gold":352,"neow_bonus":"THREE_ENEMY_KILL","is_daily":false,"chose_seed":false,"campfire_upgraded":2,"win_rate":0.0,"timestamp":1610552849,"path_taken":["M","?","?","?","M","E","M","M","T","R","?","?","?","M","R","BOSS","M","?","?","M","M","E","R","?","T","M","?","M","?","M","R","BOSS"],"items_purchased_type":["Card","Card"],"build_version":"2020-12-22","purchased_purges":1,"victory":false,"max_hp_per_floor":[71,71,76,76,76,76,76,76,76,76,76,69,69,69,69,69,69,69,69,69,69,69,69,69,69,69,69,69,69,69,69,69,69,69],"card_choices":[{"not_picked":["Beam Cell","Static Discharge"],"picked":"Self Repair","floor":1.0},{"not_picked":["Stack","Tempest","Redo"],"picked":"SKIP","floor":5.0},{"not_picked":["Reprogram","Thunder Strike"],"picked":"Sweeping Beam","floor":6.0},{"not_picked":["Sweeping Beam","Double Energy"],"picked":"Leap","floor":7.0},{"not_picked":["Darkness","Barrage"],"picked":"FTL","floor":8.0},{"not_picked":["Stack","Force Field"],"picked":"Consume","floor":11.0},{"not_picked":["Scrape","Fusion"],"picked":"Compile Driver","floor":14.0},{"not_picked":["Seek","Thunder Strike"],"picked":"Electrodynamics","floor":16.0},{"not_picked":["FTL","Beam Cell","Leap"],"picked":"SKIP","floor":18.0},{"not_picked":["Turbo","Streamline"],"picked":"Force Field+1","floor":21.0},{"not_picked":["Ball Lightning+1","Steam"],"picked":"Coolheaded","floor":22.0},{"not_picked":["FTL","Barrage","Aggregate"],"picked":"SKIP","floor":23.0},{"not_picked":["Go for the Eyes","Beam Cell"],"picked":"Glacier","floor":27.0},{"not_picked":["Gash","Consume","Conserve Battery"],"picked":"SKIP","floor":28.0},{"not_picked":["Gash+1","Steam"],"picked":"Glacier","floor":29.0},{"not_picked":["Stack","Steam Power"],"picked":"Core Surge","floor":31}],"player_experience":1723071,"relics_obtained":[{"floor":6.0,"key":"TungstenRod"},{"floor":23.0,"key":"The Courier"},{"floor":26.0,"key":"Lantern"}],"event_choices":[{"damage_healed":0.0,"max_hp_gain":0.0,"max_hp_loss":0.0,"gold_gain":0.0,"event_name":"Liars Game","player_choice":"Ignored","floor":2.0,"gold_loss":0.0,"damage_taken":0.0},{"damage_healed":0.0,"max_hp_gain":5.0,"max_hp_loss":0.0,"gold_gain":0.0,"event_name":"Big Fish","player_choice":"Donut","floor":3.0,"gold_loss":0.0,"damage_taken":0.0},{"damage_healed":0.0,"max_hp_gain":0.0,"max_hp_loss":0.0,"gold_gain":75.0,"event_name":"World of Goop","player_choice":"Gather Gold","floor":4.0,"gold_loss":0.0,"damage_taken":11.0},{"damage_healed":0.0,"max_hp_gain":0.0,"max_hp_loss":7.0,"gold_gain":0.0,"event_name":"Golden Idol","player_choice":"Lose Max HP","floor":12.0,"gold_loss":0.0,"damage_taken":0.0,"relics_obtained":["Golden Idol"]},{"damage_healed":0.0,"max_hp_gain":0.0,"max_hp_loss":0.0,"gold_gain":0.0,"event_name":"Accursed Blacksmith","player_choice":"Forge","floor":13.0,"gold_loss":0.0,"damage_taken":0.0,"cards_upgraded":["Consume"]},{"damage_healed":0.0,"max_hp_gain":0.0,"max_hp_loss":0.0,"gold_gain":50.0,"event_name":"Nest","player_choice":"Stole From Cult","floor":20.0,"gold_loss":0.0,"damage_taken":0.0},{"damage_healed":0.0,"max_hp_gain":0.0,"max_hp_loss":0.0,"gold_gain":0.0,"event_name":"WeMeetAgain","player_choice":"Paid Gold","floor":25.0,"gold_loss":99.0,"damage_taken":0.0,"relics_obtained":["Boot"]},{"damage_healed":0.0,"max_hp_gain":0.0,"max_hp_loss":0.0,"gold_gain":0.0,"event_name":"Forgotten Altar","player_choice":"Gave Idol","floor":30.0,"relics_lost":["Golden Idol"],"gold_loss":0.0,"damage_taken":0.0,"relics_obtained":["Bloody Idol"]}],"is_beta":false,"boss_relics":[{"not_picked":["Calling Bell","Cursed Key"],"picked":"Snecko Eye"}],"items_purged_floors":[19],"is_endless":false,"potions_floor_spawned":[6,8,14,18,27,29],"killed_by":"Champ","ascension_level":20}}