{"host":"dr5t8qsew5rvjx1s","time":1610562632,"event":{"mods":["Act Like it!","BaseMod","BetterRewards","Colored Powertips","Highlight Path","Mimic Mod","Minty Spire (QoL Compilation)","StSLib","The Alterego"],"gold_per_floor":[119,119,135,158,177,177,352,367,447,517,517,552,575,334,334,462,462,402,501,39,54,54,86,86,98,98,98,98,98,124,124,124,227,227,244,294,306,325,380,380,380],"floor_reached":40,"language":"ENG","playtime":2202,"items_purged":["Doubt"],"score":479,"play_id":"2e541fbb-da31-4e74-8999-86ac4dbebd37","local_time":"20210113193032","is_ascension_mode":false,"campfire_choices":[{"data":"alterego_mod:Mirror","floor":6.0,"key":"SMITH"},{"floor":11.0,"key":"REST"},{"floor":15.0,"key":"REST"},{"floor":24,"key":"REST"},{"floor":28,"key":"REST"},{"data":"alterego_mod:Mirror","floor":32,"key":"SMITH"}],"circlet_count":0,"master_deck":["alterego_mod:Strike","alterego_mod:Strike","alterego_mod:Strike","alterego_mod:Strike","alterego_mod:Defend","alterego_mod:Defend","alterego_mod:Defend","alterego_mod:Defend","alterego_mod:Impale","alterego_mod:BigMeatyClaws","alterego_mod:BrynhildrsRune+1","alterego_mod:Mirror+1","Injury","alterego_mod:MagicResistance","alterego_mod:Jiggle","alterego_mod:Weigh","alterego_mod:Swimsuit","alterego_mod:Pet","alterego_mod:ChallengeComplete","alterego_mod:Mirror+1","alterego_mod:Valkyrie","alterego_mod:Crossover","alterego_mod:Birthday+1","alterego_mod:BiFurious+1","alterego_mod:SakuraPetals+1","alterego_mod:Palingenesis","alterego_mod:Belts","alterego_mod:IndependentAction","alterego_mod:Nekomimi","Pain"],"relics":["alterego_mod:MasochisticConstitution","Bloody Idol","Blue Candle","Gambling Chip","Omamori","Pantograph","Cursed Key","Ice Cream","Tiny Chest","Toy Ornithopter","Nilry\u0027s Codex","Oddly Smooth Stone","Peace Pipe","Vajra"],"acts_visited":["Exordium","TheCity","TheBeyond"],"potions_floor_usage":[33,33,33,40],"damage_taken":[{"damage":3.0,"enemies":"Small Slimes","floor":1.0,"turns":3.0},{"damage":11.0,"enemies":"Jaw Worm","floor":3.0,"turns":5.0},{"damage":2.0,"enemies":"Cultist","floor":4.0,"turns":4.0},{"damage":13.0,"enemies":"Exordium Thugs","floor":5.0,"turns":7.0},{"damage":1.0,"enemies":"Large Slime","floor":8.0,"turns":6.0},{"damage":36.0,"enemies":"Gremlin Nob","floor":10.0,"turns":4.0},{"damage":36.0,"enemies":"Lagavulin","floor":12.0,"turns":9.0},{"damage":1.0,"enemies":"Exordium Wildlife","floor":13.0,"turns":5.0},{"damage":67.0,"enemies":"Slime Boss","floor":16.0,"turns":15.0},{"damage":26.0,"enemies":"2 Thieves","floor":18.0,"turns":4.0},{"damage":10,"enemies":"Spheric Guardian","floor":21,"turns":5},{"damage":96,"enemies":"Gremlin Leader","floor":23,"turns":10},{"damage":12,"enemies":"Snecko","floor":25,"turns":6},{"damage":95,"enemies":"Collector","floor":33,"turns":8},{"damage":40,"enemies":"3 Darklings","floor":35,"turns":4},{"damage":19,"enemies":"Mind Bloom Boss Battle","floor":36,"turns":8},{"damage":47,"enemies":"3 Shapes","floor":37,"turns":6},{"damage":17,"enemies":"Transient","floor":38,"turns":5},{"damage":70,"enemies":"Reptomancer","floor":40,"turns":2}],"seed_played":"-6330824297978064144","potions_obtained":[{"floor":3.0,"key":"SpeedPotion"},{"floor":5.0,"key":"Dexterity Potion"},{"floor":10.0,"key":"Strength Potion"},{"floor":12.0,"key":"Weak Potion"},{"floor":23,"key":"Dexterity Potion"},{"floor":35,"key":"Weak Potion"},{"floor":37,"key":"LiquidBronze"}],"is_trial":false,"path_per_floor":["M","?","M","M","M","R","?","M","T","?","R","E","M","$","R","B",null,"M","?","$","M","?","E","R","M","T","?","R","$","T","$","R","B",null,"M","?","M","M","T","E"],"character_chosen":"The_Alterego","items_purchased":["Pantograph","Ice Cream","alterego_mod:Crossover"],"campfire_rested":4,"item_purchase_floors":[14,20,20],"current_hp_per_floor":[68,68,65,64,66,66,66,75,75,40,62,34,41,41,64,47,79,64,64,64,62,62,19,43,47,47,31,55,55,60,60,60,32,84,55,86,68,57,62,0,0],"gold":380,"neow_bonus":"UPGRADE_CARD","is_daily":false,"chose_seed":false,"campfire_upgraded":2,"win_rate":0.0,"timestamp":1610562632,"path_taken":["M","?","M","M","M","R","?","M","T","?","R","E","M","$","R","BOSS","M","?","$","M","?","E","R","M","T","?","R","$","?","$","R","BOSS","M","?","M","M","?","E"],"items_purchased_type":["Relic","Relic","Card"],"build_version":"2020-12-22","purchased_purges":1,"victory":false,"max_hp_per_floor":[71,71,72,73,74,74,74,75,75,76,76,77,78,78,78,79,79,80,80,80,81,81,82,82,83,83,83,83,83,83,83,83,84,84,85,86,87,88,88,88,88],"card_choices":[{"not_picked":["alterego_mod:DustData","alterego_mod:PerceptionDisorder"],"picked":"alterego_mod:Mirror","floor":1.0},{"not_picked":["alterego_mod:GoddessCore","alterego_mod:TrashNCrash"],"picked":"alterego_mod:MagicResistance","floor":3.0},{"not_picked":["alterego_mod:TrashNCrash","alterego_mod:Rip"],"picked":"alterego_mod:Jiggle","floor":4.0},{"not_picked":["alterego_mod:DiscoLights","alterego_mod:BiFurious"],"picked":"alterego_mod:Weigh","floor":5.0},{"not_picked":["alterego_mod:Skirt","alterego_mod:Clap"],"picked":"alterego_mod:Swimsuit","floor":8.0},{"not_picked":["alterego_mod:HighServant","alterego_mod:BustOut"],"picked":"alterego_mod:Pet","floor":10.0},{"not_picked":["alterego_mod:DiscoLights","alterego_mod:Vow"],"picked":"alterego_mod:ChallengeComplete","floor":12.0},{"not_picked":["alterego_mod:Maid","alterego_mod:Belts"],"picked":"alterego_mod:Mirror","floor":13.0},{"not_picked":["alterego_mod:Lift","alterego_mod:RingBreak"],"picked":"alterego_mod:Valkyrie","floor":16.0},{"not_picked":["alterego_mod:Maid","alterego_mod:MagicResistance"],"picked":"alterego_mod:Birthday+1","floor":21},{"not_picked":["alterego_mod:Lingerie","alterego_mod:Cooking"],"picked":"alterego_mod:BiFurious+1","floor":23},{"not_picked":["alterego_mod:Maid+1","alterego_mod:Lingerie"],"picked":"alterego_mod:SakuraPetals+1","floor":25},{"not_picked":["alterego_mod:InsideBaseball","alterego_mod:TrickOrTreatment"],"picked":"alterego_mod:Palingenesis","floor":33},{"not_picked":["alterego_mod:PurpleHair","alterego_mod:Jiggle"],"picked":"alterego_mod:Belts","floor":35},{"not_picked":["alterego_mod:Pet+1","alterego_mod:1TonWallop+1"],"picked":"alterego_mod:IndependentAction","floor":36},{"not_picked":["alterego_mod:Smother+1","alterego_mod:Cycle+1"],"picked":"alterego_mod:Nekomimi","floor":37},{"not_picked":["alterego_mod:BeGentle+1","alterego_mod:GachaTicket+1","alterego_mod:Stockings"],"picked":"SKIP","floor":38}],"player_experience":571730,"relics_obtained":[{"floor":9.0,"key":"Blue Candle"},{"floor":10.0,"key":"Gambling Chip"},{"floor":12.0,"key":"Omamori"},{"floor":23,"key":"Tiny Chest"},{"floor":26,"key":"Toy Ornithopter"},{"floor":27,"key":"Nilry\u0027s Codex"},{"floor":30,"key":"Oddly Smooth Stone"},{"floor":36,"key":"Peace Pipe"},{"floor":39,"key":"Vajra"}],"event_choices":[{"damage_healed":0.0,"max_hp_gain":0.0,"max_hp_loss":0.0,"gold_gain":0.0,"event_name":"Golden Idol","player_choice":"Take Wound","floor":2.0,"gold_loss":0.0,"damage_taken":0.0,"relics_obtained":["Golden Idol"],"cards_obtained":["Injury"]},{"damage_healed":0.0,"max_hp_gain":0.0,"max_hp_loss":0.0,"gold_gain":175.0,"event_name":"Liars Game","player_choice":"AGREE","floor":7.0,"gold_loss":0.0,"damage_taken":0.0,"cards_obtained":["Doubt"]},{"damage_healed":0.0,"max_hp_gain":0.0,"max_hp_loss":0.0,"gold_gain":30.0,"event_name":"Dead Adventurer","player_choice":"Searched \u00273\u0027 times","floor":10.0,"gold_loss":0.0,"damage_taken":0.0},{"damage_healed":0,"gold_gain":99,"player_choice":"Stole From Cult","damage_taken":0,"max_hp_gain":0,"max_hp_loss":0,"event_name":"Nest","floor":19,"gold_loss":0},{"damage_healed":0,"gold_gain":0,"player_choice":"Gave Idol","damage_taken":0,"relics_obtained":["Bloody Idol"],"max_hp_gain":0,"max_hp_loss":0,"event_name":"Forgotten Altar","floor":22,"relics_lost":["Golden Idol"],"gold_loss":0},{"damage_healed":0,"gold_gain":0,"player_choice":"Obtained Book","damage_taken":16,"max_hp_gain":0,"max_hp_loss":0,"event_name":"Cursed Tome","floor":27,"gold_loss":0},{"damage_healed":0,"gold_gain":0,"player_choice":"Fight","damage_taken":0,"max_hp_gain":0,"max_hp_loss":0,"event_name":"MindBloom","floor":36,"gold_loss":0}],"is_beta":false,"boss_relics":[{"not_picked":["Astrolabe","Philosopher\u0027s Stone"],"picked":"Cursed Key"},{"not_picked":["Sozu","Coffee Dripper","Runic Dome"]}],"items_purged_floors":[20],"is_endless":false,"potions_floor_spawned":[3,5,10,12,13,21,23,35,37],"killed_by":"Reptomancer","ascension_level":0}}