{"host":"i7jfea87xc8lz16p","time":1610498383,"event":{"mods":["AchievementEnabler","BaseMod","Colored Powertips","Minty Spire (QoL Compilation)","Relic Stats"],"gold_per_floor":[116,41,52,62,62,62,92,111,111,130,130,164,181,192,192,192,192],"floor_reached":16,"language":"ENG","playtime":559,"items_purged":["Strike_R"],"score":228,"play_id":"ead6efbb-7305-48f3-bdae-4d63789916fb","local_time":"20210113013943","is_ascension_mode":true,"campfire_choices":[{"data":"Seeing Red","floor":6,"key":"SMITH"},{"floor":11,"key":"REST"},{"data":"Clothesline","floor":15,"key":"SMITH"}],"circlet_count":0,"master_deck":["AscendersBane","Strike_R","Strike_R","Strike_R","Strike_R","Defend_R","Defend_R","Defend_R","Defend_R","Bash+1","Perfected Strike","Clothesline+1","Seeing Red+1","Inflame","Cleave","Spot Weakness"],"relics":["Runic Cube","Incense Burner","Mummified Hand","HornCleat"],"acts_visited":["Exordium"],"potions_floor_usage":[7,12,13,16],"damage_taken":[{"damage":7,"enemies":"2 Louse","floor":1,"turns":4},{"damage":8,"enemies":"Small Slimes","floor":3,"turns":3},{"damage":7,"enemies":"Jaw Worm","floor":4,"turns":3},{"damage":6,"enemies":"Gremlin Nob","floor":7,"turns":3},{"damage":14,"enemies":"Exordium Wildlife","floor":8,"turns":4},{"damage":2,"enemies":"Looter","floor":10,"turns":3},{"damage":15,"enemies":"3 Sentries","floor":12,"turns":5},{"damage":2,"enemies":"2 Fungi Beasts","floor":13,"turns":3},{"damage":0,"enemies":"Red Slaver","floor":14,"turns":3},{"damage":33,"enemies":"The Guardian","floor":16,"turns":10}],"seed_played":"7142912764442156123","potions_obtained":[{"floor":4,"key":"Swift Potion"},{"floor":7,"key":"Fire Potion"},{"floor":8,"key":"FearPotion"},{"floor":12,"key":"Fire Potion"}],"is_trial":false,"path_per_floor":["M","$","M","M","?","R","E","M","T","M","R","E","M","M","R","B"],"character_chosen":"IRONCLAD","items_purchased":[],"campfire_rested":1,"item_purchase_floors":[],"current_hp_per_floor":[61,61,53,46,46,46,40,26,26,24,46,31,29,29,29,0,0],"gold":192,"neow_bonus":"BOSS_RELIC","is_daily":false,"chose_seed":false,"campfire_upgraded":2,"win_rate":0.0,"timestamp":1610498383,"path_taken":["M","$","M","M","?","R","E","M","T","M","R","E","M","M","R","BOSS"],"items_purchased_type":[],"build_version":"2020-12-22","purchased_purges":1,"victory":false,"max_hp_per_floor":[75,75,75,75,75,75,75,75,75,75,75,75,75,75,75,75,75],"relic_stats":{"counters":[10,41],"Mummified Hand":[4],"obtain_stats":[{"HornCleat":12,"Mummified Hand":9,"Incense Burner":7,"Burning Blood":0,"Runic Cube":0},{"HornCleat":7,"Mummified Hand":5,"Incense Burner":4,"Burning Blood":0,"Runic Cube":0},{"HornCleat":25,"Mummified Hand":17,"Incense Burner":13,"Burning Blood":0,"Runic Cube":0}],"Runic Cube":[16]},"card_choices":[{"not_picked":["Shrug It Off","Sword Boomerang"],"picked":"Perfected Strike","floor":1},{"not_picked":["Whirlwind","Pommel Strike"],"picked":"Clothesline","floor":3},{"not_picked":["Havoc","Hemokinesis"],"picked":"Seeing Red","floor":4},{"not_picked":["Blood for Blood","Clash"],"picked":"Inflame","floor":7},{"not_picked":["Clash","Dual Wield"],"picked":"Cleave","floor":8},{"not_picked":["Metallicize","Twin Strike"],"picked":"Spot Weakness","floor":10},{"not_picked":["Thunderclap","Berserk","Double Tap"],"picked":"SKIP","floor":12},{"not_picked":["Infernal Blade","Dual Wield","Rupture"],"picked":"SKIP","floor":13},{"not_picked":["Iron Wave","Headbutt","Fire Breathing"],"picked":"SKIP","floor":14}],"player_experience":1772972,"relics_obtained":[{"floor":7,"key":"Incense Burner"},{"floor":9,"key":"Mummified Hand"},{"floor":12,"key":"HornCleat"}],"event_choices":[{"damage_healed":0,"gold_gain":0,"player_choice":"Grow","damage_taken":0,"max_hp_gain":0,"max_hp_loss":0,"event_name":"Living Wall","floor":5,"gold_loss":0,"cards_upgraded":["Bash"]}],"is_beta":false,"boss_relics":[],"items_purged_floors":[2],"is_endless":false,"potions_floor_spawned":[4,7,8,12],"killed_by":"The Guardian","ascension_level":20}}