{"host":"0tyekvnd8380d52o","time":1610550458,"event":{"mods":["Arknights The Spire","BaseMod","Minty Spire (QoL Compilation)","Shop Mod","StSLib","simple"],"gold_per_floor":[114,114,134,144,144,144,144],"floor_reached":6,"language":"ZHS","playtime":277,"items_purged":[],"score":36,"play_id":"9c137b93-5cc6-42de-9474-c0a0d2e36786","local_time":"20210113230738","is_ascension_mode":false,"campfire_choices":[],"circlet_count":0,"master_deck":["ats:Strike C","ats:Strike G","ats:Strike S","ats:Strike V","ats:Armor Crushing Shot","ats:Defend","ats:Defend","ats:Defend","ats:Defend","ats:Emotion Absorption","ats:Curse Doll","Regret","ats:Very Hot Blade"],"relics":["ats:Sanity","Omamori"],"acts_visited":["Exordium"],"potions_floor_usage":[6],"damage_taken":[{"damage":15,"enemies":"Jaw Worm","floor":1,"turns":4},{"damage":1,"enemies":"2 Louse","floor":3,"turns":3},{"damage":3,"enemies":"Cultist","floor":4,"turns":4},{"damage":92,"enemies":"Lagavulin","floor":6,"turns":11}],"seed_played":"7523476115918635051","potions_obtained":[{"floor":3,"key":"Regen Potion"},{"floor":4,"key":"Dexterity Potion"},{"floor":5,"key":"FairyPotion"},{"floor":5,"key":"LiquidMemories"}],"is_trial":false,"path_per_floor":["M","?","M","M","?","E"],"character_chosen":"DOCTOR_CLASS","items_purchased":[],"campfire_rested":0,"item_purchase_floors":[],"current_hp_per_floor":[64,64,63,60,60,0,0],"gold":144,"neow_bonus":"TEN_PERCENT_HP_BONUS","is_daily":false,"chose_seed":false,"campfire_upgraded":0,"win_rate":0.0,"timestamp":1610550458,"path_taken":["M","?","M","M","?","E"],"items_purchased_type":[],"build_version":"2020-12-22","purchased_purges":0,"victory":false,"max_hp_per_floor":[79,79,79,79,79,79,79],"card_choices":[{"not_picked":["ats:Cat Scratch","ats:Part Time Job"],"picked":"ats:Curse Doll","floor":1},{"not_picked":["ats:Poison Spread","ats:Ignite","ats:Curse Doll"],"picked":"SKIP","floor":3},{"not_picked":["ats:Ignite","ats:Revitalization"],"picked":"ats:Very Hot Blade","floor":4}],"player_experience":161577,"relics_obtained":[],"event_choices":[{"damage_healed":0,"gold_gain":0,"player_choice":"Box","damage_taken":0,"relics_obtained":["Omamori"],"max_hp_gain":0,"max_hp_loss":0,"event_name":"Big Fish","floor":2,"gold_loss":0,"cards_obtained":["Regret"]},{"damage_healed":0,"gold_gain":0,"player_choice":"Got Potions","damage_taken":0,"max_hp_gain":0,"max_hp_loss":0,"event_name":"Lab","floor":5,"gold_loss":0}],"is_beta":false,"boss_relics":[],"items_purged_floors":[],"is_endless":false,"potions_floor_spawned":[3,4],"killed_by":"Lagavulin","ascension_level":0}}