{"host":"d6c1my71jrq4jqot","time":1610534601,"event":{"mods":["AchievementEnabler","BaseMod","Colored Powertips","Minty Spire (QoL Compilation)","Relic Stats","Slay the Relics Exporter"],"gold_per_floor":[368,368,49,64,82,111,127,137,137,137,62,75,106,126,126,126,126],"floor_reached":16,"language":"ENG","playtime":677,"items_purged":["Strike_G"],"score":205,"play_id":"0bc3632f-8d9b-4bfc-b5cb-012e8e3a08e0","local_time":"20210113084321","is_ascension_mode":true,"campfire_choices":[{"data":"Neutralize","floor":15,"key":"SMITH"}],"circlet_count":0,"master_deck":["AscendersBane","Strike_G+1","Strike_G+1","Strike_G","Strike_G","Defend_G","Defend_G","Defend_G","Defend_G","Defend_G","Survivor","Neutralize+1","Dash","Dagger Spray","Infinite Blades","Backstab","Wraith Form v2+1","All Out Attack","Calculated Gamble","Blade Dance"],"relics":["Ring of the Snake","HornCleat","Nunchaku","Ancient Tea Set"],"acts_visited":["Exordium"],"potions_floor_usage":[6,16],"damage_taken":[{"damage":2,"enemies":"Cultist","floor":1,"turns":5},{"damage":0,"enemies":"2 Louse","floor":4,"turns":3},{"damage":0,"enemies":"Jaw Worm","floor":5,"turns":3},{"damage":8,"enemies":"Gremlin Nob","floor":6,"turns":4},{"damage":0,"enemies":"2 Fungi Beasts","floor":7,"turns":3},{"damage":13,"enemies":"Blue Slaver","floor":8,"turns":2},{"damage":4,"enemies":"Red Slaver","floor":12,"turns":3},{"damage":6,"enemies":"Lagavulin","floor":13,"turns":8},{"damage":1,"enemies":"Looter","floor":14,"turns":3},{"damage":12,"enemies":"Hexaghost","floor":16,"turns":11}],"seed_played":"-1220280396694195384","potions_obtained":[{"floor":1,"key":"GamblersBrew"},{"floor":8,"key":"SneckoOil"},{"floor":12,"key":"GhostInAJar"}],"is_trial":false,"path_per_floor":["M","?","$","M","M","E","M","M","T","?","$","M","E","M","R","B"],"character_chosen":"THE_SILENT","items_purchased":["HornCleat","Explosive Potion"],"campfire_rested":0,"item_purchase_floors":[3,3],"current_hp_per_floor":[57,39,39,39,39,31,31,18,18,18,18,14,8,7,7,0,0],"gold":126,"neow_bonus":"TWO_FIFTY_GOLD","is_daily":false,"chose_seed":false,"campfire_upgraded":1,"win_rate":0.0,"timestamp":1610534601,"path_taken":["M","?","$","M","M","E","M","M","T","?","$","?","E","M","R","BOSS"],"items_purchased_type":["Relic","Potion"],"build_version":"2020-12-22","purchased_purges":1,"victory":false,"max_hp_per_floor":[60,60,60,60,60,60,60,60,60,60,60,60,60,60,60,60,60],"relic_stats":{"Nunchaku":[9],"counters":[10,45],"obtain_stats":[{"Nunchaku":6,"HornCleat":3,"Ancient Tea Set":13,"Ring of the Snake":0},{"Nunchaku":4,"HornCleat":1,"Ancient Tea Set":8,"Ring of the Snake":0},{"Nunchaku":15,"HornCleat":5,"Ancient Tea Set":31,"Ring of the Snake":0}],"Ring of the Snake":[20]},"card_choices":[{"not_picked":["Terror","Dodge and Roll"],"picked":"Dash","floor":1},{"not_picked":["Dagger Throw","Cloak And Dagger"],"picked":"Dagger Spray","floor":4},{"not_picked":["Acrobatics","Heel Hook"],"picked":"Infinite Blades","floor":5},{"not_picked":["Eviscerate","Dash","Riddle With Holes"],"picked":"SKIP","floor":6},{"not_picked":["Well Laid Plans","Dagger Throw"],"picked":"Backstab","floor":7},{"not_picked":["Poisoned Stab","Underhanded Strike"],"picked":"Wraith Form v2","floor":8},{"not_picked":["Bane","Dagger Throw"],"picked":"All Out Attack","floor":12},{"not_picked":["Tactician","Escape Plan"],"picked":"Calculated Gamble","floor":13},{"not_picked":["Flechettes","Underhanded Strike"],"picked":"Blade Dance","floor":14}],"player_experience":631715,"relics_obtained":[{"floor":6,"key":"Nunchaku"},{"floor":13,"key":"Ancient Tea Set"}],"event_choices":[{"damage_healed":0,"gold_gain":0,"player_choice":"Entered Light","damage_taken":18,"max_hp_gain":0,"max_hp_loss":0,"event_name":"Shining Light","floor":2,"gold_loss":0,"cards_upgraded":["Strike_G","Strike_G"]},{"damage_healed":0,"gold_gain":0,"player_choice":"Upgraded","damage_taken":0,"max_hp_gain":0,"max_hp_loss":0,"event_name":"Upgrade Shrine","floor":10,"gold_loss":0,"cards_upgraded":["Wraith Form v2"]}],"is_beta":false,"boss_relics":[],"items_purged_floors":[11],"is_endless":false,"potions_floor_spawned":[1,4,8,12],"killed_by":"Hexaghost","ascension_level":16}}