{"host":"1ekl8hlbnopmdapi","time":1610575006,"event":{"mods":["AchievementEnabler","BaseMod","Colored Map","Colored Powertips","DeckTracker","Googly Eyes","Highlight Path","Minty Spire (QoL Compilation)","Relic Sorter","StSLib"],"gold_per_floor":[213,224,224,234,234,234,259,271,298,298,312,331,361,378,378,483,483,493,493,493,592,603,603,623,623,623,623,639,652,667,680,680,680,680],"floor_reached":33,"language":"ENG","playtime":1117,"items_purged":[],"score":367,"play_id":"14224d5e-6090-482a-8c24-8a1b98625844","local_time":"20210113165646","is_ascension_mode":true,"campfire_choices":[{"floor":6,"key":"RECALL"},{"floor":10,"key":"REST"},{"floor":15,"key":"REST"},{"floor":23,"key":"REST"},{"floor":25,"key":"REST"},{"floor":32,"key":"REST"}],"circlet_count":0,"master_deck":["Strike_B","Strike_B","Strike_B","Defend_B","Defend_B","Defend_B","Defend_B","Zap","Dualcast","Conserve Battery","Streamline","Streamline","Steam","Steam","Stack","Leap","Core Surge","FTL+1","Ball Lightning","White Noise","Ball Lightning","Rebound"],"relics":["Cracked Core","Centennial Puzzle","Bronze Scales","Busted Crown","Torii"],"acts_visited":["Exordium","TheCity"],"potions_floor_usage":[7,12,16,29,31,33],"damage_taken":[{"damage":5,"enemies":"2 Louse","floor":1,"turns":3},{"damage":1,"enemies":"Cultist","floor":2,"turns":4},{"damage":7,"enemies":"Jaw Worm","floor":4,"turns":3},{"damage":24,"enemies":"Gremlin Nob","floor":7,"turns":4},{"damage":7,"enemies":"3 Louse","floor":8,"turns":3},{"damage":8,"enemies":"Blue Slaver","floor":11,"turns":4},{"damage":6,"enemies":"2 Fungi Beasts","floor":12,"turns":3},{"damage":25,"enemies":"Gremlin Gang","floor":14,"turns":4},{"damage":50,"enemies":"The Guardian","floor":16,"turns":14},{"damage":2,"enemies":"Shell Parasite","floor":18,"turns":5},{"damage":10,"enemies":"Spheric Guardian","floor":22,"turns":4},{"damage":29,"enemies":"Snake Plant","floor":24,"turns":5},{"damage":18,"enemies":"Snecko","floor":28,"turns":4},{"damage":11,"enemies":"Centurion and Healer","floor":29,"turns":5},{"damage":1,"enemies":"3 Cultists","floor":30,"turns":4},{"damage":10,"enemies":"Snecko","floor":31,"turns":4},{"damage":53,"enemies":"Collector","floor":33,"turns":5}],"seed_played":"-5902904825807354995","potions_obtained":[{"floor":4,"key":"PowerPotion"},{"floor":8,"key":"FearPotion"},{"floor":11,"key":"Regen Potion"},{"floor":12,"key":"Fruit Juice"},{"floor":18,"key":"EssenceOfSteel"},{"floor":22,"key":"Fire Potion"}],"is_trial":false,"path_per_floor":["M","M","?","M","?","R","E","M","T","R","M","M","?","M","R","B",null,"M","?","?","?","M","R","M","R","T","?","M","M","M","M","R","B"],"character_chosen":"DEFECT","items_purchased":[],"campfire_rested":5,"item_purchase_floors":[],"current_hp_per_floor":[63,62,62,55,60,60,36,29,29,53,45,44,44,19,44,9,66,64,48,48,48,38,65,36,63,63,63,45,34,33,23,50,0,0],"gold":680,"neow_bonus":"HUNDRED_GOLD","is_daily":false,"chose_seed":false,"campfire_upgraded":0,"win_rate":0.0,"timestamp":1610575006,"path_taken":["M","M","?","?","?","R","E","M","T","R","M","M","?","M","R","BOSS","M","?","?","?","M","R","M","R","T","?","?","?","M","M","R","BOSS"],"items_purchased_type":[],"build_version":"2020-12-22","purchased_purges":0,"victory":false,"max_hp_per_floor":[75,75,75,75,80,80,80,80,80,80,80,85,85,85,85,85,85,85,90,90,90,90,90,90,90,90,90,90,90,90,90,90,90,90],"card_choices":[{"not_picked":["Sweeping Beam","Scrape"],"picked":"Conserve Battery","floor":1},{"not_picked":["Gash","Stack"],"picked":"Streamline","floor":2},{"not_picked":["Cold Snap","Redo","Doom and Gloom"],"picked":"SKIP","floor":4},{"not_picked":["Meteor Strike","Barrage"],"picked":"Streamline","floor":7},{"not_picked":["Reprogram","Rebound"],"picked":"Steam","floor":8},{"not_picked":["Coolheaded","Compile Driver"],"picked":"Steam","floor":11},{"not_picked":["Cold Snap","Skim"],"picked":"Stack","floor":12},{"not_picked":["Redo","Creative AI"],"picked":"Leap","floor":14},{"not_picked":["Seek","Multi-Cast"],"picked":"Core Surge","floor":16},{"not_picked":[],"picked":"FTL+1","floor":18},{"not_picked":[],"picked":"Ball Lightning","floor":22},{"not_picked":[],"picked":"White Noise","floor":24},{"not_picked":["Redo"],"picked":"SKIP","floor":28},{"not_picked":[],"picked":"Rebound","floor":29},{"not_picked":["Force Field"],"picked":"SKIP","floor":30},{"not_picked":["Rebound+1"],"picked":"SKIP","floor":31}],"player_experience":446083,"relics_obtained":[{"floor":7,"key":"Centennial Puzzle"},{"floor":26,"key":"Torii"}],"event_choices":[{"cards_removed":["Strike_B"],"damage_healed":0,"gold_gain":0,"player_choice":"Offered Basic","damage_taken":0,"max_hp_gain":0,"max_hp_loss":0,"event_name":"Bonfire Elementals","floor":3,"gold_loss":0},{"damage_healed":0,"gold_gain":0,"player_choice":"Donut","damage_taken":0,"max_hp_gain":5,"max_hp_loss":0,"event_name":"Big Fish","floor":5,"gold_loss":0},{"damage_healed":0,"gold_gain":30,"player_choice":"Searched \u00272\u0027 times","damage_taken":0,"relics_obtained":["Bronze Scales"],"max_hp_gain":0,"max_hp_loss":0,"event_name":"Dead Adventurer","floor":13,"gold_loss":0},{"damage_healed":0,"gold_gain":0,"player_choice":"Shed Blood","damage_taken":21,"max_hp_gain":5,"max_hp_loss":0,"event_name":"Forgotten Altar","floor":19,"gold_loss":0},{"damage_healed":0,"gold_gain":0,"player_choice":"Ignored","damage_taken":0,"max_hp_gain":0,"max_hp_loss":0,"event_name":"Ghosts","floor":20,"gold_loss":0},{"damage_healed":0,"gold_gain":99,"player_choice":"Stole From Cult","damage_taken":0,"max_hp_gain":0,"max_hp_loss":0,"event_name":"Nest","floor":21,"gold_loss":0},{"damage_healed":0,"gold_gain":0,"player_choice":"Read","damage_taken":0,"max_hp_gain":0,"max_hp_loss":0,"event_name":"The Library","floor":27,"gold_loss":0,"cards_obtained":["Ball Lightning"]}],"is_beta":false,"boss_relics":[{"not_picked":["Runic Pyramid","Velvet Choker"],"picked":"Busted Crown"}],"items_purged_floors":[],"is_endless":false,"potions_floor_spawned":[4,8,11,12,18,22,24],"killed_by":"Collector","ascension_level":7}}