{"host":"x21cvmfdo17nyhii","time":1610575976,"event":{"mods":["AchievementEnabler","BaseMod","Colored Map","Colored Powertips","DeckTracker","Highlight Path","Minty Spire (QoL Compilation)","Quick Restart","Rare Cards Sparkle","SuperFastMode"],"gold_per_floor":[112,287,287,307,130,158,169,169,169,182,197,97,97,122,122,225,225,242,257,271,371,381,381,397,397,397],"floor_reached":25,"language":"ENG","playtime":1013,"items_purged":["Doubt","Heavy Blade"],"score":205,"play_id":"91e91204-5d8a-416b-aebc-0bcd4d185cf5","local_time":"20210113141256","is_ascension_mode":false,"campfire_choices":[{"data":"Warcry","floor":8,"key":"SMITH"},{"data":"Rampage","floor":13,"key":"SMITH"},{"floor":15,"key":"REST"},{"floor":23,"key":"REST"}],"circlet_count":0,"master_deck":["Strike_R","Defend_R","Defend_R","Defend_R","Defend_R","Bash","Hemokinesis+1","Reckless Charge+1","Reckless Charge+1","Rampage+1","Fire Breathing","Dropkick","Warcry+1","Thunderclap","Feed"],"relics":["Astrolabe"],"acts_visited":["Exordium","TheCity"],"potions_floor_usage":[11,16,19,25],"damage_taken":[{"damage":2,"enemies":"2 Louse","floor":1,"turns":3},{"damage":3,"enemies":"Jaw Worm","floor":4,"turns":2},{"damage":15,"enemies":"3 Sentries","floor":6,"turns":6},{"damage":2,"enemies":"Cultist","floor":7,"turns":2},{"damage":2,"enemies":"Exordium Thugs","floor":10,"turns":3},{"damage":10,"enemies":"Looter","floor":11,"turns":2},{"damage":44,"enemies":"Hexaghost","floor":16,"turns":7},{"damage":37,"enemies":"3 Byrds","floor":18,"turns":6},{"damage":19,"enemies":"Chosen","floor":19,"turns":5},{"damage":9,"enemies":"Centurion and Healer","floor":20,"turns":5},{"damage":38,"enemies":"Snake Plant","floor":22,"turns":4},{"damage":43,"enemies":"Shelled Parasite and Fungi","floor":24,"turns":4},{"damage":9,"enemies":"Centurion and Healer","floor":25,"turns":1}],"seed_played":"-5275221372176383932","potions_obtained":[{"floor":1,"key":"PowerPotion"},{"floor":10,"key":"LiquidBronze"},{"floor":16,"key":"Regen Potion"},{"floor":20,"key":"GamblersBrew"},{"floor":24,"key":"BloodPotion"}],"is_trial":false,"path_per_floor":["M","?","?","M","$","E","M","R","T","M","M","$","R","T","R","B",null,"M","M","M","?","M","R","M","M"],"character_chosen":"IRONCLAD","items_purchased":["FairyPotion"],"campfire_rested":2,"item_purchase_floors":[5],"current_hp_per_floor":[78,78,78,75,75,60,58,58,58,56,46,46,46,46,70,26,80,43,38,32,32,24,48,8,0,0],"gold":397,"neow_bonus":"BOSS_RELIC","is_daily":false,"chose_seed":false,"campfire_upgraded":2,"win_rate":0.0,"timestamp":1610575976,"path_taken":["M","?","?","?","$","E","M","R","T","M","M","$","R","?","R","BOSS","M","M","M","?","M","R","M","M"],"items_purchased_type":["Potion"],"build_version":"2020-12-22","purchased_purges":2,"victory":false,"max_hp_per_floor":[80,80,80,80,80,80,80,80,80,80,80,80,80,80,80,80,80,80,80,83,83,83,83,86,86,86],"card_choices":[{"not_picked":["Shockwave","Cleave"],"picked":"Rampage","floor":1},{"not_picked":["Armaments","Shrug It Off"],"picked":"Fire Breathing","floor":4},{"not_picked":["Perfected Strike","Thunderclap"],"picked":"Dropkick","floor":6},{"not_picked":["Seeing Red","Impervious"],"picked":"Warcry","floor":7},{"not_picked":["Havoc","Sword Boomerang","Clothesline"],"picked":"SKIP","floor":10},{"not_picked":["Whirlwind","Sword Boomerang"],"picked":"Thunderclap","floor":11},{"not_picked":["Reaper","Immolate"],"picked":"Feed","floor":16},{"not_picked":["Spot Weakness","Perfected Strike+1","Inflame+1"],"picked":"SKIP","floor":18},{"not_picked":["Iron Wave","Uppercut","Sword Boomerang"],"picked":"SKIP","floor":19},{"not_picked":["Armaments","Disarm","Anger"],"picked":"SKIP","floor":20},{"not_picked":["Battle Trance","Wild Strike+1","Armaments"],"picked":"SKIP","floor":22},{"not_picked":["Heavy Blade","Flex","Sword Boomerang"],"picked":"SKIP","floor":24}],"player_experience":341863,"relics_obtained":[],"event_choices":[{"damage_healed":0,"gold_gain":175,"player_choice":"AGREE","damage_taken":0,"max_hp_gain":0,"max_hp_loss":0,"event_name":"Liars Game","floor":2,"gold_loss":0,"cards_obtained":["Doubt"]},{"damage_healed":0,"gold_gain":0,"cards_transformed":["Strike_R"],"player_choice":"Transformed","damage_taken":0,"max_hp_gain":0,"max_hp_loss":0,"event_name":"Transmorgrifier","floor":3,"gold_loss":0,"cards_obtained":["Heavy Blade"]},{"damage_healed":0,"gold_gain":100,"player_choice":"Pray","damage_taken":0,"max_hp_gain":0,"max_hp_loss":0,"event_name":"Golden Shrine","floor":21,"gold_loss":0}],"is_beta":false,"boss_relics":[{"not_picked":["Mark of Pain","Philosopher\u0027s Stone","Tiny House"]}],"items_purged_floors":[5,12],"is_endless":false,"potions_floor_spawned":[1,10,16,20,24],"killed_by":"Centurion and Healer","ascension_level":0}}