{"host":"fkig9nrckec4xsh0","time":1610519751,"event":{"mods":["BaseMod","Colored Map","Minty Spire (QoL Compilation)","Quick Restart","Replay The Spire","StSLib"],"gold_per_floor":[111,111,111,111,36,68,68,101,101,101,113,141,141,165,165,261,261,284,318,373,388,411,452,452,19,91,91,91,121,121,136,136,136,136],"floor_reached":33,"language":"ENG","playtime":1395,"items_purged":["Defend_R","Strike_R"],"score":673,"play_id":"5bc79740-3f0c-41c2-8030-cc56a0bca833","local_time":"20210113013551","is_ascension_mode":true,"campfire_choices":[{"data":"Bash","floor":7,"key":"SMITH"},{"data":"Immolate","floor":15,"key":"SMITH"},{"data":"Hemogenesis","floor":27,"key":"SMITH"},{"data":"Demonic Infusion","floor":30,"key":"SMITH"},{"floor":32,"key":"REST"}],"circlet_count":0,"master_deck":["AscendersBane","Strike_R+1","Strike_R","Strike_R+1","Defend_R","Defend_R","Defend_R","Bash+1","Twin Strike","Battle Trance","Pummel","Pommel Strike","Immolate+1","Clash","Demonic Infusion+1","Pommel Strike+1","Twin Strike+1","Perfected Strike","Twin Strike+1","Run Through","Hemogenesis+1","Life Link","Life Link","Shrug It Off","Pommel Strike","Hemokinesis+1","Clothesline+1"],"relics":["Burning Blood","NeowsBlessing","Darkstone Periapt","Ancient Tea Set","FossilizedHelix","ReplayTheSpireMod:Shallot","Onion Ring","InkBottle","Bloody Idol","SlaversCollar","Red Mask","Mirror","Chameleon Ring","Vajra","Molten Egg 2","Bag of Marbles"],"acts_visited":["Exordium","TheCity"],"potions_floor_usage":[12,20,23],"damage_taken":[{"damage":0,"enemies":"2 Louse","floor":1,"turns":1},{"damage":0,"enemies":"Lagavulin","floor":6,"turns":1},{"damage":0,"enemies":"3 Sentries","floor":8,"turns":1},{"damage":0,"enemies":"Jaw Worm","floor":11,"turns":2},{"damage":0,"enemies":"Lagavulin","floor":12,"turns":5},{"damage":0,"enemies":"Small Slimes","floor":14,"turns":2},{"damage":33,"enemies":"Hexaghost","floor":16,"turns":8},{"damage":23,"enemies":"3 Byrds","floor":18,"turns":5},{"damage":9,"enemies":"Masked Bandits","floor":19,"turns":3},{"damage":0,"enemies":"Chosen","floor":21,"turns":4},{"damage":5,"enemies":"Centurion and Healer","floor":22,"turns":4},{"damage":10,"enemies":"Slavers","floor":23,"turns":3},{"damage":36,"enemies":"Book of Stabbing","floor":29,"turns":4},{"damage":39,"enemies":"Shelled Parasite and Fungi","floor":31,"turns":5},{"damage":88,"enemies":"Automaton","floor":33,"turns":6}],"seed_played":"-2428043155966071845","potions_obtained":[{"floor":1,"key":"BloodPotion"},{"floor":6,"key":"Elixir"},{"floor":8,"key":"SteroidPotion"},{"floor":16,"key":"FairyPotion"},{"floor":20,"key":"Adrenaline Potion"},{"floor":23,"key":"Fire Potion"}],"is_trial":false,"path_per_floor":["M","?","T","?","$","E","R","E","T","T","M","E","?","M","R","B",null,"M","?","?","M","M","E","?","$","T","R","?","E","R","M","R","B"],"character_chosen":"IRONCLAD","items_purchased":["Life Link","Vajra","Shrug It Off","Pommel Strike"],"campfire_rested":1,"item_purchase_floors":[25,25,25,25],"current_hp_per_floor":[74,74,74,51,51,57,57,63,63,63,69,75,49,55,55,28,63,46,43,28,34,35,31,31,31,36,36,36,19,19,27,49,0,0],"gold":136,"neow_bonus":"THREE_ENEMY_KILL","is_daily":false,"chose_seed":false,"campfire_upgraded":4,"win_rate":0.0,"timestamp":1610519751,"path_taken":["M","?","?","?","$","E","R","E","T","?","M","E","?","M","R","BOSS","M","?","?","M","M","E","?","$","T","R","?","E","R","M","R","BOSS"],"items_purchased_type":["Card","Relic","Card","Card"],"build_version":"2020-12-22","purchased_purges":2,"victory":false,"max_hp_per_floor":[75,75,75,75,75,75,75,75,75,75,75,75,75,75,75,75,75,75,75,75,75,75,75,75,75,75,75,75,75,75,75,75,75,75],"card_choices":[{"not_picked":["Whirlwind","Warcry"],"picked":"Twin Strike","floor":1},{"not_picked":["Seeing Red","Warcry"],"picked":"Battle Trance","floor":6},{"not_picked":["Barricade","Evolve"],"picked":"Pummel","floor":8},{"not_picked":["ReplayTheSpireMod:Strike From Hell","Massacre"],"picked":"Pommel Strike","floor":11},{"not_picked":["Disarm","True Grit"],"picked":"Immolate","floor":12},{"not_picked":["Warcry","Abandon"],"picked":"Clash","floor":14},{"not_picked":["Exhume","Feed"],"picked":"Demonic Infusion","floor":16},{"not_picked":["Wild Strike","Whirlwind"],"picked":"Pommel Strike+1","floor":18},{"not_picked":["Seeing Red","Sever Soul"],"picked":"Twin Strike+1","floor":19},{"not_picked":["Clash","Clothesline"],"picked":"Perfected Strike","floor":20},{"not_picked":["Fire Breathing+1","Bludgeon"],"picked":"Twin Strike+1","floor":21},{"not_picked":["Rampage","Dropkick+1"],"picked":"Run Through","floor":22},{"not_picked":["Eclipse","Fire Breathing+1"],"picked":"Hemogenesis","floor":23},{"not_picked":["Second Wind","Massacre+1"],"picked":"Hemokinesis+1","floor":29},{"not_picked":["Blood for Blood+1","Thunderclap+1"],"picked":"Clothesline+1","floor":31}],"player_experience":313271,"relics_obtained":[{"floor":3,"key":"Darkstone Periapt"},{"floor":6,"key":"Ancient Tea Set"},{"floor":8,"key":"FossilizedHelix"},{"floor":9,"key":"ReplayTheSpireMod:Shallot"},{"floor":10,"key":"Onion Ring"},{"floor":12,"key":"InkBottle"},{"floor":19,"key":"Red Mask"},{"floor":20,"key":"Mirror"},{"floor":23,"key":"Chameleon Ring"},{"floor":26,"key":"Molten Egg 2"},{"floor":29,"key":"Bag of Marbles"}],"event_choices":[{"damage_healed":0,"gold_gain":0,"player_choice":"Entered Light","damage_taken":23,"max_hp_gain":0,"max_hp_loss":0,"event_name":"Shining Light","floor":4,"gold_loss":0,"cards_upgraded":["Strike_R","Strike_R"]},{"damage_healed":0,"gold_gain":0,"player_choice":"Take Damage","damage_taken":26,"relics_obtained":["Golden Idol"],"max_hp_gain":0,"max_hp_loss":0,"event_name":"Golden Idol","floor":13,"gold_loss":0},{"damage_healed":0,"gold_gain":0,"player_choice":"Fought Bandits","damage_taken":0,"max_hp_gain":0,"max_hp_loss":0,"event_name":"Masked Bandits","floor":19,"gold_loss":0},{"damage_healed":0,"gold_gain":0,"player_choice":"Gave Idol","damage_taken":0,"relics_obtained":["Bloody Idol"],"max_hp_gain":0,"max_hp_loss":0,"event_name":"Forgotten Altar","floor":24,"relics_lost":["Golden Idol"],"gold_loss":0}],"is_beta":false,"boss_relics":[{"not_picked":["Honey Jar","Fusion Hammer"],"picked":"SlaversCollar"}],"items_purged_floors":[5,25],"is_endless":false,"potions_floor_spawned":[1,6,8,16,18,23],"killed_by":"Automaton","ascension_level":16}}