{"host":"refsn2q8at3dn95k","time":1610501653,"event":{"mods":["BaseMod","Hubris","Infinite Spire","Minty Spire (QoL Compilation)","Replay The Spire","StSLib","The Jungle"],"gold_per_floor":[118,135,210,210,29,3,3,16,16,29,45,45,62,62,62,157,157,170,170,187,187,200,200,200,200],"floor_reached":24,"language":"ENG","playtime":1310,"items_purged":["Strike_B"],"score":295,"play_id":"013497db-8c8e-40a2-8c2d-e21a622f4cb0","local_time":"20210112193413","is_ascension_mode":true,"campfire_choices":[{"data":"Sunder","floor":7,"key":"SMITH"},{"data":"Ball Lightning","floor":15,"key":"SMITH"},{"data":"Echo Form","floor":23,"key":"SMITH"}],"circlet_count":0,"master_deck":["AscendersBane","Strike_B","Strike_B","Strike_B","Defend_B","Defend_B","Defend_B","Zap","Dualcast","Sunder+1","Ball Lightning+1","Doom and Gloom+1","Echo Form+1","ReplayTheSpireMod:Reroute Power"],"relics":["Coffee Dripper","infinitespire:Cubic Diamond","Membership Card"],"acts_visited":["Exordium","Exordium"],"potions_floor_usage":[10,11,14,24,24],"damage_taken":[{"damage":10,"enemies":"Small Slimes","floor":1,"turns":3},{"damage":2,"enemies":"Jaw Worm","floor":2,"turns":3},{"damage":0,"enemies":"Cultist","floor":8,"turns":3},{"damage":0,"enemies":"3 Louse","floor":10,"turns":2},{"damage":12,"enemies":"Lots of Slimes","floor":11,"turns":3},{"damage":0,"enemies":"Large Slime","floor":13,"turns":3},{"damage":0,"enemies":"Red Slaver","floor":14,"turns":1},{"damage":13,"enemies":"Slime Boss","floor":16,"turns":7},{"damage":26,"enemies":"theJungle:MUSHROOMGANG","floor":18,"turns":3},{"damage":14,"enemies":"Shell Parasite","floor":20,"turns":3},{"damage":30,"enemies":"theJungle:SlimyTreeVines","floor":22,"turns":6},{"damage":38,"enemies":"theJungle:2_Flameangoes","floor":24,"turns":2}],"seed_played":"-6937488250196688475","potions_obtained":[{"floor":1,"key":"Dexterity Potion"},{"floor":8,"key":"SkillPotion"},{"floor":11,"key":"SmokeBomb"},{"floor":20,"key":"DuplicationPotion"},{"floor":22,"key":"EssenceOfSteel"}],"is_trial":false,"path_per_floor":["M","M","?","?","$","$","R","M","T","M","M","?","M","M","R","B",null,"M","?","M","?","M","R","M"],"character_chosen":"DEFECT","items_purchased":["Membership Card","Ball Lightning"],"campfire_rested":0,"item_purchase_floors":[5,6],"current_hp_per_floor":[58,56,45,45,45,45,45,45,45,45,33,33,33,33,33,20,61,35,75,61,61,37,37,0,0],"gold":200,"neow_bonus":"BOSS_RELIC","is_daily":false,"chose_seed":false,"campfire_upgraded":3,"win_rate":0.0,"timestamp":1610501653,"path_taken":["M","M","?","?","?","$","R","M","T","M","M","?","M","?","R","BOSS","M","?","?","?","M","R","?"],"items_purchased_type":["Relic","Card"],"build_version":"2020-12-22","purchased_purges":1,"victory":false,"max_hp_per_floor":[75,75,75,75,75,75,75,75,75,75,75,75,75,75,75,75,75,75,75,75,75,75,75,75,75],"card_choices":[{"not_picked":["ReplaySolidLightProjector","Crystallizer"],"picked":"Sunder","floor":1},{"not_picked":["Rebound","Cold Snap","Stack"],"picked":"SKIP","floor":2},{"not_picked":["Coolheaded","hubris:Prefetch","Panic Button"],"picked":"SKIP","floor":8},{"not_picked":["Chaos","Rebound","Beam Cell"],"picked":"SKIP","floor":10},{"not_picked":["Auto Shields","Barrage"],"picked":"Doom and Gloom","floor":11},{"not_picked":["Gash","Panic Button","hubris:Ukulele"],"picked":"SKIP","floor":13},{"not_picked":["Machine Learning","Fission"],"picked":"Echo Form","floor":16},{"not_picked":["Barrage","ReplayTheSpireMod:System Scan"],"picked":"Fusion","floor":18},{"not_picked":["Coolheaded+1","Leap","Streamline"],"picked":"SKIP","floor":20},{"not_picked":["ReplayTheSpireMod:GoodbyeWorld+1","Doom and Gloom","Consume"],"picked":"SKIP","floor":22}],"player_experience":1634645,"relics_obtained":[],"event_choices":[{"damage_healed":0,"gold_gain":75,"player_choice":"Gather Gold","damage_taken":11,"max_hp_gain":0,"max_hp_loss":0,"event_name":"World of Goop","floor":3,"gold_loss":0},{"damage_healed":0,"gold_gain":0,"player_choice":"Forge","damage_taken":0,"max_hp_gain":0,"max_hp_loss":0,"event_name":"Accursed Blacksmith","floor":12,"gold_loss":0,"cards_upgraded":["Doom and Gloom"]},{"cards_removed":["Fusion"],"damage_healed":40,"gold_gain":0,"player_choice":"Offered Uncommon","damage_taken":0,"max_hp_gain":0,"max_hp_loss":0,"event_name":"Bonfire Elementals","floor":19,"gold_loss":0},{"damage_healed":0,"gold_gain":0,"cards_transformed":["Defend_B"],"player_choice":"Transformed","damage_taken":0,"max_hp_gain":0,"max_hp_loss":0,"event_name":"Transmorgrifier","floor":21,"gold_loss":0,"cards_obtained":["ReplayTheSpireMod:Reroute Power"]}],"is_beta":false,"boss_relics":[{"not_picked":["hubris:VirtuousBlindfold","hubris:RunicObelisk","Replay:Drink Me"]}],"items_purged_floors":[5],"is_endless":false,"potions_floor_spawned":[1,8,11,20,22],"killed_by":"theJungle:2_Flameangoes","ascension_level":11}}