{"host":"i4eavuqabbk5mi94","time":1610568600,"event":{"mods":["BaseMod","Googly Eyes","Minty Spire (QoL Compilation)"],"gold_per_floor":[117,134,146,164,89,115,115,115,161,190,203,223,188,188,188,291,291,309,309,309],"floor_reached":19,"language":"ENG","playtime":858,"items_purged":["Shame"],"score":233,"play_id":"09a14b0d-a559-4770-bc07-463b458cb542","local_time":"20210113201000","is_ascension_mode":true,"campfire_choices":[{"floor":7,"key":"REST"},{"floor":15,"key":"REST"}],"circlet_count":0,"master_deck":["Strike_R","Strike_R","Strike_R","Strike_R","Strike_R","Defend_R","Defend_R+1","Defend_R","Bash","Sadistic Nature","Inflame+1","Clothesline","Metallicize","Shrug It Off","Entrench","Thunderclap","Fire Breathing+1","Metallicize+1","Feed"],"relics":["Burning Blood","Frozen Egg 2","Nunchaku","Tiny Chest","Snecko Eye"],"acts_visited":["Exordium","TheCity"],"potions_floor_usage":[6,11,16,16],"damage_taken":[{"damage":5,"enemies":"Small Slimes","floor":1,"turns":4},{"damage":1,"enemies":"Cultist","floor":2,"turns":3},{"damage":5,"enemies":"Jaw Worm","floor":3,"turns":4},{"damage":40,"enemies":"Large Slime","floor":4,"turns":8},{"damage":25,"enemies":"Lagavulin","floor":6,"turns":8},{"damage":42,"enemies":"3 Sentries","floor":10,"turns":11},{"damage":4,"enemies":"2 Fungi Beasts","floor":11,"turns":3},{"damage":6,"enemies":"Lots of Slimes","floor":12,"turns":5},{"damage":18,"enemies":"Hexaghost","floor":16,"turns":10},{"damage":32,"enemies":"3 Byrds","floor":18,"turns":5},{"damage":51,"enemies":"Spheric Guardian","floor":19,"turns":7}],"seed_played":"-5357544539087770869","potions_obtained":[{"floor":2,"key":"ElixirPotion"},{"floor":4,"key":"ColorlessPotion"},{"floor":10,"key":"HeartOfIron"},{"floor":11,"key":"LiquidMemories"},{"floor":12,"key":"Swift Potion"}],"is_trial":false,"path_per_floor":["M","M","M","M","$","E","R","?","T","E","M","M","?","?","R","B",null,"M","M"],"character_chosen":"IRONCLAD","items_purchased":[],"campfire_rested":2,"item_purchase_floors":[],"current_hp_per_floor":[73,78,79,45,45,26,50,50,50,14,16,16,36,20,44,32,68,45,0,0],"gold":309,"neow_bonus":"RANDOM_COLORLESS_2","is_daily":false,"chose_seed":false,"campfire_upgraded":0,"win_rate":0.0,"timestamp":1610568600,"path_taken":["M","M","M","M","$","E","R","?","T","E","M","?","?","?","R","BOSS","M","M"],"items_purchased_type":[],"build_version":"2020-12-22","purchased_purges":1,"victory":false,"max_hp_per_floor":[80,80,80,80,80,80,80,80,80,80,80,80,80,80,80,80,80,83,83,83],"card_choices":[{"not_picked":["Chrysalis","The Bomb"],"picked":"Sadistic Nature","floor":0},{"not_picked":["Sword Boomerang","Clash"],"picked":"Inflame","floor":1},{"not_picked":["Headbutt","Pommel Strike"],"picked":"Clothesline","floor":2},{"not_picked":["Body Slam","Pommel Strike","Blood for Blood"],"picked":"SKIP","floor":3},{"not_picked":["Armaments","Clash"],"picked":"Metallicize","floor":4},{"not_picked":["Flex","Second Wind"],"picked":"Shrug It Off","floor":6},{"not_picked":["Power Through","Pommel Strike"],"picked":"Thunderclap","floor":10},{"not_picked":["Iron Wave","Flex"],"picked":"Fire Breathing+1","floor":11},{"not_picked":["Body Slam","Immolate"],"picked":"Metallicize+1","floor":12},{"not_picked":["Impervious","Limit Break"],"picked":"Feed","floor":16},{"not_picked":["Cleave","Sever Soul+1","Carnage"],"picked":"SKIP","floor":18}],"player_experience":394942,"relics_obtained":[{"floor":6,"key":"Frozen Egg 2"},{"floor":9,"key":"Nunchaku"},{"floor":10,"key":"Tiny Chest"}],"event_choices":[{"damage_healed":0,"gold_gain":0,"cards_transformed":["Defend_R"],"player_choice":"Transformed","damage_taken":0,"max_hp_gain":0,"max_hp_loss":0,"event_name":"Transmorgrifier","floor":8,"gold_loss":0,"cards_obtained":["Entrench"]},{"damage_healed":20,"gold_gain":0,"player_choice":"Healed","damage_taken":0,"max_hp_gain":0,"max_hp_loss":0,"event_name":"The Cleric","floor":13,"gold_loss":35},{"damage_healed":0,"gold_gain":0,"player_choice":"Entered Light","damage_taken":16,"max_hp_gain":0,"max_hp_loss":0,"event_name":"Shining Light","floor":14,"gold_loss":0,"cards_upgraded":["Inflame","Defend_R"]}],"is_beta":false,"boss_relics":[{"not_picked":["Cursed Key","Fusion Hammer"],"picked":"Snecko Eye"}],"items_purged_floors":[5],"is_endless":false,"potions_floor_spawned":[2,4,10,11,12],"killed_by":"Spheric Guardian","ascension_level":6}}