{"host":"52lujqhsyicpcskq","time":1610547880,"event":{"mods":["BaseMod","Colored Map","DeckTracker","Minty Spire (QoL Compilation)","Permanent Neow","StSLib","SuperFastMode","everything is the same but u backflip on backflip"],"gold_per_floor":[119,119,139,150,6,37,37,37,37,37,50,62,96,106,106,203,203,214,64,83,94,94,94,128,138,138,164,164,164],"floor_reached":28,"language":"KOR","playtime":1145,"items_purged":["Strike_B"],"score":419,"play_id":"67cbb55f-7685-40e1-a7c5-07f65ebd0e13","local_time":"20210113232440","is_ascension_mode":true,"campfire_choices":[{"floor":7,"key":"REST"},{"data":"Dualcast","floor":10,"key":"SMITH"},{"floor":15,"key":"REST"},{"data":"Redo","floor":23,"key":"SMITH"}],"circlet_count":0,"master_deck":["AscendersBane","Strike_B","Strike_B","Defend_B","Defend_B","Zap+1","Dualcast+1","Gash+1","Genetic Algorithm","Redo+1","Static Discharge","All For One","Self Repair","Gash","Echo Form","Sweeping Beam","Electrodynamics","Reinforced Body+1","Leap+1","Capacitor+1","Cold Snap+1","Coolheaded","Reboot","Doom and Gloom","Darkness+1"],"relics":["Cracked Core","Turnip","InkBottle","Bag of Preparation","Astrolabe","Bronze Scales","Vajra","Singing Bowl","Toxic Egg 2"],"acts_visited":["Exordium","TheCity"],"potions_floor_usage":[6,13,14,21,24],"damage_taken":[{"damage":8,"enemies":"Small Slimes","floor":1,"turns":3},{"damage":1,"enemies":"Cultist","floor":3,"turns":3},{"damage":7,"enemies":"Jaw Worm","floor":4,"turns":3},{"damage":37,"enemies":"3 Sentries","floor":6,"turns":6},{"damage":12,"enemies":"Looter","floor":11,"turns":3},{"damage":0,"enemies":"Exordium Wildlife","floor":12,"turns":4},{"damage":10,"enemies":"Lagavulin","floor":13,"turns":5},{"damage":6,"enemies":"Exordium Thugs","floor":14,"turns":3},{"damage":40,"enemies":"Hexaghost","floor":16,"turns":7},{"damage":2,"enemies":"Spheric Guardian","floor":18,"turns":4},{"damage":14,"enemies":"Shell Parasite","floor":20,"turns":5},{"damage":18,"enemies":"Shelled Parasite and Fungi","floor":21,"turns":3},{"damage":25,"enemies":"Slavers","floor":24,"turns":3},{"damage":9,"enemies":"Centurion and Healer","floor":25,"turns":5},{"damage":24,"enemies":"Book of Stabbing","floor":27,"turns":4},{"damage":9,"enemies":"Snake Plant","floor":28,"turns":2}],"seed_played":"4974980577076354108","potions_obtained":[{"floor":3,"key":"Explosive Potion"},{"floor":4,"key":"SmokeBomb"},{"floor":6,"key":"Weak Potion"},{"floor":11,"key":"Fire Potion"},{"floor":13,"key":"ColorlessPotion"},{"floor":18,"key":"Weak Potion"},{"floor":20,"key":"SkillPotion"}],"is_trial":false,"path_per_floor":["M","?","M","M","$","E","R","?","T","R","M","M","E","M","R","B",null,"M","$","M","M","$","R","E","M","T","E","M"],"character_chosen":"DEFECT","items_purchased":["Static Discharge","Bronze Scales"],"campfire_rested":2,"item_purchase_floors":[5,19],"current_hp_per_floor":[60,65,64,57,57,20,44,44,44,44,32,39,36,30,54,21,65,70,70,63,52,52,52,34,25,25,8,0,0],"gold":164,"neow_bonus":"UPGRADE_CARD","is_daily":false,"chose_seed":false,"campfire_upgraded":2,"win_rate":0.0,"timestamp":1610547880,"path_taken":["M","?","M","M","$","E","R","?","T","R","?","M","E","M","R","BOSS","M","$","?","M","?","R","E","M","T","E","M"],"items_purchased_type":["Card","Relic"],"build_version":"2020-12-22","purchased_purges":1,"victory":false,"max_hp_per_floor":[75,80,80,80,80,80,80,80,80,80,80,80,80,80,80,80,80,80,80,80,80,80,80,80,80,80,80,80,80],"card_choices":[{"not_picked":["Coolheaded","Rip and Tear"],"picked":"Gash","floor":1},{"not_picked":["Compile Driver","Double Energy"],"picked":"Genetic Algorithm","floor":3},{"not_picked":["Loop","Barrage"],"picked":"Redo","floor":4},{"not_picked":["Beam Cell","Stack"],"picked":"All For One","floor":6},{"not_picked":["Barrage","Static Discharge"],"picked":"Self Repair","floor":11},{"not_picked":["Hello World","Genetic Algorithm"],"picked":"Gash","floor":12},{"not_picked":["Leap","Heatsinks"],"picked":"Echo Form","floor":13},{"not_picked":["Rebound","Turbo"],"picked":"Sweeping Beam","floor":14},{"not_picked":["Seek","Buffer"],"picked":"Electrodynamics","floor":16},{"not_picked":["Tempest+1","Turbo"],"picked":"Cold Snap+1","floor":18},{"not_picked":["Rip and Tear+1","FTL"],"picked":"Coolheaded","floor":20},{"not_picked":["Steam","Ball Lightning"],"picked":"Reboot","floor":21},{"not_picked":["Barrage+1","Rebound"],"picked":"Doom and Gloom","floor":24},{"not_picked":["Blizzard","Gash","Beam Cell"],"picked":"SKIP","floor":25},{"not_picked":["Go for the Eyes","White Noise+1"],"picked":"Darkness+1","floor":27}],"player_experience":685318,"relics_obtained":[{"floor":6,"key":"Turnip"},{"floor":9,"key":"InkBottle"},{"floor":13,"key":"Bag of Preparation"},{"floor":24,"key":"Vajra"},{"floor":26,"key":"Singing Bowl"},{"floor":27,"key":"Toxic Egg 2"}],"event_choices":[{"damage_healed":0,"gold_gain":0,"player_choice":"Donut","damage_taken":0,"max_hp_gain":5,"max_hp_loss":0,"event_name":"Big Fish","floor":2,"gold_loss":0},{"damage_healed":0,"gold_gain":0,"player_choice":"Forge","damage_taken":0,"max_hp_gain":0,"max_hp_loss":0,"event_name":"Accursed Blacksmith","floor":8,"gold_loss":0,"cards_upgraded":["Gash"]}],"is_beta":false,"boss_relics":[{"not_picked":["Philosopher\u0027s Stone","Cursed Key"],"picked":"Astrolabe"}],"items_purged_floors":[5],"is_endless":false,"potions_floor_spawned":[3,4,6,11,13,18,20],"killed_by":"Snake Plant","ascension_level":11}}