{"host":"709gjpjg43u3i5a8","time":1610567594,"event":{"mods":["Act Like it!","BaseMod","Colored Map","Colored Powertips","Downfall","Duelist Mod","Gensokyo","GifTheSpireLib","Hallownest","Hermit","Hubris","Infinite Spire","Koishi","Marisa????????","Minty Spire (QoL Compilation)","Remilia??????","Shop Mod","StSLib","Td1madao Mod","The Administrix","The Animator","The Bug Knight","The Construct","The Cursed","The Disciple","The Hierophant","The Jungle","The Necromancer","The Poker Player","The Runesmith","The Servant 0.9.4"],"gold_per_floor":[109,284,303,314,324,350,350,377,377,377,65,75,103,115,115,219,219,201,47,47,67,77,77,109,136,212,233,104,110,110],"floor_reached":29,"language":"ENG","playtime":2413,"items_purged":[],"score":330,"play_id":"6d28fb1a-4f9f-4a63-a8cb-3c5070ef4588","local_time":"20210113125314","is_ascension_mode":false,"campfire_choices":[{"data":"Runesmith:CraftMagma","floor":7,"key":"SMITH"},{"floor":10,"key":"REST"},{"data":"Runesmith:LithiumIon","floor":15,"key":"SMITH"},{"floor":23,"key":"REST"}],"circlet_count":0,"master_deck":["Runesmith:Strike_RS","Runesmith:Strike_RS","Runesmith:Strike_RS","Runesmith:Strike_RS","Runesmith:Defend_RS","Runesmith:Defend_RS","Runesmith:Defend_RS","Runesmith:Defend_RS","Runesmith:CraftFirestone","Runesmith:Fortify","Runesmith:OneForEveryone","Doubt","Runesmith:CraftMagma+1","Runesmith:Repurpose","Runesmith:Terraform","Runesmith:CraftMedicinae","Runesmith:CraftMagma","Runesmith:Grindstone","Runesmith:LithiumIon+1","Runesmith:EnergizedChisel","Runesmith:HeatedChisel","Runesmith:CraftMagma","Runesmith:GoWithTheFlow","Runesmith:CraftPrismatica","Runesmith:CraftMagma","Runesmith:ArcReactor","Shame","Runesmith:EarthShield+1","Runesmith:CraftPrismatica+1","Runesmith:CraftMedicinae","Runesmith:Permafrost","Runesmith:EarthShield"],"relics":["Runesmith:BrokenRuby","NeowsBlessing","hubris:OldNail","Odd Mushroom","Runesmith:Nanobots","Strange Spoon","construct:RocketBooster","Sozu","hubris:GlazedTorus","Mummified Hand","Tiny Chest","infinitespire:Midas Blood"],"acts_visited":["Exordium","TheCity"],"potions_floor_usage":[16,24],"damage_taken":[{"damage":0,"enemies":"Jaw Worm","floor":1,"turns":1},{"damage":0,"enemies":"2 Louse","floor":3,"turns":1},{"damage":0,"enemies":"Cultist","floor":4,"turns":1},{"damage":15,"enemies":"Red Slaver","floor":5,"turns":6},{"damage":22,"enemies":"3 Sentries","floor":6,"turns":11},{"damage":26,"enemies":"The Mushroom Lair","floor":8,"turns":6},{"damage":6,"enemies":"3 Louse","floor":12,"turns":5},{"damage":39,"enemies":"Gremlin Nob","floor":13,"turns":6},{"damage":1,"enemies":"Exordium Thugs","floor":14,"turns":5},{"damage":0,"enemies":"Hexaghost","floor":16,"turns":9},{"damage":19,"enemies":"2 Thieves","floor":18,"turns":4},{"damage":12,"enemies":"Snake Plant","floor":21,"turns":5},{"damage":22,"enemies":"Centurion and Healer","floor":22,"turns":7},{"damage":27,"enemies":"Slavers","floor":24,"turns":6},{"damage":6,"enemies":"Chosen and Byrds","floor":27,"turns":6},{"damage":15,"enemies":"Snake Plant","floor":29,"turns":2}],"seed_played":"-2354603683391212717","potions_obtained":[{"floor":1,"key":"FairyPotion"},{"floor":12,"key":"Ancient Potion"},{"floor":14,"key":"LiquidMemories"}],"is_trial":false,"path_per_floor":["M","?","M","M","M","E","R","?","T","R","$","M","E","M","R","B",null,"M","$","?","M","M","R","E","T","T","M","$","M"],"character_chosen":"RUNESMITH_CLASS","items_purchased":["Runesmith:Grindstone","Runesmith:LithiumIon","Strange Spoon","Runesmith:EnergizedChisel","Runesmith:ArcReactor","Runesmith:Permafrost","Runesmith:EarthShield"],"campfire_rested":2,"item_purchase_floors":[11,11,11,11,19,28,28],"current_hp_per_floor":[70,70,70,70,55,33,33,7,7,28,28,22,21,20,20,28,70,51,51,51,39,24,45,18,18,18,12,12,0,0],"gold":110,"neow_bonus":"THREE_ENEMY_KILL","is_daily":false,"chose_seed":false,"campfire_upgraded":2,"win_rate":0.0,"timestamp":1610567594,"path_taken":["M","?","M","M","M","E","R","?","T","R","?","?","E","M","R","BOSS","M","$","?","M","M","R","E","?","T","M","$","?"],"items_purchased_type":["Card","Card","Relic","Card","Card","Card","Card"],"build_version":"2020-12-22","purchased_purges":0,"victory":false,"max_hp_per_floor":[70,70,70,70,70,70,70,70,70,70,70,70,70,70,70,70,70,70,70,70,70,70,70,70,70,70,70,70,70,70],"card_choices":[{"not_picked":["Runesmith:MakeshiftArmor","Runesmith:Grindstone"],"picked":"Runesmith:OneForEveryone","floor":1},{"not_picked":["Runesmith:Empowerment","Runesmith:ChiselStab"],"picked":"Runesmith:CraftMagma","floor":3},{"not_picked":["Runesmith:StaticCage","Runesmith:HammerThrow"],"picked":"Runesmith:Repurpose","floor":4},{"not_picked":["Runesmith:Prism","Runesmith:MakeshiftArmor"],"picked":"Runesmith:Terraform","floor":5},{"not_picked":["Runesmith:Repurpose","Runesmith:FieryHammer"],"picked":"Runesmith:CraftMedicinae","floor":6},{"not_picked":["Runesmith:Repurpose","Runesmith:NanitesCloud"],"picked":"Runesmith:CraftMagma","floor":8},{"not_picked":["Runesmith:StaticCage","Runesmith:ChiselStab"],"picked":"Runesmith:HeatedChisel","floor":12},{"not_picked":["Runesmith:HeatExchange","Runesmith:OneForEveryone"],"picked":"Runesmith:CraftMagma","floor":13},{"not_picked":["Runesmith:Grindstone","Runesmith:HeatExchange"],"picked":"Runesmith:GoWithTheFlow","floor":14},{"not_picked":["Runesmith:Duplicate","Runesmith:LightningRod"],"picked":"Runesmith:CraftPrismatica","floor":16},{"not_picked":["Runesmith:RuneHurl+1","Runesmith:StaticCage"],"picked":"Runesmith:CraftMagma","floor":18},{"not_picked":["Runesmith:ChiselStab+1","Runesmith:Refine"],"picked":"Runesmith:EarthShield+1","floor":21},{"not_picked":["Runesmith:CraftMagma","Runesmith:EarthShield"],"picked":"Runesmith:CraftPrismatica","floor":22},{"not_picked":["Runesmith:HeatedChisel","Runesmith:Repurpose","Runesmith:Retool"],"picked":"SKIP","floor":24},{"not_picked":["Runesmith:HammerTime","Runesmith:MakeshiftArmor"],"picked":"Runesmith:CraftMedicinae","floor":27}],"player_experience":497000,"relics_obtained":[{"floor":6,"key":"hubris:OldNail"},{"floor":8,"key":"Odd Mushroom"},{"floor":9,"key":"Runesmith:Nanobots"},{"floor":13,"key":"construct:RocketBooster"},{"floor":24,"key":"Mummified Hand"},{"floor":25,"key":"Tiny Chest"},{"floor":26,"key":"infinitespire:Midas Blood"}],"event_choices":[{"damage_healed":0,"gold_gain":175,"player_choice":"AGREE","damage_taken":0,"max_hp_gain":0,"max_hp_loss":0,"event_name":"Liars Game","floor":2,"gold_loss":0,"cards_obtained":["Doubt"]},{"damage_healed":0,"gold_gain":0,"player_choice":"Fought Mushrooms","damage_taken":0,"max_hp_gain":0,"max_hp_loss":0,"event_name":"Mushrooms","floor":8,"gold_loss":0},{"damage_healed":0,"gold_gain":0,"player_choice":"Stole Relic","damage_taken":0,"relics_obtained":["hubris:GlazedTorus"],"max_hp_gain":0,"max_hp_loss":0,"event_name":"Addict","floor":20,"gold_loss":0,"cards_obtained":["Shame"]}],"is_beta":false,"boss_relics":[{"not_picked":["Runesmith:UraniumAnvil","infinitespire:Cupcake"],"picked":"Sozu"}],"items_purged_floors":[],"is_endless":false,"potions_floor_spawned":[1,12,14,22],"killed_by":"Snake Plant","ascension_level":0}}