{"host":"utcbn1j9ebmpc40m","time":1610506044,"event":{"mods":["BaseMod","Better Match","Googly Eyes","Hermit","Minty Spire (QoL Compilation)","Poor People Problems","Robot Space Explorer","StSLib","The IronCluck"],"gold_per_floor":[116,116,131,150,150,150,185,199,224,241,241,241,282,357,357,481,481,506,501,600,634,20,20,20],"floor_reached":23,"language":"ENG","playtime":778,"items_purged":["Injury"],"score":279,"play_id":"73cb947d-aeb1-45b9-aca4-24c668a67ac0","local_time":"20210112214724","is_ascension_mode":true,"campfire_choices":[{"floor":6,"key":"REST"},{"floor":11,"key":"REST"},{"floor":15,"key":"REST"}],"circlet_count":0,"master_deck":["Strike_R","Strike_R","Strike_R","Strike_R","Strike_R","Defend_R","Defend_R","Defend_R+1","Bash","Cleave","Flex","Clash","Shrug It Off+1","Corruption","Inflame","Rampage","Spot Weakness","Exhume","Entrench","Perfected Strike+1","Double Tap"],"relics":["Burning Blood","Potion Belt","War Paint","Golden Idol","Red Skull","Cursed Key","Red Mask","Shuriken","Dead Branch"],"acts_visited":["Exordium","TheCity"],"potions_floor_usage":[7,13,16,16,16,21],"damage_taken":[{"damage":10,"enemies":"Small Slimes","floor":1,"turns":4},{"damage":6,"enemies":"Cultist","floor":3,"turns":3},{"damage":7,"enemies":"Jaw Worm","floor":4,"turns":3},{"damage":27,"enemies":"3 Sentries","floor":7,"turns":8},{"damage":11,"enemies":"Looter","floor":8,"turns":2},{"damage":21,"enemies":"Large Slime","floor":10,"turns":7},{"damage":26,"enemies":"Gremlin Nob","floor":13,"turns":4},{"damage":52,"enemies":"Hexaghost","floor":16,"turns":8},{"damage":7,"enemies":"Chosen","floor":18,"turns":4},{"damage":28,"enemies":"2 Thieves","floor":19,"turns":4},{"damage":17,"enemies":"Masked Bandits","floor":21,"turns":5},{"damage":41,"enemies":"Cultist and Chosen","floor":23,"turns":4}],"seed_played":"-1227003878921942436","potions_obtained":[{"floor":4,"key":"Explosive Potion"},{"floor":7,"key":"EssenceOfSteel"},{"floor":8,"key":"GamblersBrew"},{"floor":10,"key":"PowerPotion"},{"floor":13,"key":"Explosive Potion"},{"floor":18,"key":"BlessingOfTheForge"}],"is_trial":false,"path_per_floor":["M","?","M","M","?","R","E","M","T","M","R","?","E","?","R","B",null,"M","M","?","?","$","M"],"character_chosen":"IRONCLAD","items_purchased":["Shuriken","Dead Branch"],"campfire_rested":3,"item_purchase_floors":[22,22],"current_hp_per_floor":[68,68,68,67,67,80,59,54,54,39,63,63,43,32,56,10,63,62,40,40,29,29,0,0],"gold":20,"neow_bonus":"THREE_CARDS","is_daily":false,"chose_seed":false,"campfire_upgraded":0,"win_rate":0.0,"timestamp":1610506044,"path_taken":["M","?","?","M","?","R","E","M","T","M","R","?","E","?","R","BOSS","M","M","?","?","$","M"],"items_purchased_type":["Relic","Relic"],"build_version":"2020-12-22","purchased_purges":1,"victory":false,"max_hp_per_floor":[80,80,80,80,80,80,80,80,80,80,80,80,80,80,80,80,80,80,80,80,80,80,80,80],"card_choices":[{"not_picked":["Heavy Blade","Sever Soul"],"picked":"Cleave","floor":0},{"not_picked":["Warcry","Whirlwind"],"picked":"Flex","floor":1},{"not_picked":["Sever Soul","Thunderclap"],"picked":"Clash","floor":3},{"not_picked":["Metallicize","Carnage"],"picked":"Shrug It Off","floor":4},{"not_picked":["Dual Wield","Seeing Red"],"picked":"Corruption","floor":7},{"not_picked":["Perfected Strike","Shrug It Off"],"picked":"Inflame","floor":8},{"not_picked":["Anger","Shrug It Off"],"picked":"Rampage","floor":10},{"not_picked":["Feed","Heavy Blade"],"picked":"Spot Weakness","floor":13},{"not_picked":["Offering","Corruption"],"picked":"Exhume","floor":16},{"not_picked":["Pummel","Hemokinesis"],"picked":"Entrench","floor":18},{"not_picked":["Wild Strike","Twin Strike"],"picked":"Perfected Strike+1","floor":19},{"not_picked":["Cleave+1","Pommel Strike+1"],"picked":"Double Tap","floor":21}],"player_experience":465000,"relics_obtained":[{"floor":7,"key":"Potion Belt"},{"floor":9,"key":"War Paint"},{"floor":13,"key":"Red Skull"},{"floor":21,"key":"Red Mask"}],"event_choices":[{"cards_removed":["Defend_R"],"damage_healed":0,"gold_gain":0,"player_choice":"Offered Basic","damage_taken":0,"max_hp_gain":0,"max_hp_loss":0,"event_name":"Bonfire Elementals","floor":2,"gold_loss":0},{"damage_healed":0,"gold_gain":0,"player_choice":"Ignored","damage_taken":0,"max_hp_gain":0,"max_hp_loss":0,"event_name":"Liars Game","floor":5,"gold_loss":0},{"damage_healed":0,"gold_gain":0,"player_choice":"Take Wound","damage_taken":0,"relics_obtained":["Golden Idol"],"max_hp_gain":0,"max_hp_loss":0,"event_name":"Golden Idol","floor":12,"gold_loss":0,"cards_obtained":["Injury"]},{"damage_healed":0,"gold_gain":75,"player_choice":"Gather Gold","damage_taken":11,"max_hp_gain":0,"max_hp_loss":0,"event_name":"World of Goop","floor":14,"gold_loss":0},{"damage_healed":0,"gold_gain":99,"player_choice":"Stole From Cult","damage_taken":0,"max_hp_gain":0,"max_hp_loss":0,"event_name":"Nest","floor":20,"gold_loss":0},{"damage_healed":0,"gold_gain":0,"player_choice":"Fought Bandits","damage_taken":0,"max_hp_gain":0,"max_hp_loss":0,"event_name":"Masked Bandits","floor":21,"gold_loss":0}],"is_beta":false,"boss_relics":[{"not_picked":["Runic Dome","SacredBark"],"picked":"Cursed Key"}],"items_purged_floors":[22],"is_endless":false,"potions_floor_spawned":[4,7,8,10,13,18],"killed_by":"Cultist and Chosen","ascension_level":8}}