{"host":"61xbmbtf5zrn7rzc","time":1610582084,"event":{"mods":["BaseMod","Challenge The Spire","Hubris","Infinite Spire","Minty Spire (QoL Compilation)","Replay The Spire","StSLib","SuperFastMode"],"gold_per_floor":[112,124,49,61,73,108,121,121,121],"floor_reached":8,"language":"ENG","playtime":266,"items_purged":["Strike_R"],"score":66,"play_id":"c3bee75c-3cae-44ab-9122-5b68a1abd67d","local_time":"20210113185444","is_ascension_mode":true,"campfire_choices":[],"circlet_count":0,"master_deck":["Strike_R","Strike_R","Strike_R","Strike_R","Defend_R","Defend_R","Defend_R","Defend_R","Bash","Cleave","Shrug It Off"],"relics":["infinitespire:Cupcake","Tiny Chest"],"acts_visited":["Exordium"],"potions_floor_usage":[6,6,7],"damage_taken":[{"damage":5,"enemies":"2 Louse","floor":1,"turns":3},{"damage":3,"enemies":"Small Slimes","floor":2,"turns":3},{"damage":0,"enemies":"Cultist","floor":4,"turns":2},{"damage":26,"enemies":"3 Louse","floor":5,"turns":4},{"damage":26,"enemies":"Lagavulin","floor":6,"turns":5},{"damage":0,"enemies":"Exordium Thugs","floor":7,"turns":4},{"damage":23,"enemies":"3 Sentries","floor":8,"turns":4}],"seed_played":"-4419372413026027114","potions_obtained":[{"floor":4,"key":"ElixirPotion"},{"floor":5,"key":"Weak Potion"},{"floor":6,"key":"Block Potion"}],"is_trial":false,"path_per_floor":["M","M","$","M","M","E","M","E"],"character_chosen":"IRONCLAD","items_purchased":[],"campfire_rested":0,"item_purchase_floors":[],"current_hp_per_floor":[75,72,72,72,46,20,20,0,0],"gold":121,"neow_bonus":"BOSS_RELIC","is_daily":false,"chose_seed":false,"campfire_upgraded":0,"win_rate":0.0,"timestamp":1610582084,"path_taken":["M","M","$","M","M","E","M","E"],"items_purchased_type":[],"build_version":"2020-12-22","purchased_purges":1,"victory":false,"max_hp_per_floor":[80,80,80,80,80,80,80,80,80],"card_choices":[{"not_picked":["Rage","True Grit","Wild Strike"],"picked":"SKIP","floor":1},{"not_picked":["Heavy Blade","Havoc","Sentinel"],"picked":"SKIP","floor":2},{"not_picked":["Pommel Strike","Dual Wield","Wild Strike"],"picked":"SKIP","floor":4},{"not_picked":["Perfected Strike","Limit Break"],"picked":"Cleave","floor":5},{"not_picked":["Anger","Infernal Blade","Dropkick"],"picked":"SKIP","floor":6},{"not_picked":["Anger","Infernal Blade","Dropkick"],"picked":"SKIP","floor":6},{"not_picked":["Havoc","Headbutt"],"picked":"Shrug It Off","floor":7}],"player_experience":107021,"relics_obtained":[{"floor":6,"key":"Tiny Chest"}],"event_choices":[],"is_beta":false,"boss_relics":[],"items_purged_floors":[3],"is_endless":false,"potions_floor_spawned":[4,5,6],"killed_by":"3 Sentries","ascension_level":2}}