{"host":"pq8o62wp0h1hflf3","time":1610567218,"event":{"mods":["BaseMod","Minty Spire (QoL Compilation)","Relic Stats","ojb\u0027s Info Mod"],"gold_per_floor":[168,168,182,182,200,200,234,250,250,280,299,299,299],"floor_reached":12,"language":"ENG","playtime":1319,"items_purged":[],"score":255,"play_id":"6542a075-c515-4aa0-8301-3909e3f72a42","local_time":"20210113144658","is_ascension_mode":true,"campfire_choices":[{"data":"Defragment","floor":6,"key":"SMITH"}],"circlet_count":0,"master_deck":["AscendersBane","Strike_B","Strike_B","Strike_B","Strike_B","Defend_B+1","Defend_B+1","Defend_B","Defend_B","Zap","Dualcast","Defragment+1","Defragment+1","Chill","Defragment","Defragment","Biased Cognition+1","Cold Snap"],"relics":["Tiny House","Matryoshka","Sundial","Bag of Marbles","Frozen Egg 2","Strawberry"],"acts_visited":["Exordium"],"potions_floor_usage":[11],"damage_taken":[{"damage":6,"enemies":"2 Louse","floor":1,"turns":2},{"damage":0,"enemies":"Small Slimes","floor":3,"turns":3},{"damage":3,"enemies":"Cultist","floor":5,"turns":4},{"damage":0,"enemies":"3 Sentries","floor":7,"turns":19},{"damage":5,"enemies":"Exordium Wildlife","floor":8,"turns":6},{"damage":24,"enemies":"Lagavulin","floor":10,"turns":7},{"damage":7,"enemies":"Lots of Slimes","floor":11,"turns":6},{"damage":0,"enemies":"3 Sentries","floor":12,"turns":2}],"seed_played":"4632807261515673998","potions_obtained":[{"floor":0,"key":"Strength Potion"},{"floor":1,"key":"Strength Potion"},{"floor":11,"key":"SpeedPotion"}],"is_trial":false,"path_per_floor":["M","?","M","?","M","R","E","M","T","E","M","E"],"character_chosen":"DEFECT","items_purchased":[],"campfire_rested":0,"item_purchase_floors":[],"current_hp_per_floor":[63,40,40,40,37,37,37,32,32,15,8,8,8],"gold":299,"neow_bonus":"BOSS_RELIC","is_daily":false,"chose_seed":false,"campfire_upgraded":1,"win_rate":0.0,"timestamp":1610567218,"path_taken":["M","?","M","?","M","R","E","M","T","E","M","E"],"items_purchased_type":[],"build_version":"2020-12-22","purchased_purges":0,"victory":false,"max_hp_per_floor":[76,76,76,76,76,76,76,76,76,83,83,83,83],"relic_stats":{"counters":[8,49],"Sundial":[4],"obtain_stats":[{"Tiny House":0,"Matryoshka":4,"Sundial":7,"Strawberry":10,"Bag of Marbles":9,"Frozen Egg 2":9,"Cracked Core":0},{"Tiny House":0,"Matryoshka":2,"Sundial":4,"Strawberry":6,"Bag of Marbles":5,"Frozen Egg 2":5,"Cracked Core":0},{"Tiny House":0,"Matryoshka":5,"Sundial":28,"Strawberry":41,"Bag of Marbles":34,"Frozen Egg 2":34,"Cracked Core":0}]},"card_choices":[{"not_picked":["Consume","Conserve Battery"],"picked":"Defragment","floor":0},{"not_picked":["Gash","Cold Snap"],"picked":"Defragment","floor":1},{"not_picked":["Go for the Eyes","White Noise","Loop"],"picked":"SKIP","floor":3},{"not_picked":["Chaos","Rebound"],"picked":"Chill","floor":5},{"not_picked":["Darkness","Redo"],"picked":"Defragment","floor":7},{"not_picked":["Ball Lightning","Gash"],"picked":"Defragment","floor":8},{"not_picked":["BootSequence","Hello World+1"],"picked":"Biased Cognition+1","floor":10},{"not_picked":["BootSequence","Conserve Battery"],"picked":"Cold Snap","floor":11}],"player_experience":1135382,"relics_obtained":[{"floor":7,"key":"Sundial"},{"floor":9,"key":"Bag of Marbles"},{"floor":9,"key":"Frozen Egg 2"},{"floor":10,"key":"Strawberry"}],"event_choices":[{"damage_healed":0,"gold_gain":0,"player_choice":"Entered Light","damage_taken":23,"max_hp_gain":0,"max_hp_loss":0,"event_name":"Shining Light","floor":2,"gold_loss":0,"cards_upgraded":["Defragment","Defend_B"]},{"damage_healed":0,"gold_gain":0,"player_choice":"Gave Potion","damage_taken":0,"relics_obtained":["Matryoshka"],"max_hp_gain":0,"max_hp_loss":0,"event_name":"WeMeetAgain","floor":4,"gold_loss":0}],"is_beta":false,"boss_relics":[],"items_purged_floors":[],"is_endless":false,"potions_floor_spawned":[1,11],"killed_by":"3 Sentries","ascension_level":20}}