{"host":"0009l0kk6tb2u2kt","time":1610569980,"event":{"mods":["BaseMod","Downfall","Hermit","Hubris","Minty Spire (QoL Compilation)","Replay The Spire","StSLib"],"gold_per_floor":[117,67,83,101,101,116,116,37,83,96,128,128,139,152,152,247,247,258,258,276,476,492,527,527,557,609,626,343,268,268,296,296,296,296],"floor_reached":33,"language":"ENG","playtime":2287,"items_purged":[],"score":307,"play_id":"84bc6c56-7da1-43a3-8cc8-1351d07764b1","local_time":"20210113213300","is_ascension_mode":false,"campfire_choices":[{"data":"hermit:BodyArmor","floor":12,"key":"SMITH"},{"data":"hermit:Maintenance","floor":15,"key":"SMITH"},{"data":"hermit:TakeAim","floor":24,"key":"SMITH"},{"floor":30,"key":"REST"},{"floor":32,"key":"REST"}],"circlet_count":0,"master_deck":["hermit:Strike_Hermit","hermit:Strike_Hermit","hermit:Strike_Hermit","hermit:Strike_Hermit","hermit:Defend_Hermit","hermit:Defend_Hermit","hermit:Defend_Hermit","hermit:Defend_Hermit","hermit:Snapshot","hermit:Headshot","hermit:Deadeye","hermit:LoneWolf","hermit:GoldenBullet","hermit:BodyArmor+1","hermit:Ricochet","hermit:Maintenance+1","hermit:HighNoon","hermit:Roughhouse","hermit:Shortfuse+1","hermit:BodyArmor+1","hermit:TakeAim+1","hermit:BigShot","hermit:HighCaliber","hermit:Vantage"],"relics":["hermit:Momento","NeowsBlessing","hubris:Towel","PreservedInsect","Replay:Baseball","Sozu","The Courier","ReplayTheSpireMod:Lightbulb","Simple Rune","hermit:RedScarf","Quantum Egg"],"acts_visited":["Exordium","TheCity"],"potions_floor_usage":[11,16,16,16],"damage_taken":[{"damage":0,"enemies":"Small Slimes","floor":1,"turns":1},{"damage":0,"enemies":"2 Louse","floor":3,"turns":1},{"damage":0,"enemies":"Jaw Worm","floor":4,"turns":1},{"damage":8,"enemies":"2 Fungi Beasts","floor":6,"turns":3},{"damage":14,"enemies":"Exordium Wildlife","floor":10,"turns":4},{"damage":19,"enemies":"Lagavulin","floor":11,"turns":6},{"damage":6,"enemies":"Gremlin Gang","floor":13,"turns":5},{"damage":1,"enemies":"3 Louse","floor":14,"turns":3},{"damage":24,"enemies":"Fading Forest","floor":16,"turns":11},{"damage":5,"enemies":"Shell Parasite","floor":18,"turns":3},{"damage":8,"enemies":"Spheric Guardian","floor":20,"turns":4},{"damage":8,"enemies":"Centurion and Healer","floor":22,"turns":5},{"damage":2,"enemies":"Book of Stabbing","floor":23,"turns":4},{"damage":36,"enemies":"Gremlin Leader","floor":25,"turns":6},{"damage":0,"enemies":"Shelled Parasite and Fungi","floor":27,"turns":5},{"damage":13,"enemies":"Slavers","floor":31,"turns":4},{"damage":68,"enemies":"hubris:MusketHawk","floor":33,"turns":6}],"seed_played":"2522580727566323603","potions_obtained":[{"floor":3,"key":"hermit:Tonic"},{"floor":4,"key":"SteroidPotion"},{"floor":6,"key":"champ:CounterPotion"},{"floor":10,"key":"LiquidBronze"},{"floor":13,"key":"hermit:BlackBile"}],"is_trial":false,"path_per_floor":["M","?","M","M","?","M","?","$","T","M","E","R","M","M","R","B",null,"M","?","M","?","M","E","R","E","T","M","$","?","R","E","R","B"],"character_chosen":"HERMIT","items_purchased":["hermit:GoldenBullet","hermit:HighCaliber","hermit:RedScarf"],"campfire_rested":2,"item_purchase_floors":[8,28,28],"current_hp_per_floor":[75,75,75,75,75,67,67,67,67,53,34,34,28,27,27,13,75,70,70,62,62,54,52,52,16,16,16,16,16,38,25,47,0,0],"gold":296,"neow_bonus":"THREE_ENEMY_KILL","is_daily":false,"chose_seed":false,"campfire_upgraded":3,"win_rate":0.0,"timestamp":1610569980,"path_taken":["M","?","M","M","?","M","?","?","T","?","E","R","M","?","R","BOSS","M","?","M","?","M","E","R","E","T","?","$","?","R","E","R","BOSS"],"items_purchased_type":["Card","Card","Relic"],"build_version":"2020-12-22","purchased_purges":0,"victory":false,"max_hp_per_floor":[75,75,75,75,75,75,75,75,75,75,75,75,75,75,75,75,75,75,75,75,75,75,75,75,75,75,75,75,75,75,75,75,75,75],"card_choices":[{"not_picked":["hermit:SprayPray","hermit:BodyArmor"],"picked":"hermit:Headshot","floor":1},{"not_picked":["hermit:TakeCover","hermit:WideOpen"],"picked":"hermit:Deadeye","floor":3},{"not_picked":["hermit:Feint","hermit:Dissolve"],"picked":"hermit:Quickdraw","floor":4},{"not_picked":["hermit:Desperado","hermit:Headshot"],"picked":"hermit:LoneWolf","floor":6},{"not_picked":["hermit:WideOpen","hermit:Quickdraw"],"picked":"hermit:BodyArmor","floor":10},{"not_picked":["hermit:FatalDesire","hermit:ItchyTrigger"],"picked":"hermit:Ricochet","floor":11},{"not_picked":["hermit:Roulette","hermit:SprayPray"],"picked":"hermit:Maintenance","floor":13},{"not_picked":["hermit:HoleUp","hermit:CalledShot"],"picked":"hermit:HighNoon","floor":14},{"not_picked":["hermit:Gambit","hermit:Dissolve"],"picked":"hermit:Roughhouse","floor":16},{"not_picked":["hermit:Scavenge+1","hermit:CalledShot+1"],"picked":"hermit:Shortfuse+1","floor":18},{"not_picked":["hermit:Dive","hermit:ItchyTrigger+1"],"picked":"hermit:BodyArmor+1","floor":20},{"not_picked":["hermit:Horror","hermit:Virtue+1","hermit:Gambit"],"picked":"SKIP","floor":22},{"not_picked":["hermit:ItchyTrigger","hermit:Showdown"],"picked":"hermit:TakeAim","floor":23},{"not_picked":["hermit:TakeAim+1","hermit:Horror+1"],"picked":"hermit:BigShot","floor":25},{"not_picked":["hermit:GoldenBullet","hermit:Quickdraw","hermit:Ricochet"],"picked":"SKIP","floor":27},{"not_picked":["hermit:Misfire","hermit:Dive+1"],"picked":"hermit:Vantage","floor":31}],"player_experience":200864,"relics_obtained":[{"floor":9,"key":"PreservedInsect"},{"floor":11,"key":"Replay:Baseball"},{"floor":23,"key":"The Courier"},{"floor":25,"key":"ReplayTheSpireMod:Lightbulb"},{"floor":26,"key":"Simple Rune"},{"floor":31,"key":"Quantum Egg"}],"event_choices":[{"cards_removed":["hermit:Covet"],"damage_healed":0,"gold_gain":0,"player_choice":"Card Removal","damage_taken":0,"max_hp_gain":0,"max_hp_loss":0,"event_name":"The Cleric","floor":2,"gold_loss":50},{"damage_healed":0,"gold_gain":200,"player_choice":"Gold","damage_taken":0,"max_hp_gain":0,"max_hp_loss":0,"event_name":"Wheel of Change","floor":21,"gold_loss":0},{"cards_removed":["hermit:Quickdraw"],"damage_healed":0,"gold_gain":0,"player_choice":"Gave Gold","damage_taken":0,"max_hp_gain":0,"max_hp_loss":0,"event_name":"Beggar","floor":29,"gold_loss":75}],"is_beta":false,"boss_relics":[{"not_picked":["Abe\u0027s Treasure","hermit:DentedPlate"],"picked":"Sozu"}],"items_purged_floors":[],"is_endless":false,"potions_floor_spawned":[3,4,6,10,13,18,22,23],"killed_by":"hubris:MusketHawk","ascension_level":0}}