{"host":"7l2t4psy44vpcd9q","time":1610561397,"event":{"mods":["AchievementEnabler","BaseMod","DeckTracker","Minty Spire (QoL Compilation)","SuperFastMode"],"gold_per_floor":[119,40,59,76,76,76,88,88,158,158,171,171,204,222,222,301,301,314,239,239,251,265,291,10,10,10,10,30,30,30],"floor_reached":29,"language":"KOR","playtime":1290,"items_purged":[],"score":515,"play_id":"c7207cbb-ca95-4ac9-9c2f-b5f34dd57c32","local_time":"20210114030957","is_ascension_mode":true,"campfire_choices":[{"floor":6,"key":"REST"},{"data":"Blade Dance","floor":8,"key":"SMITH"},{"data":"Neutralize","floor":10,"key":"SMITH"},{"floor":15,"key":"REST"}],"circlet_count":0,"master_deck":["AscendersBane","Defend_G","Defend_G","Defend_G","Defend_G","Defend_G","Survivor","Neutralize+1","Endless Agony","Blade Dance+1","Dagger Spray","Blade Dance","PiercingWail","Flying Knee","Backflip","Predator","Envenom","Poisoned Stab","Catalyst","Bite","Bite","Bite","Bite","Bite","Acrobatics+1"],"relics":["Ring of the Snake","The Specimen","White Beast Statue","Singing Bowl","Bag of Marbles","Coffee Dripper","Happy Flower","Ornamental Fan","Paper Crane"],"acts_visited":["Exordium","TheCity"],"potions_floor_usage":[11,13,13,16,21,22,23,28,29,29],"damage_taken":[{"damage":12,"enemies":"Jaw Worm","floor":1,"turns":7},{"damage":0,"enemies":"Small Slimes","floor":3,"turns":3},{"damage":4,"enemies":"Cultist","floor":4,"turns":3},{"damage":5,"enemies":"Looter","floor":7,"turns":3},{"damage":1,"enemies":"Lots of Slimes","floor":11,"turns":3},{"damage":28,"enemies":"Lagavulin","floor":13,"turns":7},{"damage":1,"enemies":"Blue Slaver","floor":14,"turns":3},{"damage":18,"enemies":"Slime Boss","floor":16,"turns":8},{"damage":6,"enemies":"3 Byrds","floor":18,"turns":4},{"damage":0,"enemies":"Spheric Guardian","floor":21,"turns":4},{"damage":4,"enemies":"Centurion and Healer","floor":22,"turns":5},{"damage":24,"enemies":"Book of Stabbing","floor":23,"turns":4},{"damage":17,"enemies":"Snake Plant","floor":28,"turns":5},{"damage":21,"enemies":"Sentry and Sphere","floor":29,"turns":3}],"seed_played":"2220543571802373614","potions_obtained":[{"floor":1,"key":"Fire Potion"},{"floor":7,"key":"ColorlessPotion"},{"floor":11,"key":"Weak Potion"},{"floor":13,"key":"SpeedPotion"},{"floor":14,"key":"Fire Potion"},{"floor":16,"key":"Strength Potion"},{"floor":21,"key":"Dexterity Potion"},{"floor":22,"key":"LiquidBronze"},{"floor":23,"key":"Explosive Potion"},{"floor":28,"key":"SneckoOil"}],"is_trial":false,"path_per_floor":["M","$","M","M","?","R","M","R","T","R","M","T","E","M","R","B",null,"M","?","?","M","M","E","$","?","T","?","M","M"],"character_chosen":"THE_SILENT","items_purchased":["Blade Dance","Dagger Spray","Ornamental Fan"],"campfire_rested":2,"item_purchase_floors":[2,2,24],"current_hp_per_floor":[32,32,32,28,28,47,42,42,42,42,41,41,13,14,34,16,55,51,51,51,51,49,25,25,25,25,19,10,0,0],"gold":30,"neow_bonus":"ONE_RARE_RELIC","is_daily":false,"chose_seed":false,"campfire_upgraded":2,"win_rate":0.0,"timestamp":1610561397,"path_taken":["M","$","M","M","?","R","M","R","T","R","M","?","E","M","R","BOSS","M","?","?","M","M","E","$","?","T","?","M","?"],"items_purchased_type":["Card","Card","Relic"],"build_version":"2020-12-22","purchased_purges":0,"victory":false,"max_hp_per_floor":[66,66,66,66,66,66,66,66,66,66,66,66,66,68,68,68,68,70,70,70,70,72,72,72,50,50,50,50,50,50],"card_choices":[{"not_picked":["Catalyst","Deflect"],"picked":"Endless Agony","floor":1},{"not_picked":["Footwork","All Out Attack"],"picked":"Blade Dance","floor":3},{"not_picked":["Outmaneuver","Quick Slash"],"picked":"PiercingWail","floor":4},{"not_picked":["Poisoned Stab","Underhanded Strike"],"picked":"Flying Knee","floor":7},{"not_picked":["Concentrate","Setup"],"picked":"Backflip","floor":11},{"not_picked":["Heel Hook","Cloak And Dagger"],"picked":"Predator","floor":13},{"not_picked":["Tactician","Catalyst","Heel Hook"],"picked":"Singing Bowl","floor":14},{"not_picked":["Corpse Explosion","A Thousand Cuts"],"picked":"Envenom","floor":16},{"not_picked":["Flying Knee","Infinite Blades","Concentrate"],"picked":"Singing Bowl","floor":18},{"not_picked":["Tactician+1","Footwork"],"picked":"Poisoned Stab","floor":21},{"not_picked":["Dagger Spray","Infinite Blades","Predator"],"picked":"Singing Bowl","floor":22},{"not_picked":["Blade Dance","Glass Knife"],"picked":"Catalyst","floor":23},{"not_picked":["Dagger Throw","Dodge and Roll+1"],"picked":"Acrobatics+1","floor":28}],"player_experience":1237256,"relics_obtained":[{"floor":9,"key":"White Beast Statue"},{"floor":12,"key":"Singing Bowl"},{"floor":13,"key":"Bag of Marbles"},{"floor":23,"key":"Happy Flower"},{"floor":26,"key":"Paper Crane"}],"event_choices":[{"damage_healed":0,"gold_gain":0,"player_choice":"Fled","damage_taken":0,"max_hp_gain":0,"max_hp_loss":0,"event_name":"Scrap Ooze","floor":5,"gold_loss":0},{"cards_removed":["Strike_G"],"damage_healed":0,"gold_gain":0,"player_choice":"Gave Gold","damage_taken":0,"max_hp_gain":0,"max_hp_loss":0,"event_name":"Beggar","floor":19,"gold_loss":75},{"damage_healed":0,"gold_gain":0,"player_choice":"Ignored","damage_taken":0,"max_hp_gain":0,"max_hp_loss":0,"event_name":"The Mausoleum","floor":20,"gold_loss":0},{"damage_healed":0,"gold_gain":0,"player_choice":"Became a vampire","damage_taken":0,"max_hp_gain":0,"max_hp_loss":22,"event_name":"Vampires","floor":25,"gold_loss":0,"cards_obtained":["Bite","Bite","Bite","Bite","Bite"]},{"damage_healed":0,"gold_gain":0,"player_choice":"","damage_taken":6,"max_hp_gain":0,"max_hp_loss":0,"event_name":"Knowing Skull","floor":27,"potions_obtained":[],"gold_loss":0,"cards_obtained":[]}],"is_beta":false,"boss_relics":[{"not_picked":["Snecko Eye","Sozu"],"picked":"Coffee Dripper"}],"items_purged_floors":[],"is_endless":false,"potions_floor_spawned":[1,7,11,13,14,16,18,21,22,23,28],"killed_by":"Sentry and Sphere","ascension_level":20}}