{"host":"utcbn1j9ebmpc40m","time":1610561249,"event":{"mods":["BaseMod","Better Match","Minty Spire (QoL Compilation)","Poor People Problems","StSLib","SuperFastMode","The IronCluck"],"gold_per_floor":[113,132,37,50,61,61,61,61,84,115,115,40,70,81,81,81,81],"floor_reached":16,"language":"ENG","playtime":349,"items_purged":["Strike_R"],"score":154,"play_id":"953d23a0-4e51-417f-9c65-1d599c87ceb2","local_time":"20210113130729","is_ascension_mode":true,"campfire_choices":[{"data":"Armaments","floor":6,"key":"SMITH"},{"floor":8,"key":"REST"},{"floor":11,"key":"REST"},{"floor":15,"key":"REST"}],"circlet_count":0,"master_deck":["Strike_R","Strike_R","Strike_R","Strike_R","Defend_R+1","Defend_R+1","Defend_R","Defend_R","Bash","Heavy Blade","Dark Embrace","Whirlwind","Body Slam","Armaments+1","Sever Soul","Reaper","Whirlwind"],"relics":["Burning Blood","War Paint","Ornamental Fan","Lantern","Shuriken","Anchor"],"acts_visited":["Exordium"],"potions_floor_usage":[10,13,16],"damage_taken":[{"damage":0,"enemies":"Cultist","floor":1,"turns":3},{"damage":0,"enemies":"Small Slimes","floor":2,"turns":3},{"damage":0,"enemies":"Jaw Worm","floor":4,"turns":4},{"damage":19,"enemies":"Exordium Thugs","floor":5,"turns":5},{"damage":41,"enemies":"3 Sentries","floor":10,"turns":7},{"damage":86,"enemies":"Lagavulin","floor":13,"turns":10},{"damage":0,"enemies":"3 Louse","floor":14,"turns":2},{"damage":58,"enemies":"Hexaghost","floor":16,"turns":9}],"seed_played":"-1940477067317903524","potions_obtained":[{"floor":2,"key":"EssenceOfSteel"},{"floor":10,"key":"BloodPotion"},{"floor":14,"key":"Explosive Potion"}],"is_trial":false,"path_per_floor":["M","M","$","M","M","R","T","R","T","E","R","$","E","M","R","B"],"character_chosen":"IRONCLAD","items_purchased":["Whirlwind","Body Slam"],"campfire_rested":3,"item_purchase_floors":[3,3],"current_hp_per_floor":[78,80,80,80,67,67,67,80,80,45,69,69,10,28,52,0,0],"gold":81,"neow_bonus":"RANDOM_COMMON_RELIC","is_daily":false,"chose_seed":false,"campfire_upgraded":1,"win_rate":0.0,"timestamp":1610561249,"path_taken":["M","M","$","M","M","R","?","R","T","E","R","$","E","M","R","BOSS"],"items_purchased_type":["Card","Card"],"build_version":"2020-12-22","purchased_purges":1,"victory":false,"max_hp_per_floor":[80,80,80,80,80,80,80,80,80,80,80,80,80,80,80,80,80],"card_choices":[{"not_picked":["Twin Strike","Sword Boomerang"],"picked":"Heavy Blade","floor":1},{"not_picked":["Clothesline","True Grit"],"picked":"Dark Embrace","floor":2},{"not_picked":["Clothesline","Warcry"],"picked":"Armaments","floor":4},{"not_picked":["Anger","Armaments"],"picked":"Sever Soul","floor":5},{"not_picked":["Havoc","Flex"],"picked":"Reaper","floor":10},{"not_picked":["Metallicize","Twin Strike","Pommel Strike"],"picked":"SKIP","floor":13},{"not_picked":["Armaments","Warcry"],"picked":"Whirlwind","floor":14}],"player_experience":466976,"relics_obtained":[{"floor":7,"key":"Ornamental Fan"},{"floor":9,"key":"Lantern"},{"floor":10,"key":"Shuriken"},{"floor":13,"key":"Anchor"}],"event_choices":[],"is_beta":false,"boss_relics":[],"items_purged_floors":[12],"is_endless":false,"potions_floor_spawned":[2,10,14],"killed_by":"Hexaghost","ascension_level":8}}