{"host":"25beq07qjecnigqh","time":1610550869,"event":{"mods":["BaseMod","Minty Spire (QoL Compilation)"],"gold_per_floor":[119,137,137,150,75,75,89,89,89,89,99,274,287,297,297,297,297],"floor_reached":16,"language":"ZHS","playtime":622,"items_purged":["Defend_P"],"score":94,"play_id":"93a1b72a-0e66-49cf-a664-cfbd23313960","local_time":"20210113231429","is_ascension_mode":false,"campfire_choices":[{"data":"Eruption","floor":6,"key":"SMITH"},{"data":"Crescendo","floor":8,"key":"SMITH"},{"data":"Vigilance","floor":10,"key":"SMITH"},{"floor":15,"key":"REST"}],"circlet_count":0,"master_deck":["Strike_P","Strike_P","Strike_P","Strike_P","Defend_P","Defend_P","Defend_P","Eruption+1","Vigilance+1","Crescendo+1","InnerPeace","EmptyMind","Doubt","WheelKick"],"relics":["PureWater","NeowsBlessing","Sundial","Matryoshka"],"acts_visited":["Exordium"],"potions_floor_usage":[11,16],"damage_taken":[{"damage":0,"enemies":"2 Louse","floor":1,"turns":1},{"damage":0,"enemies":"Small Slimes","floor":2,"turns":1},{"damage":0,"enemies":"Jaw Worm","floor":4,"turns":1},{"damage":1,"enemies":"Exordium Wildlife","floor":7,"turns":3},{"damage":23,"enemies":"Exordium Thugs","floor":11,"turns":6},{"damage":9,"enemies":"Blue Slaver","floor":13,"turns":3},{"damage":2,"enemies":"3 Louse","floor":14,"turns":2},{"damage":61,"enemies":"Slime Boss","floor":16,"turns":9}],"seed_played":"4411662506884834318","potions_obtained":[{"floor":7,"key":"GamblersBrew"},{"floor":13,"key":"Fruit Juice"}],"is_trial":false,"path_per_floor":["M","M","?","M","$","R","M","R","T","R","M","?","M","M","R","B"],"character_chosen":"WATCHER","items_purchased":[],"campfire_rested":1,"item_purchase_floors":[],"current_hp_per_floor":[72,72,65,65,65,65,64,64,64,64,41,41,32,30,51,0,0],"gold":297,"neow_bonus":"THREE_ENEMY_KILL","is_daily":false,"chose_seed":false,"campfire_upgraded":3,"win_rate":0.0,"timestamp":1610550869,"path_taken":["M","M","?","M","$","R","M","R","T","R","M","?","M","M","R","BOSS"],"items_purchased_type":[],"build_version":"2020-12-22","purchased_purges":1,"victory":false,"max_hp_per_floor":[72,72,72,72,72,72,72,72,72,72,72,72,72,72,72,77,77],"card_choices":[{"not_picked":["Consecrate","Protect"],"picked":"Crescendo","floor":1},{"not_picked":["JustLucky","FollowUp"],"picked":"InnerPeace","floor":2},{"not_picked":["FollowUp","SandsOfTime","Prostrate"],"picked":"SKIP","floor":4},{"not_picked":["Protect","SignatureMove"],"picked":"EmptyMind","floor":7},{"not_picked":["PathToVictory","Evaluate","Protect"],"picked":"SKIP","floor":11},{"not_picked":["FlyingSleeves","EmptyBody"],"picked":"WheelKick","floor":13},{"not_picked":["SashWhip","Pray","Worship"],"picked":"SKIP","floor":14}],"player_experience":59549,"relics_obtained":[{"floor":9,"key":"Matryoshka"}],"event_choices":[{"damage_healed":0,"gold_gain":0,"player_choice":"Success","damage_taken":7,"relics_obtained":["Sundial"],"max_hp_gain":0,"max_hp_loss":0,"event_name":"Scrap Ooze","floor":3,"gold_loss":0},{"damage_healed":0,"gold_gain":175,"player_choice":"AGREE","damage_taken":0,"max_hp_gain":0,"max_hp_loss":0,"event_name":"Liars Game","floor":12,"gold_loss":0,"cards_obtained":["Doubt"]}],"is_beta":false,"boss_relics":[],"items_purged_floors":[5],"is_endless":false,"potions_floor_spawned":[7,13],"killed_by":"Slime Boss","ascension_level":0}}