{"host":"qvm8mnkwg7phaqzl","time":1610497891,"event":{"mods":["2.2 Compatiblity","Act Like it!","Aspiration","Astrologer","Bard","BaseMod","Beaked The Cultist","Better Altar","Better Match","Better Note","Better Sensory Stone","Better Skull","Better Third Choice","CCEM","CapriCore","CatGirl Mod","Chen","Colored Map","Colored Powertips","Conspire","DeckTracker","Downfall","Elementarium","Friendly Minions","Gensokyo","GifTheSpireLib","Gremlin Mod","Halation","Hermit","Hubris","Koishi","Marisa（霧雨　魔理沙）","Marked Mod","Mathematician","Minty Spire (QoL Compilation)","Onozuka Komachi Mod","Potionbrewer","Random Character Button","Rare Cards Sparkle","Reimu（博??梦）","Replay The Spire","Shade Mod","Somnambulant","StSLib","The Accelerator","The Administrix","The Alterego","The Blackbeard","The Bladedancer","The Bug Knight","The Caster","The Construct","The Cursed","The Disciple","The Dragon Tamer","The Druid","The Elementalist","The Factory","The Florist","The Forsaken","The Gatherer","The Hierophant","The Immortal","The Judge","The Juggle","The Jungle","The Marked","The Mystic","The Necromancer","The Poker Player","The Problem Sleuth","The Runesmith","The Sage","The Servant 0.9.4","The Spell Scribe","The Valiant","The Witch","TheArtist","TheBandit","TheFirefly","Wandering Minibosses","Yakumo Yukari mod","Yuyuko","vexMod","yUi"],"gold_per_floor":[118,136,136,8,8,8,39,39,39,39,39,59,80,101,101,221,221,235,42,317,342,81,122,140,140,140,166,207,207,207,207,207],"floor_reached":30,"language":"ENG","playtime":9846,"items_purged":["Looming Evil","Regret"],"score":291,"play_id":"4eacd8f0-0215-490d-9fb0-b07e68ce4640","local_time":"20210112183131","is_ascension_mode":false,"campfire_choices":[{"data":"wariomod:ChargeForth","floor":6,"key":"SMITH"},{"data":"wariomod:DanceDash","floor":10,"key":"SMITH"},{"floor":15,"key":"RECALL"},{"floor":25,"key":"REST"},{"data":"DevaForm","floor":29,"key":"SMITH"}],"circlet_count":0,"master_deck":["wariomod:Strike","wariomod:Strike","wariomod:Strike","wariomod:Strike","wariomod:Defend","wariomod:Defend","wariomod:Defend","wariomod:Defend","wariomod:Step","wariomod:Leap","wariomod:DanceDash+1","wariomod:ChargeForth+1","caster:Tundra","ExoVibe","WordoMod:MonkeysPaw+1","MathPowerBeat+1","mysticmod:Haste","DoubleButterfly:ReiMu","wariomod:Bombshield","wariomod:GodlyGift","theCatGirl:TrainWreck","DevaForm+1"],"relics":["wariomod:TheHat","NeowsBlessing","PrismaticShard","Lantern","Golden Idol","vexMod:InvisibilityCloak","ChewingGum","vexMod:PaidLearning","hubris:SlimyHat","aspiration:HummingbirdHeart","halation:PrussianBluePaint","theForsaken:ScaryMask"],"acts_visited":["Exordium","TheCity"],"potions_floor_usage":[16,23,23],"damage_taken":[{"damage":0,"enemies":"Cultist","floor":1,"turns":1},{"damage":0,"enemies":"Small Slimes","floor":2,"turns":1},{"damage":0,"enemies":"Gremlin Nob","floor":7,"turns":1},{"damage":0,"enemies":"Jaw Worm","floor":12,"turns":3},{"damage":4,"enemies":"3 Louse","floor":13,"turns":3},{"damage":0,"enemies":"Red Slaver","floor":14,"turns":3},{"damage":28,"enemies":"Slime Boss","floor":16,"turns":9},{"damage":0,"enemies":"Chosen","floor":18,"turns":5},{"damage":5,"enemies":"3 Byrds","floor":21,"turns":5},{"damage":27,"enemies":"Gremlin Leader","floor":23,"turns":11},{"damage":12,"enemies":"Snake Plant","floor":24,"turns":6},{"damage":4,"enemies":"Replay:Snechameleon","floor":28,"turns":8},{"damage":67,"enemies":"Cultist and Chosen","floor":30,"turns":7}],"seed_played":"8713406100401091456","potions_obtained":[{"floor":1,"key":"potionbrewer:ToxicPotion"},{"floor":7,"key":"Elixir"},{"floor":16,"key":"Flashbang"},{"floor":24,"key":"potionbrewer:AcidPotion"},{"floor":28,"key":"ZuzhouPotion:ReiMu"}],"is_trial":false,"path_per_floor":["M","M","?","$","?","R","E","?","T","R","$","M","M","M","R_BF","B",null,"M","$","?","M","$","E","M","R","T","T","E","R","M"],"character_chosen":"THE_BANDIT","items_purchased":["wariomod:ChargeForth","vexMod:PaidLearning","wariomod:Bombshield","wariomod:GodlyGift"],"campfire_rested":1,"item_purchase_floors":[4,19,19,22],"current_hp_per_floor":[80,80,80,80,80,80,80,60,60,60,60,60,56,56,56,28,80,80,80,80,75,75,48,36,60,60,60,56,56,0,0,0],"gold":207,"neow_bonus":"THREE_ENEMY_KILL","is_daily":false,"chose_seed":false,"campfire_upgraded":3,"win_rate":0.0,"timestamp":1610497891,"path_taken":["M","?","?","$","?","R","E","?","T","R","?","M","M","M","R_BF","BOSS","M","$","?","M","$","E","M","R","T","?","E","R","M"],"items_purchased_type":["Card","Relic","Card","Card"],"build_version":"2020-12-22","purchased_purges":2,"victory":false,"max_hp_per_floor":[80,80,80,80,80,80,80,80,80,80,80,80,80,80,80,80,80,80,80,80,80,80,80,80,80,80,80,80,80,80,80,80],"card_choices":[{"not_picked":["wariomod:BoomBoom","wariomod:BlastDash","wariomod:Boomsmack"],"picked":"SKIP","floor":1},{"not_picked":["wariomod:DamnedStrength","wariomod:DiceyMove"],"picked":"wariomod:DanceDash","floor":2},{"not_picked":["theDruid:Starfall","theScribe:StaticSeries"],"picked":"caster:Tundra","floor":7},{"not_picked":["elementalist:Erosion","hierophant:Encroach","MathSkillAmnesia"],"picked":"SKIP","floor":12},{"not_picked":["Shade:SensePrey","Flex"],"picked":"ExoVibe","floor":13},{"not_picked":["SpecialFormula","TheCursedMod:CircleOfAmplification"],"picked":"WordoMod:MonkeysPaw","floor":14},{"not_picked":["Slimebound:TagTeam","astrologer:Nova"],"picked":"mysticmod:Haste","floor":16},{"not_picked":["Replay:SS_forest_5","theSleuth:UnDeEscalate+1"],"picked":"DoubleButterfly:ReiMu","floor":18},{"not_picked":["OmniscientAndOmnipotent_Monster_purple","beaked:CursingBlood","Gremlin:DaggerDance"],"picked":"SKIP","floor":21},{"not_picked":["accelerator:Drain","blademaster:DaggerAndCloak","TheCursedMod:AshesToAshes+1"],"picked":"SKIP","floor":23},{"not_picked":["theCatGirl:Stalk+1","MokouMod:AdaptivePyromancy","somnambulantmod: DeeperSleep"],"picked":"SKIP","floor":24},{"not_picked":["sneckomod:UnknownClassCONSTRUCTMOD","Atonement"],"picked":"DevaForm","floor":28}],"player_experience":721136,"relics_obtained":[{"floor":7,"key":"Lantern"},{"floor":9,"key":"vexMod:InvisibilityCloak"},{"floor":23,"key":"hubris:SlimyHat"},{"floor":26,"key":"aspiration:HummingbirdHeart"},{"floor":27,"key":"halation:PrussianBluePaint"},{"floor":28,"key":"theForsaken:ScaryMask"}],"event_choices":[{"damage_healed":0,"gold_gain":0,"player_choice":"Ignored","damage_taken":8,"max_hp_gain":0,"max_hp_loss":0,"event_name":"betterThird:BetterSerpent","floor":5,"gold_loss":0},{"damage_healed":0,"gold_gain":0,"player_choice":"Take Damage","damage_taken":20,"relics_obtained":["Golden Idol"],"max_hp_gain":0,"max_hp_loss":0,"event_name":"Golden Idol","floor":8,"gold_loss":0},{"damage_healed":0,"gold_gain":275,"player_choice":"Desecrate","damage_taken":0,"max_hp_gain":0,"max_hp_loss":0,"event_name":"Golden Shrine","floor":20,"gold_loss":0,"cards_obtained":["Regret"]}],"is_beta":false,"boss_relics":[{"not_picked":["ReplayTheSpireMod:DimensionalGlitch","vexMod:MysteryBossChallenge"],"picked":"ChewingGum"}],"items_purged_floors":[4,22],"is_endless":false,"potions_floor_spawned":[1,7,16,24,28],"killed_by":"Cultist and Chosen","ascension_level":0}}