{"host":"vm8b3ptwl81uq21f","time":1610521546,"event":{"mods":["Aspiration","BaseMod","BetterRewards","Colored Map","Colored Powertips","Downfall","GifTheSpireLib","Googly Eyes","GungeonMod","Halation","Hubris","Infinite Spire","Minty Spire (QoL Compilation)","Quick Restart","Rare Cards Sparkle","Replay The Spire","Shop Mod","Spicy Shops","StSLib","Stuff the Spire","The IronCluck","[IsaacMod]????"],"gold_per_floor":[118,135,155,155,155,155,182,192,192,192,227,227,259,278,278,416,516,533,62,215,215,230,230,54,70,70,83,94,94,125,125,125,220,220,235,235,235,255,276,311,311,57,138,138,138,161,191,205,205,205],"floor_reached":51,"language":"ENG","playtime":1800,"items_purged":["DemoMod:RustySidearm","DemoMod:Strike_Huntress","DemoMod:CrossBow","DemoMod:Defend_Huntress","DemoMod:Defend_Huntress","DemoMod:Roll"],"score":1625,"play_id":"3d2f969a-87d4-4638-a609-1362da6d2c38","local_time":"20210113020546","is_ascension_mode":true,"campfire_choices":[{"data":"DemoMod:ManualReload","floor":6,"key":"SMITH"},{"data":"DemoMod:LifeOrb","floor":10,"key":"SMITH"},{"data":"DemoMod:ChanceBullets","floor":12,"key":"SMITH"},{"data":"DemoMod:FeignSurrender","floor":15,"key":"SMITH"},{"data":"DemoMod:ConditionalReflex","floor":23,"key":"SMITH"},{"data":"DemoMod:Unmoved","floor":29,"key":"SMITH"},{"data":"DemoMod:FullFirepower","floor":32,"key":"SMITH"},{"data":"DemoMod:Defend_Huntress","floor":41,"key":"PURGE"},{"data":"DemoMod:HardPowerCard","floor":44,"key":"SMITH"},{"data":"StuffTheSpire:Innocence","floor":49,"key":"SMITH"}],"circlet_count":0,"master_deck":["DemoMod:ManualReload+1","DemoMod:CombinedRifle+1","DemoMod:Unmoved+1","DemoMod:FullFirepower+1","DemoMod:ConditionalReflex+1","DemoMod:LifeOrb+1","DemoMod:ChanceBullets+1","DemoMod:FeignSurrender+1","DemoMod:Eureka","DemoMod:HardPowerCard+1","DemoMod:FeignSurrender+1","DemoMod:Unmoved+1","DemoMod:SniperShot+1","DemoMod:ChanceBullets+1","DemoMod:HardPowerCard+1","DemoMod:Slinger+1","DemoMod:DoubleSwitch+1","DemoMod:FastSwitch+1","DemoMod:HardPowerCard+1","DemoMod:HungryBullets+1","DemoMod:HungryBullets+1","StuffTheSpire:Innocence+1","DemoMod:MachoBrace+1","DemoMod:AWP+1"],"relics":["DemoMod:Dog","HushsDoor","DemoMod:MeatBun","hubris:MobiusCoin","MerchantsRug","DemoMod:GlassGuonStoneRelic","aspiration:StickyExplosives_weak","halation:SelfBoilingWater","hubris:PeanutButter","PokeGo","StuffTheSpire:Rhapsscallions","SlaversCollar","Succubus","Chaos","Orichalcum","Replay:Wanted Poster","Golden Egg","infinitespire:Midas Blood","Incubus","ChewingGum","Replay:Multitool","halation:EternalFortune","Replay:Ringing Soul","DoctorsRemote"],"acts_visited":["Exordium","TheCity","TheBeyond"],"potions_floor_usage":[7,8,8,11,27,30,50,50],"damage_taken":[{"damage":0,"enemies":"2 Louse","floor":1,"turns":1},{"damage":0,"enemies":"Small Slimes","floor":2,"turns":2},{"damage":0,"enemies":"Cultist","floor":3,"turns":2},{"damage":0,"enemies":"3 Sentries","floor":7,"turns":3},{"damage":0,"enemies":"Lots of Slimes","floor":8,"turns":3},{"damage":0,"enemies":"Lagavulin","floor":11,"turns":1},{"damage":0,"enemies":"Gremlin Nob","floor":13,"turns":2},{"damage":0,"enemies":"Large Slime","floor":14,"turns":1},{"damage":0,"enemies":"Slime Boss","floor":16,"turns":2},{"damage":0,"enemies":"2 Thieves","floor":18,"turns":1},{"damage":0,"enemies":"3 Byrds","floor":22,"turns":1},{"damage":0,"enemies":"Centurion and Healer","floor":25,"turns":2},{"damage":0,"enemies":"Chosen and Byrds","floor":27,"turns":2},{"damage":0,"enemies":"Snecko","floor":28,"turns":2},{"damage":0,"enemies":"Replay:Snechameleon","floor":30,"turns":1},{"damage":0,"enemies":"Pondfish","floor":33,"turns":5},{"damage":0,"enemies":"3 Shapes","floor":35,"turns":1},{"damage":0,"enemies":"3 Darklings","floor":38,"turns":2},{"damage":0,"enemies":"Jaw Worm Horde","floor":39,"turns":2},{"damage":0,"enemies":"R_Hoarder","floor":40,"turns":3},{"damage":0,"enemies":"Maw","floor":46,"turns":4},{"damage":0,"enemies":"Spire Growth","floor":47,"turns":4},{"damage":0,"enemies":"Spire Growth","floor":48,"turns":1},{"damage":0,"enemies":"Donu and Deca","floor":50,"turns":3}],"seed_played":"-4278221012946761447","potions_obtained":[{"floor":2,"key":"Fire Potion"},{"floor":3,"key":"EntropicBrew"},{"floor":8,"key":"BlessingOfTheForge"},{"floor":11,"key":"SteroidPotion"},{"floor":13,"key":"DuplicationPotion"},{"floor":14,"key":"Block Potion"},{"floor":27,"key":"ColorlessPotion"},{"floor":33,"key":"BlessingOfTheForge"}],"is_trial":false,"path_per_floor":["M","M","M","?","?","R","E","M","T","R","E","R","E","M","R","B",null,"M","$","T","?","M","R","$","M","T","M","M","R","E","AVR","R","B",null,"M","?","?","M","M","E","R","$","T","R","?","M","?","M","R","B",null],"character_chosen":"HUNTRESS","items_purchased":["DemoMod:MeatBun","hubris:MobiusCoin","MerchantsRug","DemoMod:CombinedRifle+1","Succubus","DemoMod:FeignSurrender+1","Chaos","Orichalcum","DemoMod:Unmoved+1","DemoMod:HardPowerCard","DemoMod:HungryBullets"],"campfire_rested":0,"item_purchase_floors":[0,0,0,0,17,19,19,19,24,42,42],"current_hp_per_floor":[52,52,52,52,52,52,52,52,52,52,52,52,56,56,56,56,54,54,54,54,54,54,54,54,54,54,54,54,54,54,54,54,54,54,54,57,57,57,57,57,57,60,60,60,63,69,72,72,72,72],"gold":205,"neow_bonus":"","is_daily":false,"chose_seed":false,"campfire_upgraded":9,"win_rate":0.0,"timestamp":1610521546,"path_taken":["M","M","M","?","?","R","E","?","T","R","E","R","E","M","R","BOSS","M","$","?","?","M","R","$","M","T","M","M","R","E","AVR","R","BOSS","M","?","?","M","M","E","R","$","T","R","?","M","?","?","R","BOSS"],"items_purchased_type":["Relic","Relic","Relic","Card","Relic","Card","Card","Relic","Card","Card","Card"],"build_version":"2020-12-22","purchased_purges":6,"victory":true,"max_hp_per_floor":[70,70,70,70,70,70,70,70,70,70,70,70,74,74,74,74,54,54,54,54,54,54,54,54,54,54,54,54,54,54,54,54,54,54,54,57,57,57,57,57,57,60,60,60,63,69,72,72,72,72],"card_choices":[{"not_picked":["DemoMod:HardPowerCard","DemoMod:DoubleSwitch"],"picked":"DemoMod:Unmoved","floor":1},{"not_picked":["DemoMod:StickyCrossBow","DemoMod:AC15","DemoMod:PotionOfGunFriendShip"],"picked":"SKIP","floor":2},{"not_picked":["Bomb","DemoMod:LifeOrb"],"picked":"DemoMod:FullFirepower","floor":3},{"not_picked":["DemoMod:BSG","DemoMod:TeaPot"],"picked":"DemoMod:ConditionalReflex","floor":7},{"not_picked":["DemoMod:MachoBrace","DemoMod:RadGun"],"picked":"DemoMod:LifeOrb","floor":8},{"not_picked":["DemoMod:DoubleSwitch","DemoMod:TripleGun"],"picked":"DemoMod:ChanceBullets","floor":11},{"not_picked":["DemoMod:PotionOfGunFriendShip","DemoMod:GunShield"],"picked":"DemoMod:FeignSurrender","floor":13},{"not_picked":["DemoMod:HuntsMan","DemoMod:SkilledReload","DemoMod:StickyCrossBow"],"picked":"SKIP","floor":14},{"not_picked":["DemoMod:Slinger","DemoMod:SuppressiveFire"],"picked":"DemoMod:Eureka","floor":16},{"not_picked":["DemoMod:CursedBullets","DemoMod:Unity"],"picked":"DemoMod:HardPowerCard+1","floor":18},{"not_picked":["DemoMod:FeignSurrender","DemoMod:StickyCrossBow","DemoMod:BoxingGlove+1"],"picked":"SKIP","floor":22},{"not_picked":["DemoMod:Polaris+1","DemoMod:AC15"],"picked":"DemoMod:SniperShot+1","floor":25},{"not_picked":["DemoMod:Casey+1","DemoMod:BlankBullets"],"picked":"DemoMod:ChanceBullets+1","floor":27},{"not_picked":["DemoMod:FastSwitch","DemoMod:DoubleSwitch","DemoMod:TeaPot"],"picked":"SKIP","floor":27},{"not_picked":["DemoMod:BattleInHaste","DemoMod:GunShield"],"picked":"DemoMod:HardPowerCard","floor":28},{"not_picked":["DemoMod:HuntsMan","DemoMod:AWP+1","DemoMod:Replace"],"picked":"SKIP","floor":30},{"not_picked":["DemoMod:BalloonGun","DemoMod:FinishedGun"],"picked":"DemoMod:Slinger","floor":33},{"not_picked":["DemoMod:Ejector","DemoMod:TableSutra+1"],"picked":"DemoMod:DoubleSwitch+1","floor":35},{"not_picked":["DemoMod:GunstockTap","DemoMod:AC15+1"],"picked":"DemoMod:FastSwitch+1","floor":38},{"not_picked":["DemoMod:GunShield","DemoMod:Ejector+1","DemoMod:SkilledReload"],"picked":"SKIP","floor":39},{"not_picked":["DemoMod:PotionOfGunFriendShip+1","DemoMod:RadGun+1","DemoMod:ZorGun+1"],"picked":"SKIP","floor":40},{"not_picked":["StuffTheSpire:Ambrosia","StuffTheSpire:Perfection"],"picked":"StuffTheSpire:Innocence","floor":45},{"not_picked":["DemoMod:Ejector+1","DemoMod:HighKaliber+1"],"picked":"DemoMod:MachoBrace+1","floor":46},{"not_picked":["DemoMod:JK47","DemoMod:MegaHand"],"picked":"DemoMod:AWP+1","floor":47},{"not_picked":["DemoMod:DoubleSwitch","DemoMod:JK47","DemoMod:BattleInHaste"],"picked":"SKIP","floor":48}],"player_experience":379637,"relics_obtained":[{"floor":3,"key":"aspiration:StickyExplosives_weak"},{"floor":7,"key":"halation:SelfBoilingWater"},{"floor":9,"key":"hubris:PeanutButter"},{"floor":11,"key":"PokeGo"},{"floor":13,"key":"StuffTheSpire:Rhapsscallions"},{"floor":20,"key":"Replay:Wanted Poster"},{"floor":26,"key":"Golden Egg"},{"floor":30,"key":"infinitespire:Midas Blood"},{"floor":40,"key":"Replay:Ringing Soul"},{"floor":43,"key":"DoctorsRemote"},{"floor":46,"key":"halation:EternalFortune"}],"event_choices":[],"is_beta":false,"boss_relics":[{"not_picked":["halation:CatFaceCupcake","hubris:BlackHole"],"picked":"SlaversCollar"},{"not_picked":[]},{"not_picked":["Lizard Tail","ReplayTheSpireMod:DimensionalGlitch"],"picked":"Replay:Multitool"},{"not_picked":[]}],"items_purged_floors":[0,17,19,24,31,42],"is_endless":false,"potions_floor_spawned":[2,3,8,11,13,14,18,27,33,35,38,40],"ascension_level":5}}