{"host":"qekv59dthhdg54sz","time":1610541896,"event":{"mods":["AchievementEnabler","BaseMod","Colored Map","DeckTracker","KOR Keyword Fix","Minty Spire (QoL Compilation)","Rare Cards Sparkle","StSLib","SuperFastMode"],"gold_per_floor":[109,89,4,30,42,42,75,75,102,118,118,150,75,101,101,172,222,242,20,31,31,41,41,52,52,52,52,52,52,52,52],"floor_reached":30,"language":"KOR","playtime":485,"items_purged":["Strike_P","Strike_P"],"score":588,"play_id":"df6c1835-94ff-44fb-8dc3-d15e4242a147","local_time":"20210113214456","is_ascension_mode":true,"campfire_choices":[{"data":"Ragnarok","floor":6.0,"key":"SMITH"},{"data":"Eruption","floor":8.0,"key":"SMITH"},{"data":"Adaptation","floor":11.0,"key":"SMITH"},{"data":"MentalFortress","floor":15.0,"key":"SMITH"},{"data":"MentalFortress","floor":23,"key":"SMITH"},{"data":"InnerPeace","floor":28,"key":"SMITH"}],"circlet_count":0,"master_deck":["AscendersBane","Strike_P","Strike_P","Defend_P","Defend_P","Defend_P","Eruption+1","Vigilance","Ragnarok+1","CarveReality+1","Adaptation+1","MentalFortress+1","EmptyBody","MentalFortress+1","Vengeance","Pray","Prostrate","InnerPeace+1"],"relics":["PureWater","NeowsBlessing","Boot","Matryoshka","Strawberry","Regal Pillow","Toy Ornithopter","Damaru","Tiny House","Enchiridion","Potion Belt","Frozen Egg 2"],"acts_visited":["Exordium","TheCity"],"potions_floor_usage":[30,30],"damage_taken":[{"damage":0.0,"enemies":"2 Louse","floor":1.0,"turns":1.0},{"damage":0.0,"enemies":"Cultist","floor":5.0,"turns":1.0},{"damage":0.0,"enemies":"Lagavulin","floor":7.0,"turns":1.0},{"damage":4.0,"enemies":"Jaw Worm","floor":10.0,"turns":2.0},{"damage":17.0,"enemies":"3 Sentries","floor":12.0,"turns":4.0},{"damage":0.0,"enemies":"Gremlin Nob","floor":14.0,"turns":2.0},{"damage":19.0,"enemies":"The Guardian","floor":16.0,"turns":7.0},{"damage":0.0,"enemies":"Spheric Guardian","floor":18.0,"turns":1.0},{"damage":11,"enemies":"Shell Parasite","floor":20,"turns":3},{"damage":9,"enemies":"3 Cultists","floor":22,"turns":4},{"damage":6,"enemies":"Centurion and Healer","floor":24,"turns":5},{"damage":36,"enemies":"Slavers","floor":30,"turns":3}],"seed_played":"6862740641640923296","potions_obtained":[{"floor":1.0,"key":"SpeedPotion"},{"floor":2.0,"key":"Dexterity Potion"}],"is_trial":false,"path_per_floor":["M","?","$","T","M","R","E","R","T","M","R","E","$","E","R","B",null,"M","$","M","?","M","R","M","?","T","?","R","$","E"],"character_chosen":"WATCHER","items_purchased":["Ragnarok","Vengeance","Pray"],"campfire_rested":0,"item_purchase_floors":[3,19,19],"current_hp_per_floor":[61,61,61,61,61,61,61,61,68,64,64,47,47,47,47,28,68,68,68,57,36,27,27,21,21,21,21,21,21,0,0],"gold":52,"neow_bonus":"THREE_ENEMY_KILL","is_daily":false,"chose_seed":false,"campfire_upgraded":6,"win_rate":0.0,"timestamp":1610541896,"path_taken":["M","?","$","?","M","R","E","R","T","M","R","E","$","E","R","BOSS","M","$","M","?","M","R","M","?","T","?","R","$","E"],"items_purchased_type":["Card","Card","Card"],"build_version":"2020-12-22","purchased_purges":2,"victory":false,"max_hp_per_floor":[68,68,68,68,68,68,68,68,75,75,75,75,75,75,75,75,80,80,80,80,80,80,80,80,80,80,80,80,80,80,80],"card_choices":[{"not_picked":["Nirvana","FollowUp","Fasting2"],"picked":"SKIP","floor":1.0},{"not_picked":["FollowUp","Crescendo"],"picked":"CarveReality","floor":5.0},{"not_picked":["WreathOfFlame","FlurryOfBlows"],"picked":"Adaptation","floor":7.0},{"not_picked":["Halt","CrushJoints","CutThroughFate"],"picked":"SKIP","floor":10.0},{"not_picked":["Wish","WindmillStrike","Weave"],"picked":"SKIP","floor":12.0},{"not_picked":["FlurryOfBlows","Meditate"],"picked":"MentalFortress","floor":14.0},{"not_picked":["WindmillStrike","Fasting2"],"picked":"EmptyBody","floor":17.0},{"not_picked":["Adaptation+1","BowlingBash"],"picked":"MentalFortress","floor":18.0},{"not_picked":["Perseverance","MentalFortress","JustLucky"],"picked":"SKIP","floor":20},{"not_picked":["Vengeance","ClearTheMind"],"picked":"Prostrate","floor":22},{"not_picked":["WreathOfFlame","Consecrate"],"picked":"InnerPeace","floor":24}],"player_experience":769267,"relics_obtained":[{"floor":4.0,"key":"Boot"},{"floor":7.0,"key":"Matryoshka"},{"floor":9.0,"key":"Strawberry"},{"floor":9.0,"key":"Regal Pillow"},{"floor":12.0,"key":"Toy Ornithopter"},{"floor":14.0,"key":"Damaru"},{"floor":21,"key":"Enchiridion"},{"floor":26,"key":"Potion Belt"},{"floor":26,"key":"Frozen Egg 2"}],"event_choices":[{"damage_healed":0.0,"max_hp_gain":0.0,"max_hp_loss":0.0,"gold_gain":0.0,"event_name":"The Woman in Blue","player_choice":"Bought 1 Potion","floor":2.0,"gold_loss":0.0,"damage_taken":0.0},{"damage_healed":0,"gold_gain":0,"player_choice":"Obtained Book","damage_taken":21,"max_hp_gain":0,"max_hp_loss":0,"event_name":"Cursed Tome","floor":21,"gold_loss":0},{"cards_removed":["Defend_P"],"damage_healed":0,"gold_gain":0,"player_choice":"Elegance","damage_taken":0,"max_hp_gain":0,"max_hp_loss":0,"event_name":"Back to Basics","floor":27,"gold_loss":0}],"is_beta":false,"boss_relics":[{"not_picked":["Fusion Hammer","Snecko Eye"],"picked":"Tiny House"}],"items_purged_floors":[13,19],"is_endless":false,"potions_floor_spawned":[1,12,14,16,22],"killed_by":"Slavers","ascension_level":20}}