{"host":"1ekl8hlbnopmdapi","time":1610572819,"event":{"mods":["AchievementEnabler","BaseMod","Colored Map","Colored Powertips","DeckTracker","Googly Eyes","Highlight Path","Minty Spire (QoL Compilation)","Relic Sorter","StSLib"],"gold_per_floor":[11,11,31,0,0,0,13,13,13,52,71,95,119,119,119,250,250,268,293,208,208,231,231,267,267,267],"floor_reached":25,"language":"ENG","playtime":744,"items_purged":[],"score":301,"play_id":"dd638132-95fb-4e18-8da4-63d0f7d31781","local_time":"20210113162019","is_ascension_mode":true,"campfire_choices":[{"floor":6,"key":"REST"},{"floor":8,"key":"REST"},{"floor":15,"key":"RECALL"},{"floor":23,"key":"REST"}],"circlet_count":0,"master_deck":["Strike_B+1","Strike_B","Strike_B","Defend_B","Defend_B","Defend_B","Zap+1","Dualcast","Injury","White Noise","Ball Lightning","Heatsinks+1","Melter","Core Surge","Conserve Battery","Parasite","Electrodynamics+1","FTL","Stack","Auto Shields"],"relics":["Cracked Core","Golden Idol","Frozen Egg 2","TungstenRod","SlaversCollar","Lantern","Nunchaku","InkBottle"],"acts_visited":["Exordium","TheCity"],"potions_floor_usage":[12,25,25,25],"damage_taken":[{"damage":2,"enemies":"Jaw Worm","floor":1,"turns":3},{"damage":9,"enemies":"Small Slimes","floor":3,"turns":3},{"damage":15,"enemies":"2 Louse","floor":7,"turns":3},{"damage":25,"enemies":"Lagavulin","floor":10,"turns":5},{"damage":0,"enemies":"Large Slime","floor":11,"turns":3},{"damage":6,"enemies":"2 Fungi Beasts","floor":12,"turns":4},{"damage":13,"enemies":"3 Louse","floor":13,"turns":3},{"damage":17,"enemies":"Slime Boss","floor":16,"turns":6},{"damage":5,"enemies":"Spheric Guardian","floor":18,"turns":3},{"damage":0,"enemies":"3 Byrds","floor":19,"turns":2},{"damage":25,"enemies":"Centurion and Healer","floor":22,"turns":5},{"damage":45,"enemies":"Gremlin Leader","floor":24,"turns":6},{"damage":19,"enemies":"Snecko","floor":25,"turns":4}],"seed_played":"-1940416479063186391","potions_obtained":[{"floor":1,"key":"FearPotion"},{"floor":11,"key":"Weak Potion"},{"floor":12,"key":"Dexterity Potion"},{"floor":13,"key":"Block Potion"},{"floor":16,"key":"Block Potion"}],"is_trial":false,"path_per_floor":["M","?","M","?","?","R","M","R","T","E","M","M","M","?","R","B",null,"M","M","?","?","M","R","E","M"],"character_chosen":"DEFECT","items_purchased":[],"campfire_rested":3,"item_purchase_floors":[],"current_hp_per_floor":[66,66,57,57,42,64,49,71,71,46,46,40,27,45,45,28,63,58,58,58,58,33,55,10,0,0],"gold":267,"neow_bonus":"REMOVE_TWO","is_daily":false,"chose_seed":false,"campfire_upgraded":0,"win_rate":0.0,"timestamp":1610572819,"path_taken":["M","?","M","?","?","R","M","R","T","E","M","M","M","?","R","BOSS","M","M","?","?","M","R","E","M"],"items_purchased_type":[],"build_version":"2020-12-22","purchased_purges":0,"victory":false,"max_hp_per_floor":[75,75,75,75,75,75,75,75,75,75,75,75,75,75,75,75,75,75,75,75,75,75,75,75,75,75],"card_choices":[{"not_picked":["Skim","Undo","Turbo"],"picked":"SKIP","floor":1},{"not_picked":["Reinforced Body","Static Discharge"],"picked":"White Noise","floor":3},{"not_picked":["Fusion","Compile Driver"],"picked":"Ball Lightning","floor":7},{"not_picked":["Compile Driver","Sweeping Beam"],"picked":"Heatsinks+1","floor":10},{"not_picked":["Conserve Battery","Leap"],"picked":"Melter","floor":11},{"not_picked":["Coolheaded","Chaos"],"picked":"Core Surge","floor":12},{"not_picked":["Cold Snap","Chill"],"picked":"Conserve Battery","floor":13},{"not_picked":["Biased Cognition+1","Seek"],"picked":"Electrodynamics+1","floor":16},{"not_picked":["Genetic Algorithm+1","Beam Cell"],"picked":"FTL","floor":18},{"not_picked":["Blizzard","Scrape"],"picked":"Stack","floor":19},{"not_picked":["Sweeping Beam+1","Go for the Eyes","Reprogram"],"picked":"SKIP","floor":22},{"not_picked":["Tempest","Doom and Gloom"],"picked":"Auto Shields","floor":24}],"player_experience":444307,"relics_obtained":[{"floor":9,"key":"Frozen Egg 2"},{"floor":10,"key":"TungstenRod"},{"floor":24,"key":"InkBottle"}],"event_choices":[{"damage_healed":0,"gold_gain":0,"player_choice":"Take Wound","damage_taken":0,"relics_obtained":["Golden Idol"],"max_hp_gain":0,"max_hp_loss":0,"event_name":"Golden Idol","floor":2,"gold_loss":0,"cards_obtained":["Injury"]},{"damage_healed":0,"gold_gain":0,"player_choice":"Left Gold","damage_taken":0,"max_hp_gain":0,"max_hp_loss":0,"event_name":"World of Goop","floor":4,"gold_loss":31},{"damage_healed":0,"gold_gain":0,"player_choice":"Entered Light","damage_taken":15,"max_hp_gain":0,"max_hp_loss":0,"event_name":"Shining Light","floor":5,"gold_loss":0,"cards_upgraded":["Zap","Strike_B"]},{"damage_healed":18,"gold_gain":0,"player_choice":"Healed and dodged fight","damage_taken":0,"max_hp_gain":0,"max_hp_loss":0,"event_name":"Mushrooms","floor":14,"gold_loss":0,"cards_obtained":["Parasite"]},{"damage_healed":0,"gold_gain":0,"player_choice":"Obtained Relic","damage_taken":0,"relics_obtained":["Lantern"],"max_hp_gain":0,"max_hp_loss":0,"event_name":"Addict","floor":20,"gold_loss":85},{"damage_healed":0,"gold_gain":0,"player_choice":"Opened","damage_taken":0,"relics_obtained":["Nunchaku"],"max_hp_gain":0,"max_hp_loss":0,"event_name":"The Mausoleum","floor":21,"gold_loss":0}],"is_beta":false,"boss_relics":[{"not_picked":["Tiny House","Ectoplasm"],"picked":"SlaversCollar"}],"items_purged_floors":[],"is_endless":false,"potions_floor_spawned":[1,11,12,13,16,22],"killed_by":"Snecko","ascension_level":7}}