{"host":"gndxudri6ebovps6","time":1610562899,"event":{"mods":["AchievementEnabler","Act Like it!","Aspiration","BaseMod","Better Altar","Better Match","Better Note","Better Sensory Stone","Better Skull","Better Vampires","BetterRewards","Block Reminder","Conspire","GifTheSpireLib","Hubris","Infinite Spire","Marked Mod","Minty Spire (QoL Compilation)","Pale of the Ancients","Quick Restart","Replay The Spire","Shop Mod","Spicy Shops","Spikes Relics","StSLib","Stuff the Spire","The Cursed","The Disciple","The Judge","The Necromancer","everything is the same but u backflip on backflip","vexMod"],"gold_per_floor":[113,131,150,163,83,83,83,83],"floor_reached":7,"language":"ENG","playtime":379,"items_purged":[],"score":43,"play_id":"b448ad8d-24ad-403d-8fb1-78efabb08444","local_time":"20210113163459","is_ascension_mode":false,"campfire_choices":[{"data":"Facsimile","floor":6.0,"key":"SMITH"}],"circlet_count":0,"master_deck":["Strike_Br","Strike_Br","Strike_Br","Strike_Br","Defend_Br","Defend_Br","Defend_Br","Defend_Br","SecondHand","PatternShift","Allegro","Adagio","TickedOff","LockedOrichalcum","Facsimile+1"],"relics":["Chronometer","aspiration:Nostalgia","Sizzling Blood"],"acts_visited":["Exordium"],"potions_floor_usage":[],"damage_taken":[{"damage":16.0,"enemies":"infinitespire:Voidling","floor":1.0,"turns":7.0},{"damage":4.0,"enemies":"Cultist","floor":2.0,"turns":4.0},{"damage":3.0,"enemies":"Jaw Worm","floor":3.0,"turns":4.0},{"damage":0.0,"enemies":"Large Slime","floor":4.0,"turns":5.0},{"damage":0,"enemies":"Lagavulin","floor":7,"turns":1}],"seed_played":"7000005660815886229","potions_obtained":[{"floor":2.0,"key":"BlessingOfTheForge"},{"floor":3.0,"key":"FearPotion"}],"is_trial":false,"path_per_floor":["M","M","M","M","$","R","E"],"character_chosen":"CHRONO_CLASS","items_purchased":["Facsimile"],"campfire_rested":0,"item_purchase_floors":[5],"current_hp_per_floor":[67,67,68,69,69,69,69,69],"gold":83,"neow_bonus":"NOSTALGIA","is_daily":false,"chose_seed":false,"campfire_upgraded":1,"win_rate":0.0,"timestamp":1610562899,"path_taken":["M","?","M","M","?","R","E"],"items_purchased_type":["Card"],"build_version":"2020-12-22","purchased_purges":0,"victory":false,"max_hp_per_floor":[69,69,69,69,69,69,69,69],"card_choices":[{"not_picked":["CrunchTime","SlimeSpray"],"picked":"Tempo","floor":1.0},{"not_picked":["HandsUpB","HandsUpC"],"picked":"Tempo","floor":2.0},{"not_picked":["LockedBlood","LockedWhetstone"],"picked":"TickedOff","floor":3.0},{"not_picked":["Engulf","Stagnate"],"picked":"LockedOrichalcum","floor":4.0}],"player_experience":505068,"relics_obtained":[],"event_choices":[],"is_beta":false,"boss_relics":[],"items_purged_floors":[],"is_endless":false,"potions_floor_spawned":[2,3],"killed_by":"Lagavulin","ascension_level":0}}