{"host":"Qube","time":1610507714,"event":{"mods":["AchievementEnabler","BaseMod","Colored Map","Colored Powertips","Minty Spire (QoL Compilation)","Quick Restart","Random Character Button","StSLib"],"gold_per_floor":[109,109,125,148,172,172,203,203,251,228,240,240],"floor_reached":11,"language":"ENG","playtime":323,"items_purged":[],"score":142,"play_id":"c72584f9-82f6-4679-b80d-8ee3dfd6bf8e","local_time":"20210112191514","is_ascension_mode":true,"campfire_choices":[{"data":"Disarm","floor":6,"key":"SMITH"},{"floor":8,"key":"REST"}],"circlet_count":0,"master_deck":["AscendersBane","Strike_R","Strike_R","Strike_R","Strike_R","Strike_R","Defend_R","Defend_R","Defend_R","Defend_R","Bash","Sever Soul","Disarm+1","Evolve","Power Through","Offering"],"relics":["Burning Blood","Golden Idol","Letter Opener","MawBank"],"acts_visited":["Exordium"],"potions_floor_usage":[4,7],"damage_taken":[{"damage":5.0,"enemies":"Small Slimes","floor":1.0,"turns":4.0},{"damage":4.0,"enemies":"2 Louse","floor":3.0,"turns":4.0},{"damage":0,"enemies":"Cultist","floor":4,"turns":3},{"damage":16,"enemies":"Large Slime","floor":5,"turns":4},{"damage":31,"enemies":"Gremlin Nob","floor":7,"turns":4},{"damage":21,"enemies":"3 Sentries","floor":11,"turns":4}],"seed_played":"6865972698390967368","potions_obtained":[{"floor":1.0,"key":"Strength Potion"},{"floor":3.0,"key":"DuplicationPotion"},{"floor":7,"key":"SpeedPotion"}],"is_trial":false,"path_per_floor":["M","?","M","M","M","R","E","R","T","?","E"],"character_chosen":"IRONCLAD","items_purchased":[],"campfire_rested":1,"item_purchase_floors":[],"current_hp_per_floor":[76,48,50,56,46,46,21,45,45,65,44,44],"gold":240,"neow_bonus":"TEN_PERCENT_HP_BONUS","is_daily":false,"chose_seed":false,"campfire_upgraded":1,"win_rate":0.0,"timestamp":1610507714,"path_taken":["M","?","M","M","M","R","E","R","T","?","E"],"items_purchased_type":[],"build_version":"2020-12-18","purchased_purges":0,"victory":false,"max_hp_per_floor":[82,82,82,82,82,82,82,82,82,82,82,82],"card_choices":[{"not_picked":["Dropkick","Anger"],"picked":"Sever Soul","floor":1.0},{"not_picked":["Cleave","Thunderclap"],"picked":"Disarm","floor":3.0},{"not_picked":["Flex","Clash"],"picked":"Evolve","floor":4},{"not_picked":["Havoc","Cleave"],"picked":"Power Through","floor":5},{"not_picked":["Thunderclap","Exhume"],"picked":"Offering","floor":7}],"player_experience":885310,"relics_obtained":[{"floor":7,"key":"Letter Opener"},{"floor":9,"key":"MawBank"}],"event_choices":[{"damage_healed":0.0,"max_hp_gain":0.0,"max_hp_loss":0.0,"gold_gain":0.0,"event_name":"Golden Idol","player_choice":"Take Damage","floor":2.0,"gold_loss":0.0,"damage_taken":28.0,"relics_obtained":["Golden Idol"]},{"damage_healed":20,"gold_gain":0,"player_choice":"Healed","damage_taken":0,"max_hp_gain":0,"max_hp_loss":0,"event_name":"The Cleric","floor":10,"gold_loss":35}],"is_beta":true,"boss_relics":[],"items_purged_floors":[],"is_endless":false,"potions_floor_spawned":[1,3,7],"killed_by":"3 Sentries","ascension_level":19}}