{"host":"nlowmoq7gy18n72d","time":1610561134,"event":{"mods":["BaseMod","Colored Powertips","Conspire","Downfall","Hermit","Highlight Path","Infinite Spire","Jorbs\u0027s Wanderer Trilogy","Minty Spire (QoL Compilation)","Replay The Spire","StSLib","The Cursed"],"gold_per_floor":[99,84,100,14,28,13,38,73,87,117,292,309,309,309,329,431,431,206,224,255,267,279,316,381,405,405,405],"floor_reached":25,"language":"ENG","playtime":1235,"items_purged":["Guardian:Strike_Guardian"],"score":263,"play_id":"bd050e1d-683d-49dc-bd98-ea823c96bf7d","local_time":"20210113210534","is_ascension_mode":true,"campfire_choices":[{"floor":1,"key":"RECALL"},{"data":"Guardian:CurlUp","floor":18,"key":"SMITH"}],"circlet_count":0,"master_deck":["Guardian:Strike_Guardian","Guardian:Strike_Guardian","Guardian:Defend_Guardian","Guardian:Defend_Guardian","Guardian:Defend_Guardian","Guardian:Defend_Guardian","Guardian:CurlUp+1","Guardian:TwinSlam","Guardian:ShieldCharger","Guardian:Recover","Guardian:BronzeOrb","Guardian:FloatingOrbs","Guardian:GuardianWhirl","Guardian:ChargeUp","Guardian:ShieldSpikes","Guardian:MultiBeam","Guardian:DonusPower","Guardian:Gem_Cyan","Guardian:Gem_Orange","Guardian:Gem_Orange","Guardian:StasisField","Replay:UnknownCurse","Guardian:FastForward","infinitespire:FutureSight","Dark Shackles","Guardian:Planning","Guardian:Gem_Green","infinitespire:Fortify"],"relics":["Guardian:ModeShifter","infinitespire:PuzzleCube","Akabeko","ReplayTheSpireMod:SealedPack","downfall:HeartBlessingRed","downfall:HeartBlessingGreen","downfall:HeartBlessingBlue","MawBank","Mirror","infinitespire:Eraser","Guardian:PickAxe"],"acts_visited":["Exordium","TheCity"],"potions_floor_usage":[4,10,16,16,23,25],"damage_taken":[{"damage":0,"enemies":"downfall:FleeingMerchant","floor":2,"turns":4},{"damage":2,"enemies":"Cultist","floor":3,"turns":4},{"damage":0,"enemies":"downfall:FleeingMerchant","floor":4,"turns":4},{"damage":9,"enemies":"Jaw Worm","floor":5,"turns":4},{"damage":11,"enemies":"downfall:FleeingMerchant","floor":6,"turns":4},{"damage":15,"enemies":"Replay:BlueRogue","floor":8,"turns":6},{"damage":0,"enemies":"Small Slimes","floor":9,"turns":4},{"damage":12,"enemies":"Lagavulin","floor":10,"turns":9},{"damage":0,"enemies":"Red Slaver","floor":12,"turns":3},{"damage":2,"enemies":"2 Fungi Beasts","floor":15,"turns":2},{"damage":22,"enemies":"downfall:Silent","floor":16,"turns":6},{"damage":2,"enemies":"Shell Parasite","floor":19,"turns":7},{"damage":34,"enemies":"conspire:MimicChest","floor":20,"turns":7},{"damage":11,"enemies":"Slavers","floor":23,"turns":6},{"damage":62,"enemies":"conspire:Head Lice","floor":25,"turns":5}],"seed_played":"4418599196814307834","potions_obtained":[{"floor":3,"key":"Fire Potion"},{"floor":5,"key":"Languid Potion"},{"floor":10,"key":"GamblersBrew"},{"floor":15,"key":"Death Potion"},{"floor":16,"key":"BlessingOfTheForge"},{"floor":19,"key":"SpeedPotion"},{"floor":20,"key":"SpeedPotion"}],"is_trial":false,"path_per_floor":["R","$","M","$","M","$","T","E","M","E","?","M","?","?","M","B",null,"R","M","?","?","AVR","E","T","E"],"character_chosen":"GUARDIAN","items_purchased":["Guardian:FloatingOrbs"],"campfire_rested":0,"item_purchase_floors":[4],"current_hp_per_floor":[88,88,86,86,77,66,66,51,51,39,39,39,39,39,37,15,88,98,96,62,62,62,51,51,0,0,0],"gold":405,"neow_bonus":"TEN_PERCENT_HP_BONUS","is_daily":false,"chose_seed":false,"campfire_upgraded":1,"win_rate":0.0,"timestamp":1610561134,"path_taken":["R","?","?","$","M","$","T","E","M","E","?","M","?","?","M","BOSS","R","M","?","?","AVR","E","T","E"],"items_purchased_type":["Card"],"build_version":"2020-12-22","purchased_purges":1,"victory":false,"max_hp_per_floor":[88,88,88,88,88,88,88,88,88,88,88,88,88,88,88,88,88,98,98,98,98,98,98,98,98,98,98],"card_choices":[{"not_picked":["Guardian:RefractedBeam","Guardian:Emergency"],"picked":"Guardian:ShieldCharger","floor":2},{"not_picked":["Guardian:TimeCapacitor","Guardian:Gem_Fragmented"],"picked":"Guardian:Recover","floor":3},{"not_picked":["Guardian:ShieldCharger","Guardian:Reroute"],"picked":"Guardian:BronzeOrb","floor":4},{"not_picked":["Guardian:ArmoredProtocol","Guardian:Recover"],"picked":"Guardian:GuardianWhirl","floor":5},{"not_picked":["Guardian:SphericShield","Guardian:RollAttack"],"picked":"Guardian:ChargeUp","floor":6},{"not_picked":["Guardian:Preprogram","Guardian:PrimingBeam"],"picked":"Guardian:ShieldSpikes","floor":8},{"not_picked":["Guardian:Suspension","Guardian:PrismaticBarrier"],"picked":"Guardian:MultiBeam","floor":9},{"not_picked":["Guardian:Emergency","Guardian:Suspension"],"picked":"Guardian:DonusPower","floor":10},{"not_picked":["Guardian:Gem_Purple","Guardian:PrimingBeam"],"picked":"Guardian:Gem_Cyan","floor":12},{"not_picked":["Guardian:MultiBeam","Guardian:PolyBeam","Guardian:Gem_Fragmented"],"picked":"SKIP","floor":15},{"not_picked":["Guardian:FierceBash","Guardian:Gem_Orange"],"picked":"Guardian:StasisField","floor":16},{"not_picked":["Guardian:ConstructionForm","Guardian:StasisField"],"picked":"Guardian:FastForward","floor":17},{"not_picked":["infinitespire:SevenWalls","infinitespire:UltimateForm"],"picked":"infinitespire:FutureSight","floor":17},{"not_picked":["Jack Of All Trades","Swift Strike"],"picked":"Dark Shackles","floor":17},{"not_picked":["Guardian:Harden","Guardian:Gem_Cyan"],"picked":"Guardian:Planning","floor":19},{"not_picked":["Guardian:Emergency+1","Guardian:PrismaticBarrier"],"picked":"Guardian:Gem_Green","floor":20},{"not_picked":["Guardian:Emergency","Guardian:PrimingBeam","Guardian:RefractedBeam"],"picked":"SKIP","floor":23}],"player_experience":645134,"relics_obtained":[{"floor":8,"key":"infinitespire:PuzzleCube"},{"floor":10,"key":"Akabeko"},{"floor":20,"key":"MawBank"},{"floor":23,"key":"infinitespire:Eraser"},{"floor":24,"key":"Guardian:PickAxe"}],"event_choices":[{"cards_removed":["Guardian:Strike_Guardian"],"damage_healed":0,"gold_gain":0,"player_choice":"Offered Basic","damage_taken":0,"max_hp_gain":0,"max_hp_loss":0,"event_name":"Bonfire Elementals","floor":21,"gold_loss":0}],"is_beta":false,"boss_relics":[{"not_picked":["Snecko Eye","Velvet Choker"],"picked":"ReplayTheSpireMod:SealedPack"}],"items_purged_floors":[22],"is_endless":false,"potions_floor_spawned":[3,5,10,15,16,19,20],"killed_by":"conspire:Head Lice","ascension_level":1}}