{"host":"jggt5i9rbuoqvque","time":1610564384,"event":{"mods":["BaseMod","Colored Map","Minty Spire (QoL Compilation)","StSLib"],"gold_per_floor":[110,126,301,376,12,12,43,43,55,83,117,149,173,197,209,320,332,355,115,115,134,144,144,144,144],"floor_reached":24,"language":"KOR","playtime":674,"items_purged":["Doubt","Strike_R"],"score":301,"play_id":"d448c78a-4f92-4c02-bc0a-75703cbe03c5","local_time":"20210114035944","is_ascension_mode":true,"campfire_choices":[{"data":"Armaments","floor":6.0,"key":"SMITH"},{"data":"Spot Weakness","floor":15.0,"key":"SMITH"},{"data":"Heavy Blade","floor":23,"key":"SMITH"}],"circlet_count":0,"master_deck":["Strike_R","Strike_R","Strike_R","Strike_R","Defend_R","Defend_R","Defend_R","Defend_R","Bash","Cleave","Armaments+1","Spot Weakness+1","Flame Barrier","Battle Trance+1","Demon Form","Heavy Blade+1"],"relics":["Black Blood","NeowsBlessing","Chemical X","InkBottle","MawBank","Toxic Egg 2","Odd Mushroom","ClockworkSouvenir"],"acts_visited":["Exordium","TheCity"],"potions_floor_usage":[24],"damage_taken":[{"damage":0.0,"enemies":"Jaw Worm","floor":1.0,"turns":1.0},{"damage":0.0,"enemies":"2 Louse","floor":2.0,"turns":1.0},{"damage":0.0,"enemies":"Lagavulin","floor":7.0,"turns":2.0},{"damage":6.0,"enemies":"Cultist","floor":10.0,"turns":3.0},{"damage":6.0,"enemies":"The Mushroom Lair","floor":11.0,"turns":4.0},{"damage":17.0,"enemies":"Looter","floor":12.0,"turns":3.0},{"damage":6.0,"enemies":"Red Slaver","floor":13.0,"turns":5.0},{"damage":1.0,"enemies":"Exordium Wildlife","floor":14.0,"turns":5.0},{"damage":33.0,"enemies":"The Guardian","floor":16.0,"turns":10.0},{"damage":49.0,"enemies":"2 Thieves","floor":18.0,"turns":4.0},{"damage":29,"enemies":"Shell Parasite","floor":21,"turns":8},{"damage":24,"enemies":"Centurion and Healer","floor":22,"turns":7},{"damage":44,"enemies":"Book of Stabbing","floor":24,"turns":3}],"seed_played":"-3297214154951643756","potions_obtained":[{"floor":10.0,"key":"FearPotion"},{"floor":11.0,"key":"ColorlessPotion"},{"floor":12.0,"key":"Swift Potion"},{"floor":13.0,"key":"Block Potion"},{"floor":22,"key":"Energy Potion"}],"is_trial":false,"path_per_floor":["M","M","?","?","$","R","E","T","T","M","?","M","M","M","R","B",null,"M","$","?","M","M","R","E"],"character_chosen":"IRONCLAD","items_purchased":["Spot Weakness","Chemical X","Flame Barrier","ClockworkSouvenir"],"campfire_rested":0,"item_purchase_floors":[5,5,5,19],"current_hp_per_floor":[78,80,80,69,69,69,75,75,75,75,75,64,64,69,69,42,71,34,34,60,43,31,31,0,0],"gold":144,"neow_bonus":"THREE_ENEMY_KILL","is_daily":false,"chose_seed":false,"campfire_upgraded":3,"win_rate":0.0,"timestamp":1610564384,"path_taken":["M","M","?","?","?","R","E","?","T","M","?","M","M","?","R","BOSS","M","$","?","M","M","R","E"],"items_purchased_type":["Card","Relic","Card","Relic"],"build_version":"2020-12-22","purchased_purges":2,"victory":false,"max_hp_per_floor":[80,80,80,80,80,80,80,80,80,80,80,80,80,80,80,80,80,80,80,80,80,80,80,80,80],"card_choices":[{"not_picked":["Thunderclap","Disarm"],"picked":"Cleave","floor":1.0},{"not_picked":["Cleave","Dropkick"],"picked":"Armaments","floor":2.0},{"not_picked":["Clothesline","Anger","Armaments"],"picked":"SKIP","floor":7.0},{"not_picked":["Shockwave+1","Rage+1"],"picked":"Battle Trance+1","floor":10.0},{"not_picked":["Clothesline","Wild Strike","Disarm+1"],"picked":"SKIP","floor":12.0},{"not_picked":["Sword Boomerang","Pommel Strike","Wild Strike"],"picked":"SKIP","floor":13.0},{"not_picked":["Iron Wave","Armaments+1","Wild Strike"],"picked":"SKIP","floor":14.0},{"not_picked":["Exhume+1","Limit Break+1"],"picked":"Demon Form","floor":16.0},{"not_picked":["Infernal Blade+1","Flex+1","Twin Strike"],"picked":"SKIP","floor":18.0},{"not_picked":["Sword Boomerang","Intimidate+1"],"picked":"Heavy Blade","floor":21},{"not_picked":["Havoc+1","Flex+1","Intimidate+1"],"picked":"SKIP","floor":22}],"player_experience":328848,"relics_obtained":[{"floor":7.0,"key":"InkBottle"},{"floor":8.0,"key":"MawBank"},{"floor":9.0,"key":"Toxic Egg 2"},{"floor":11.0,"key":"Odd Mushroom"}],"event_choices":[{"damage_healed":0.0,"max_hp_gain":0.0,"max_hp_loss":0.0,"gold_gain":175.0,"event_name":"Liars Game","player_choice":"AGREE","floor":3.0,"gold_loss":0.0,"damage_taken":0.0,"cards_obtained":["Doubt"]},{"damage_healed":0.0,"max_hp_gain":0.0,"max_hp_loss":0.0,"gold_gain":75.0,"event_name":"World of Goop","player_choice":"Gather Gold","floor":4.0,"gold_loss":0.0,"damage_taken":11.0},{"damage_healed":0.0,"max_hp_gain":0.0,"max_hp_loss":0.0,"gold_gain":0.0,"event_name":"Mushrooms","player_choice":"Fought Mushrooms","floor":11.0,"gold_loss":0.0,"damage_taken":0.0},{"damage_healed":26.0,"max_hp_gain":0.0,"max_hp_loss":0.0,"gold_gain":0.0,"event_name":"The Library","player_choice":"Heal","floor":20.0,"gold_loss":0.0,"damage_taken":0.0}],"is_beta":false,"boss_relics":[{"not_picked":["Philosopher\u0027s Stone","Tiny House"],"picked":"Black Blood"}],"items_purged_floors":[5,19],"is_endless":false,"potions_floor_spawned":[10,11,12,13,22],"killed_by":"Book of Stabbing","ascension_level":7}}