{"host":"i0avyit1s6jb1siw","time":1610561290,"event":{"mods":["BaseMod","DeckTracker","Dota2Spire","Highlight Path","Minty Spire (QoL Compilation)","Quick Restart","StSLib","SuperFastMode"],"gold_per_floor":[116,191,191,209,91,118,118,131,131,131,142,67,67,96,96,96,96],"floor_reached":16,"language":"ENG","playtime":257,"items_purged":["Strike_G"],"score":266,"play_id":"b73874d3-60a1-4fb4-965c-fb2ba51298bb","local_time":"20210113190810","is_ascension_mode":true,"campfire_choices":[{"data":"Deadly Poison","floor":7,"key":"SMITH"},{"data":"Bane","floor":10,"key":"SMITH"},{"data":"Noxious Fumes","floor":13,"key":"SMITH"},{"floor":15,"key":"REST"}],"circlet_count":0,"master_deck":["AscendersBane","Strike_G","Strike_G","Strike_G","Defend_G","Defend_G","Defend_G","Defend_G","Defend_G","Survivor","Neutralize","Quick Slash","Deadly Poison+1","Noxious Fumes+1","Bane+1"],"relics":["Ring of the Snake","NeowsBlessing","CaptainsWheel","Gremlin Horn","Du-Vu Doll"],"acts_visited":["Exordium"],"potions_floor_usage":[11,14,16],"damage_taken":[{"damage":0,"enemies":"2 Louse","floor":1,"turns":1},{"damage":0,"enemies":"Small Slimes","floor":4,"turns":1},{"damage":0,"enemies":"Lagavulin","floor":6,"turns":1},{"damage":0,"enemies":"Cultist","floor":8,"turns":3},{"damage":2,"enemies":"Exordium Wildlife","floor":11,"turns":5},{"damage":32,"enemies":"3 Sentries","floor":14,"turns":11},{"damage":50,"enemies":"Slime Boss","floor":16,"turns":7}],"seed_played":"-1222370616828865428","potions_obtained":[{"floor":4,"key":"SneckoOil"},{"floor":8,"key":"DistilledChaos"},{"floor":14,"key":"Dota2Spire:HealingSalve"}],"is_trial":false,"path_per_floor":["M","?","?","M","$","E","R","M","T","R","M","?","R","E","R","B"],"character_chosen":"THE_SILENT","items_purchased":["Noxious Fumes"],"campfire_rested":1,"item_purchase_floors":[5],"current_hp_per_floor":[59,48,53,53,53,53,53,53,53,53,51,51,51,19,40,0,0],"gold":96,"neow_bonus":"THREE_ENEMY_KILL","is_daily":false,"chose_seed":false,"campfire_upgraded":3,"win_rate":0.0,"timestamp":1610561290,"path_taken":["M","?","?","M","$","E","R","M","T","R","M","?","R","E","R","BOSS"],"items_purchased_type":["Card"],"build_version":"2020-12-22","purchased_purges":1,"victory":false,"max_hp_per_floor":[66,66,71,71,71,71,71,71,71,71,71,71,71,71,71,71,71],"card_choices":[{"not_picked":["Prepared","Backflip"],"picked":"Quick Slash","floor":1},{"not_picked":["Slice","Acrobatics"],"picked":"Deadly Poison","floor":4},{"not_picked":["Dodge and Roll","Deflect","Cloak And Dagger"],"picked":"SKIP","floor":6},{"not_picked":["Quick Slash","Acrobatics"],"picked":"Bane","floor":8},{"not_picked":["Setup","Skewer","Distraction"],"picked":"SKIP","floor":11},{"not_picked":["Flying Knee","Bane","Storm of Steel"],"picked":"SKIP","floor":14}],"player_experience":2227943,"relics_obtained":[{"floor":6,"key":"CaptainsWheel"},{"floor":9,"key":"Gremlin Horn"},{"floor":14,"key":"Du-Vu Doll"}],"event_choices":[{"damage_healed":0,"gold_gain":75,"player_choice":"Gather Gold","damage_taken":11,"max_hp_gain":0,"max_hp_loss":0,"event_name":"World of Goop","floor":2,"gold_loss":0},{"damage_healed":0,"gold_gain":0,"player_choice":"Donut","damage_taken":0,"max_hp_gain":5,"max_hp_loss":0,"event_name":"Big Fish","floor":3,"gold_loss":0},{"cards_removed":["Strike_G"],"damage_healed":0,"gold_gain":0,"player_choice":"Card Removal","damage_taken":0,"max_hp_gain":0,"max_hp_loss":0,"event_name":"The Cleric","floor":12,"gold_loss":75}],"is_beta":false,"boss_relics":[],"items_purged_floors":[5],"is_endless":false,"potions_floor_spawned":[4,8,14],"killed_by":"Slime Boss","ascension_level":20}}