{"host":"yvncskwfyqnc3wqi","time":1610572267,"event":{"mods":["2.2 Compatiblity","AchievementEnabler","Act Like it!","Bartender","BaseMod","Friendly Minions","Gensokyo","KinomotoSakuraMod(????)","Kiyohime????","Marisa????????","Minty Spire (QoL Compilation)","Nova Terra(??·??)","Permanent Neow","Prisma Mod","Railgun Mod","Reimu??????","Remove Card Discount Mod","Shade Mod","Shop Mod","StSLib","Td1madao Mod","The Alterego","The Disciple","The Gatherer","The Marked","The Runesmith","The Servant 0.9.4","TheFirefly","TheSwordswoman","TheVelvet","Waifu the Spire","WarShipGirlsR/????R mod","Yakumo Yukari mod","Yohane!","Yuri Mod"],"gold_per_floor":[119,219,232,243,258,286,301,334,334,334,354,372,155,167,167,266,266,278,266,122,122,122,122,122,122],"floor_reached":24,"language":"ENG","playtime":1632,"items_purged":[],"score":210,"play_id":"774b173f-1c97-401a-8032-67c9ae704ccd","local_time":"20210113211107","is_ascension_mode":false,"campfire_choices":[{"floor":10,"key":"RECALL"},{"floor":15,"key":"REST"},{"floor":23,"key":"REST"}],"circlet_count":0,"master_deck":["rmod:strick","rmod:strick","rmod:strick","rmod:strick","rmod:defend","rmod:defend","rmod:defend","rmod:defend","rmod:basicallowance","rmod:maingunfire","rmod:aluminumsupply","rmod:unsinkable","rmod:advancebysurprise","rmod:fuelsupply","rmod:wolves","rmod:ammunitionsupply","rmod:supportescort","rmod:diamondstrike","rmod:launchingtorpedo","rmod:mineteam","rmod:lastglory","rmod:expeditionaryescort","rmod:abidefaith","rmod:expedition+1","rmod:intelligenceanalysis"],"relics":["Unceasing Top","Boot","rmod:mogul","ClockworkSouvenir","Letter Opener"],"acts_visited":["Exordium","TheCity"],"potions_floor_usage":[6,8,8,16,19],"damage_taken":[{"damage":0,"enemies":"Jaw Worm","floor":1,"turns":4},{"damage":0,"enemies":"Cultist","floor":3,"turns":3},{"damage":2,"enemies":"Small Slimes","floor":4,"turns":4},{"damage":5,"enemies":"Blue Slaver","floor":5,"turns":3},{"damage":22,"enemies":"Gremlin Nob","floor":6,"turns":5},{"damage":6,"enemies":"Red Slaver","floor":7,"turns":2},{"damage":19,"enemies":"3 Sentries","floor":8,"turns":9},{"damage":3,"enemies":"Looter","floor":11,"turns":3},{"damage":3,"enemies":"Lots of Slimes","floor":12,"turns":3},{"damage":15,"enemies":"Exordium Wildlife","floor":14,"turns":4},{"damage":53,"enemies":"The Guardian","floor":16,"turns":11},{"damage":38,"enemies":"3 Byrds","floor":18,"turns":6},{"damage":41,"enemies":"2 Thieves","floor":19,"turns":4},{"damage":39,"enemies":"Book of Stabbing","floor":24,"turns":3}],"seed_played":"-3578040975100147722","potions_obtained":[{"floor":3,"key":"Regen Potion"},{"floor":4,"key":"Regen Potion"},{"floor":6,"key":"GrandPatriotsElixir:ReiMu"},{"floor":8,"key":"ZuzhouPotion:ReiMu"},{"floor":18,"key":"Weak Potion"}],"is_trial":false,"path_per_floor":["M","?","M","M","M","E","M","E","T","R","M","M","$","M","R","B",null,"M","M","$","?","T","R","E"],"character_chosen":"PRAEFECT","items_purchased":["rmod:mineteam","rmod:lastglory","ClockworkSouvenir"],"campfire_rested":2,"item_purchase_floors":[13,13,20],"current_hp_per_floor":[82,82,82,80,75,64,58,54,54,54,51,48,48,33,57,4,82,44,3,3,3,3,27,0,0],"gold":122,"neow_bonus":"TEN_PERCENT_HP_BONUS","is_daily":false,"chose_seed":false,"campfire_upgraded":0,"win_rate":0.0,"timestamp":1610572267,"path_taken":["M","?","?","M","M","E","M","E","T","R","M","M","$","?","R","BOSS","M","M","?","?","?","R","E"],"items_purchased_type":["Card","Card","Relic"],"build_version":"2020-12-22","purchased_purges":0,"victory":false,"max_hp_per_floor":[82,82,82,82,82,82,82,82,82,82,82,82,82,82,82,82,82,82,82,82,82,82,82,82,82],"card_choices":[{"not_picked":["rmod:fletcherpendant","rmod:goodsister"],"picked":"rmod:aluminumsupply","floor":1},{"not_picked":["rmod:diamondstrike","rmod:circuitoustactics"],"picked":"rmod:unsinkable","floor":3},{"not_picked":["rmod:rockthrower","rmod:firesupport"],"picked":"rmod:advancebysurprise","floor":4},{"not_picked":["rmod:victimresponsibility","rmod:sl"],"picked":"rmod:fuelsupply","floor":5},{"not_picked":["rmod:fletcherpendant","rmod:combined"],"picked":"rmod:wolves","floor":6},{"not_picked":["rmod:aluminumsupply","rmod:fuelsupply"],"picked":"rmod:ammunitionsupply","floor":7},{"not_picked":["rmod:diamondstrike","rmod:slowdown"],"picked":"rmod:supportescort","floor":8},{"not_picked":["rmod:fletcherpendant","rmod:unsinkable"],"picked":"rmod:diamondstrike","floor":11},{"not_picked":["rmod:aviationdawn","rmod:rockthrower"],"picked":"rmod:launchingtorpedo","floor":12},{"not_picked":["rmod:wolves","rmod:combined"],"picked":"rmod:expeditionaryescort","floor":14},{"not_picked":["rmod:saltedfish","rmod:ridicule"],"picked":"rmod:abidefaith","floor":16},{"not_picked":["rmod:luckystar","rmod:steelsupply"],"picked":"rmod:expedition+1","floor":18},{"not_picked":["rmod:aviationdawn","rmod:robin"],"picked":"rmod:intelligenceanalysis","floor":19}],"player_experience":433637,"relics_obtained":[{"floor":6,"key":"Unceasing Top"},{"floor":8,"key":"Boot"},{"floor":22,"key":"Letter Opener"}],"event_choices":[{"damage_healed":0,"gold_gain":100,"player_choice":"Pray","damage_taken":0,"max_hp_gain":0,"max_hp_loss":0,"event_name":"Golden Shrine","floor":2,"gold_loss":0},{"damage_healed":0,"gold_gain":0,"player_choice":"Ignored","damage_taken":0,"max_hp_gain":0,"max_hp_loss":0,"event_name":"Cursed Tome","floor":21,"gold_loss":0}],"is_beta":false,"boss_relics":[{"not_picked":["Sozu","Busted Crown"],"picked":"rmod:mogul"}],"items_purged_floors":[],"is_endless":false,"potions_floor_spawned":[3,4,6,8,18],"killed_by":"Book of Stabbing","ascension_level":0}}