{"host":"pnw33a014vs8wril","time":1610578959,"event":{"mods":["BaseMod","Downfall","Highlight Path","Minty Spire (QoL Compilation)","StSLib"],"gold_per_floor":[99,118,198,198,298,315,315,326,359,359,359,379,217,230,245,350,350,350,368,368,368,380,415,439,453,471,471,482,508,433,213,232,331,331,631,651,651,670,680,707,734,734,745,412,444,95,105,134,152,152],"floor_reached":51,"language":"ENG","playtime":4711,"items_purged":["Guardian:Strike_Guardian","Guardian:Strike_Guardian+1"],"score":945,"play_id":"3051d14c-8967-4d0b-a5b1-2329c0a7fcf7","local_time":"20210114000239","is_ascension_mode":true,"campfire_choices":[{"data":"expansioncontent:QuickStudy","floor":1,"key":"SMITH"},{"floor":11,"key":"REST"},{"data":"Guardian:DecasProtection","floor":18,"key":"SMITH"},{"data":"Guardian:CurlUp","floor":30,"key":"SMITH"},{"floor":35,"key":"RECALL"}],"circlet_count":0,"master_deck":["Guardian:Strike_Guardian+1","Guardian:Strike_Guardian+1","Guardian:Defend_Guardian+1","Guardian:Defend_Guardian+1","Guardian:Defend_Guardian+1","Guardian:Defend_Guardian+1","Guardian:CurlUp+1","Guardian:TwinSlam","expansioncontent:QuickStudy+1","Guardian:Recover","Guardian:Clone","Guardian:SentryBeam","Guardian:FloatingOrbs","Guardian:DecasProtection+1","Guardian:FloatingOrbs","Guardian:SphericShield","Guardian:PiercingHide","Guardian:Aged","Guardian:Orbwalk","Guardian:Orbwalk","Guardian:Orbwalk+1","Guardian:ChargeUp","Guardian:TimeCapacitor","Guardian:GemFinder","Guardian:Gem_Cyan","Guardian:Gem_Cyan","Guardian:Aged","Guardian:Gem_Cyan","Guardian:SpikerProtocol+1","Guardian:Orbwalk+1","Regret","Guardian:Gem_Synthetic","Guardian:Gem_Fragmented","Guardian:Gem_White","Guardian:FloatingOrbs","Guardian:BronzeOrb","Guardian:Suspension+1"],"relics":["Guardian:ModeShifter","Kunai","Darkstone Periapt","downfall:GremlinWheel","InkBottle","Ancient Tea Set","Cursed Key","HornCleat","Blue Candle","downfall:HeartBlessingBlue","Black Star","Guardian:StasisEgg","Pantograph","Orichalcum","PreservedInsect","Bronze Scales","Incense Burner","Guardian:DefensiveModeMoreBlock","Strange Spoon","Omamori","Guardian:PickAxe"],"acts_visited":["Exordium","TheCity","TheBeyond"],"potions_floor_usage":[5,29,39,39,39,50],"damage_taken":[{"damage":0,"enemies":"Cultist","floor":2,"turns":3},{"damage":12,"enemies":"Cultist","floor":5,"turns":5},{"damage":0,"enemies":"2 Louse","floor":6,"turns":3},{"damage":10,"enemies":"Small Slimes","floor":8,"turns":4},{"damage":6,"enemies":"Gremlin Nob","floor":9,"turns":5},{"damage":8,"enemies":"Red Slaver","floor":12,"turns":3},{"damage":0,"enemies":"downfall:FleeingMerchant","floor":13,"turns":4},{"damage":0,"enemies":"Large Slime","floor":14,"turns":6},{"damage":5,"enemies":"3 Louse","floor":15,"turns":2},{"damage":7,"enemies":"downfall:Silent","floor":16,"turns":6},{"damage":0,"enemies":"Spheric Guardian","floor":19,"turns":3},{"damage":0,"enemies":"Shell Parasite","floor":22,"turns":4},{"damage":0,"enemies":"Book of Stabbing","floor":23,"turns":5},{"damage":7,"enemies":"Shelled Parasite and Fungi","floor":25,"turns":5},{"damage":0,"enemies":"Snake Plant","floor":26,"turns":4},{"damage":0,"enemies":"Centurion and Healer","floor":28,"turns":5},{"damage":16,"enemies":"Slavers","floor":29,"turns":6},{"damage":1,"enemies":"downfall:FleeingMerchant","floor":31,"turns":4},{"damage":1,"enemies":"Snecko","floor":32,"turns":4},{"damage":28,"enemies":"downfall:Ironclad","floor":33,"turns":6},{"damage":5,"enemies":"Orb Walker","floor":36,"turns":5},{"damage":10,"enemies":"3 Shapes","floor":38,"turns":4},{"damage":12,"enemies":"Maw","floor":39,"turns":7},{"damage":4,"enemies":"Giant Head","floor":40,"turns":7},{"damage":34,"enemies":"4 Shapes","floor":43,"turns":5},{"damage":7,"enemies":"Nemesis","floor":45,"turns":7},{"damage":2,"enemies":"downfall:FleeingMerchant","floor":46,"turns":4},{"damage":1,"enemies":"Spire Growth","floor":47,"turns":4},{"damage":2,"enemies":"Giant Head","floor":48,"turns":6},{"damage":12,"enemies":"Writhing Mass","floor":49,"turns":6},{"damage":14,"enemies":"downfall:Defect","floor":50,"turns":7}],"seed_played":"1509341039588771438","potions_obtained":[{"floor":2,"key":"CultistPotion"},{"floor":12,"key":"Weak Potion"},{"floor":16,"key":"LiquidMemories"},{"floor":19,"key":"Block Potion"},{"floor":22,"key":"DuplicationPotion"},{"floor":29,"key":"ColorlessPotion"},{"floor":39,"key":"ColorlessPotion"},{"floor":40,"key":"DistilledChaos"},{"floor":43,"key":"Weak Potion"},{"floor":45,"key":"PowerPotion"}],"is_trial":false,"path_per_floor":["R","M","T","?","?","M","T","M","E","?","R","M","$","M","M","B",null,"R","M","?","?","M","E","T","M","M","?","M","E","R","$","M","B",null,"R","M","?","M","M","E","T","?","M","?","E","$","M","E","M","B",null],"character_chosen":"GUARDIAN","items_purchased":["Guardian:Gem_Fragmented","Guardian:ChargeUp","Guardian:TimeCapacitor","Guardian:FloatingOrbs","Guardian:DefensiveModeMoreBlock","Strange Spoon"],"campfire_rested":1,"item_purchase_floors":[13,31,31,46,46,46],"current_hp_per_floor":[56,56,56,31,19,19,19,9,3,29,53,45,45,45,40,33,80,80,80,80,80,80,80,86,79,79,62,62,46,56,55,54,26,101,101,96,102,92,80,76,82,82,48,127,120,118,117,115,103,113],"gold":152,"neow_bonus":"RANDOM_COLORLESS_2","is_daily":false,"chose_seed":false,"campfire_upgraded":3,"win_rate":0.0,"timestamp":1610578959,"path_taken":["R","?","?","?","?","?","T","M","E","?","R","M","$","M","M","BOSS","R","M","?","?","M","E","T","M","?","?","M","E","R","$","M","BOSS","R","M","?","M","M","E","T","?","?","?","E","$","M","E","M","BOSS"],"items_purchased_type":["Card","Card","Card","Card","Relic","Relic"],"build_version":"2020-12-22","purchased_purges":2,"victory":true,"max_hp_per_floor":[80,80,80,80,80,80,80,80,80,80,80,80,80,80,80,80,80,80,80,80,80,80,80,86,86,86,91,91,91,101,101,101,101,101,101,101,107,107,107,107,113,113,113,127,127,127,127,127,127,127],"card_choices":[{"not_picked":["HandOfGreed","Thinking Ahead"],"picked":"expansioncontent:QuickStudy","floor":0},{"not_picked":["Guardian:PiercingHide","Guardian:ShieldCharger"],"picked":"Guardian:Recover","floor":2},{"not_picked":["Guardian:Reroute","Guardian:GuardianWhirl","Guardian:RefractedBeam"],"picked":"SKIP","floor":6},{"not_picked":["Guardian:Gem_Cyan","Guardian:BaubleBeam"],"picked":"Guardian:Clone","floor":8},{"not_picked":["Guardian:Reroute","Guardian:Gem_Blue"],"picked":"Guardian:SentryBeam","floor":9},{"not_picked":["Guardian:EvasiveProtocol","Guardian:Reroute"],"picked":"Guardian:FloatingOrbs","floor":12},{"not_picked":["Guardian:VentSteam","Guardian:Gem_Crimson","Guardian:Gem_Red"],"picked":"SKIP","floor":13},{"not_picked":["Guardian:Suspension","Guardian:Reroute"],"picked":"Guardian:DecasProtection","floor":14},{"not_picked":["Guardian:VentSteam","Guardian:ShieldCharger"],"picked":"Guardian:FloatingOrbs","floor":15},{"not_picked":["Guardian:FastForward","Guardian:ConstructionForm"],"picked":"Guardian:SphericShield","floor":16},{"not_picked":["Guardian:Gem_Green","Guardian:WalkerClaw"],"picked":"Guardian:PiercingHide","floor":19},{"not_picked":["Guardian:PrimingBeam","Guardian:TemporalShield+1","Guardian:Preprogram"],"picked":"SKIP","floor":22},{"not_picked":["Guardian:Repulse","Guardian:SentryBeam+1"],"picked":"Guardian:Gem_White","floor":23},{"not_picked":["Guardian:Planning+1","Guardian:Preprogram","Guardian:BronzeOrb"],"picked":"SKIP","floor":25},{"not_picked":["Guardian:Gem_Blue","Guardian:Gem_Red"],"picked":"Guardian:Orbwalk","floor":26},{"not_picked":["Guardian:CrystalBeam","Guardian:ShieldCharger"],"picked":"Guardian:Orbwalk","floor":28},{"not_picked":["Guardian:Reroute","Guardian:Suspension","Guardian:CrystalBeam+1"],"picked":"SKIP","floor":29},{"not_picked":["Guardian:PrismaticBarrier+1","Guardian:TemporalShield"],"picked":"Guardian:Orbwalk+1","floor":31},{"not_picked":["Guardian:GuardianWhirl","Guardian:Recover","Guardian:CrystalBeam"],"picked":"SKIP","floor":32},{"not_picked":["Guardian:StasisStrike","Guardian:HyperBeam_Guardian"],"picked":"Guardian:GemFinder","floor":33},{"not_picked":["Guardian:Gem_Green","Guardian:Gem_Red"],"picked":"Guardian:Gem_Cyan","floor":36},{"not_picked":["Guardian:RollAttack+1","Guardian:CrystalBeam"],"picked":"Guardian:Gem_Cyan","floor":36},{"not_picked":["Guardian:Gem_Green","Guardian:Gem_Lightblue"],"picked":"Guardian:Gem_Cyan","floor":38},{"not_picked":["Guardian:Gem_Blue","Guardian:CrystalBeam+1"],"picked":"Guardian:SpikerProtocol+1","floor":38},{"not_picked":["Guardian:Recover","Guardian:Gem_Green","Guardian:TemporalStrike+1"],"picked":"SKIP","floor":39},{"not_picked":["Guardian:Preprogram+1","Guardian:TimeCapacitor"],"picked":"Guardian:Orbwalk+1","floor":40},{"not_picked":["Guardian:Harden+1","Guardian:Gem_Green"],"picked":"Guardian:Gem_Synthetic","floor":43},{"not_picked":["Guardian:Gem_Lightblue","Guardian:TimeBomb"],"picked":"Guardian:Gem_Fragmented","floor":45},{"not_picked":["Guardian:ArmoredProtocol+1","Guardian:ChargeUp"],"picked":"Guardian:Gem_White","floor":46},{"not_picked":["Guardian:PrimingBeam","Guardian:Gem_Lightblue"],"picked":"Guardian:BronzeOrb","floor":47},{"not_picked":["Guardian:PiercingHide+1","Guardian:TemporalShield"],"picked":"Guardian:Suspension+1","floor":48},{"not_picked":["Guardian:TemporalShield+1","Guardian:HyperBeam_Guardian","Guardian:TemporalStrike"],"picked":"SKIP","floor":49}],"player_experience":923609,"relics_obtained":[{"floor":3,"key":"Kunai"},{"floor":5,"key":"downfall:GremlinWheel"},{"floor":7,"key":"InkBottle"},{"floor":9,"key":"Ancient Tea Set"},{"floor":23,"key":"HornCleat"},{"floor":29,"key":"Blue Candle"},{"floor":40,"key":"Pantograph"},{"floor":40,"key":"Orichalcum"},{"floor":41,"key":"PreservedInsect"},{"floor":45,"key":"Bronze Scales"},{"floor":45,"key":"Incense Burner"},{"floor":48,"key":"Omamori"},{"floor":48,"key":"Guardian:PickAxe"}],"event_choices":[{"damage_healed":0,"gold_gain":0,"player_choice":"Success","damage_taken":25,"relics_obtained":["Darkstone Periapt"],"max_hp_gain":0,"max_hp_loss":0,"event_name":"Scrap Ooze","floor":4,"gold_loss":0},{"damage_healed":26,"gold_gain":0,"player_choice":"Banana","damage_taken":0,"max_hp_gain":0,"max_hp_loss":0,"event_name":"Big Fish","floor":10,"gold_loss":0},{"damage_healed":0,"gold_gain":0,"player_choice":"Simplicity","damage_taken":0,"max_hp_gain":0,"max_hp_loss":0,"event_name":"Back to Basics","floor":20,"gold_loss":0,"cards_upgraded":["Guardian:Strike_Guardian","Guardian:Strike_Guardian","Guardian:Strike_Guardian","Guardian:Defend_Guardian","Guardian:Defend_Guardian","Guardian:Defend_Guardian","Guardian:Defend_Guardian"]},{"damage_healed":0,"gold_gain":0,"player_choice":"Ignored","damage_taken":0,"max_hp_gain":0,"max_hp_loss":0,"event_name":"NoteForYourself","floor":21,"gold_loss":0},{"damage_healed":0,"gold_gain":300,"player_choice":"Gold","damage_taken":0,"max_hp_gain":0,"max_hp_loss":0,"event_name":"Wheel of Change","floor":35,"gold_loss":0}],"is_beta":false,"boss_relics":[{"not_picked":["Tiny House","Runic Pyramid"],"picked":"Cursed Key"},{"not_picked":["Pandora\u0027s Box","Empty Cage"],"picked":"Black Star"}],"items_purged_floors":[13,31],"is_endless":false,"potions_floor_spawned":[2,12,16,19,22,23,29,32,39,40,43,45],"ascension_level":1}}