{"host":"ds1yr10zonoc6w4a","time":1610514193,"event":{"mods":["BaseMod","Better Match","Better Third Choice","BetterRewards","Energized Spire","Minty Spire (QoL Compilation)","StSLib","The Animator"],"gold_per_floor":[112,92,7,25,0,0,20,20,20,20,20,47,47,66,66,140,140,155,155,165,183,183,183,193,193,193,227,240,275,275,287,287,362,362,385,607,620,620,132,132,132,132,132,160,160,175,175,186,186,186,186,186,452,452,452],"floor_reached":54,"language":"ENG","playtime":5935,"items_purged":["animator:Strike","animator:Strike","animator:Strike_OnePunchMan"],"score":1862,"play_id":"d9ba47df-54e4-489b-963b-ae3f3e6006d7","local_time":"20210112220313","is_ascension_mode":true,"campfire_choices":[{"data":"animator:MumenRider","floor":6,"key":"SMITH"},{"data":"animator:ChaikaBohdan","floor":8,"key":"SMITH"},{"data":"animator:MetalKnight","floor":15,"key":"SMITH"},{"data":"animator:Melzalgald","floor":23,"key":"SMITH"},{"data":"animator:ZankiKiguchi","floor":25,"key":"SMITH"},{"data":"animator:PinaCoLada","floor":32,"key":"SMITH"},{"data":"animator:Ara","floor":40,"key":"SMITH"},{"floor":47,"key":"RECALL"},{"data":"animator:Mikaela","floor":49,"key":"SMITH"},{"data":"animator:Spearman","floor":52,"key":"SMITH"}],"circlet_count":0,"master_deck":["AscendersBane","animator:Defend_OnePunchMan","animator:Genos","animator:MumenRider","animator:ChaikaBohdan","animator:ZankiKiguchi","Enlightenment","animator:TsurugaMeisai","animator:MetalKnight","animator:Geryuganshoop","animator:HigakiRinne","animator:DolaCouronne","animator:Melzalgald","animator:Sebas","animator:MetalKnight","animator:DolaRiku","animator:Yuuichirou","animator:PinaCoLada","animator:Ara","animator:Spearman","animator:Ainz","animator:Sonic","animator:Verdia","animator:LizardPriest","animator:Kazuma","animator:DolaStephanie","animator:Emonzaemon","animator:Nanami","animator:Mikaela"],"relics":["animator:TheEgnaroPiece","animator:LivingPicture","animator:TheMissingPiece","Philosopher\u0027s Stone"],"acts_visited":["Exordium","TheCity","TheBeyond","TheEnding","EYB:TheUnnamedReign"],"potions_floor_usage":[4,12,16,16,27,41,42,44],"damage_taken":[{"damage":0,"enemies":"Jaw Worm","floor":1,"turns":3},{"damage":0,"enemies":"Cultist","floor":4,"turns":2},{"damage":0,"enemies":"2 Louse","floor":7,"turns":2},{"damage":0,"enemies":"Red Slaver","floor":12,"turns":2},{"damage":0,"enemies":"Large Slime","floor":14,"turns":3},{"damage":43,"enemies":"Hexaghost","floor":16,"turns":10},{"damage":29,"enemies":"Chosen","floor":18,"turns":5},{"damage":0,"enemies":"3 Byrds","floor":20,"turns":3},{"damage":6,"enemies":"Snecko","floor":21,"turns":5},{"damage":0,"enemies":"Cultist and Chosen","floor":24,"turns":3},{"damage":14,"enemies":"Slavers","floor":27,"turns":4},{"damage":1,"enemies":"Shelled Parasite and Fungi","floor":28,"turns":2},{"damage":0,"enemies":"Masked Bandits","floor":29,"turns":3},{"damage":0,"enemies":"Chosen and Byrds","floor":31,"turns":2},{"damage":3,"enemies":"Automaton","floor":33,"turns":5},{"damage":0,"enemies":"3 Darklings","floor":35,"turns":3},{"damage":0,"enemies":"Orb Walker","floor":37,"turns":2},{"damage":4,"enemies":"3 Darklings","floor":41,"turns":4},{"damage":1,"enemies":"Writhing Mass","floor":42,"turns":5},{"damage":0,"enemies":"Nemesis","floor":44,"turns":3},{"damage":8,"enemies":"Spire Growth","floor":46,"turns":3},{"damage":0,"enemies":"Jaw Worm Horde","floor":48,"turns":3},{"damage":0,"enemies":"Awakened One","floor":50,"turns":7},{"damage":50,"enemies":"animator:TRIPLE_SHAPES_WEAK","floor":54,"turns":8}],"seed_played":"1461518330266699579","potions_obtained":[{"floor":1,"key":"Explosive Potion"},{"floor":2,"key":"GamblersBrew"},{"floor":7,"key":"SteroidPotion"},{"floor":14,"key":"SpeedPotion"},{"floor":18,"key":"animator:GrowthPotion"},{"floor":24,"key":"Energy Potion"},{"floor":27,"key":"GamblersBrew"},{"floor":29,"key":"SteroidPotion"},{"floor":41,"key":"LiquidMemories"},{"floor":42,"key":"SpeedPotion"},{"floor":46,"key":"SkillPotion"}],"is_trial":false,"path_per_floor":["M","?","$","M","?","R","M","R","T","?","?","M","?","M","R","B",null,"M","?","M","M","?","R","M","R","T","E","M","?","?","M","R","B",null,"M","?","M","?","$","R","M","M","T","E","?","M","R","M","R","B",null,"R","??","M"],"character_chosen":"THE_ANIMATOR","items_purchased":["Anchor","Mercury Hourglass","Calipers","Toxic Egg 2","animator:LizardPriest+1","InkBottle","animator:Kazuma+1"],"campfire_rested":0,"item_purchase_floors":[0,0,3,3,39,39,39],"current_hp_per_floor":[54,54,54,54,60,60,63,63,63,56,47,50,50,54,54,14,54,28,28,31,28,28,28,31,31,31,20,22,25,25,28,28,28,57,57,57,60,60,60,60,59,61,61,71,71,74,74,74,74,74,74,74,80,0,0],"gold":452,"neow_bonus":"","is_daily":false,"chose_seed":false,"campfire_upgraded":9,"win_rate":0.0,"timestamp":1610514193,"path_taken":["M","?","$","?","?","R","M","R","T","?","?","?","?","M","R","BOSS","M","?","M","M","?","R","M","R","T","E","M","?","?","M","R","BOSS","M","?","M","?","$","R","M","?","T","E","?","M","R","?","R","BOSS","R","??","M"],"items_purchased_type":["Relic","Relic","Relic","Relic","Card","Relic","Card"],"build_version":"2020-12-22","purchased_purges":3,"victory":false,"max_hp_per_floor":[60,60,60,60,66,66,66,66,66,66,66,66,66,67,67,67,67,67,67,67,67,67,67,67,67,67,67,67,67,67,67,67,67,67,67,67,67,67,67,67,67,67,67,74,74,74,74,74,74,74,74,74,80,40,40],"card_choices":[{"not_picked":["animator:Souei","animator:Geryuganshoop"],"picked":"animator:ZankiKiguchi","floor":1},{"not_picked":["animator:Elsword","animator:Yoichi+1"],"picked":"animator:Aqua+1","floor":4},{"not_picked":["animator:MamiTomoe","animator:Genos"],"picked":"animator:TsurugaMeisai+1","floor":7},{"not_picked":["animator:MumenRider","animator:Sonic+1"],"picked":"animator:MetalKnight","floor":12},{"not_picked":["animator:Bozes","animator:Shuna+1"],"picked":"animator:Geryuganshoop+1","floor":14},{"not_picked":["animator:Wiz+1","animator:PinaCoLada"],"picked":"animator:HigakiRinne+1","floor":16},{"not_picked":["animator:Geryuganshoop+1","animator:Sloth"],"picked":"animator:DolaCouronne+1","floor":18},{"not_picked":["animator:Nanami+1","animator:Lu"],"picked":"animator:Sebas+1","floor":20},{"not_picked":["animator:Geryuganshoop+1","animator:MumenRider"],"picked":"animator:MetalKnight","floor":21},{"not_picked":["animator:Hakurou","animator:Priestess+1"],"picked":"animator:DolaRiku+1","floor":24},{"not_picked":["animator:Nanami+1","animator:ChlammyZell+1"],"picked":"animator:Yuuichirou","floor":27},{"not_picked":["animator:Shuna+1","animator:RinTohsaka+1"],"picked":"animator:PinaCoLada","floor":28},{"not_picked":["animator:Mitsurugi","animator:Tatsumaki+1"],"picked":"animator:Ara","floor":29},{"not_picked":["animator:GuildGirl","animator:CowGirl+1"],"picked":"animator:Spearman","floor":31},{"not_picked":["animator:ItamiYouji","animator:AcuraShin"],"picked":"animator:Ainz","floor":33},{"not_picked":["animator:Fredrika+1","animator:TukaLunaMarceau+1"],"picked":"animator:Sonic+1","floor":35},{"not_picked":["animator:Raven","animator:DolaSchwi"],"picked":"animator:Verdia+1","floor":37},{"not_picked":["animator:YaoHaDucy","animator:Raven"],"picked":"animator:Father+1","floor":41},{"not_picked":["animator:DolaCouronne+1","animator:Tet+1"],"picked":"animator:DolaStephanie+1","floor":42},{"not_picked":["animator:EmiyaShirou+1","animator:Priestess+1"],"picked":"animator:Eris+1","floor":44},{"not_picked":["animator:Darkness","animator:Hitei+1"],"picked":"animator:Nanami+1","floor":46},{"not_picked":["animator:Ara","animator:Tet+1"],"picked":"animator:Mikaela","floor":48}],"player_experience":743344,"relics_obtained":[{"floor":9,"key":"PreservedInsect"},{"floor":27,"key":"Bag of Preparation"},{"floor":29,"key":"Red Mask"},{"floor":43,"key":"Ornamental Fan"},{"floor":44,"key":"Strawberry"},{"floor":53,"key":"animator:TheEgnaroPiece"}],"event_choices":[{"damage_healed":0,"gold_gain":0,"player_choice":"Bought 1 Potion","damage_taken":0,"max_hp_gain":0,"max_hp_loss":0,"event_name":"The Woman in Blue","floor":2,"gold_loss":0},{"damage_healed":0,"gold_gain":0,"player_choice":"RENOUNCE","damage_taken":25,"max_hp_gain":0,"max_hp_loss":0,"event_name":"betterThird:BetterSerpent","floor":5,"gold_loss":25,"cards_obtained":["Enlightenment"]},{"cards_removed":["animator:Strike"],"damage_healed":0,"gold_gain":0,"player_choice":"Card Removal","damage_taken":7,"max_hp_gain":0,"max_hp_loss":0,"event_name":"Golden Wing","floor":10,"gold_loss":0},{"damage_healed":0,"gold_gain":0,"player_choice":"Damaged","damage_taken":9,"max_hp_gain":0,"max_hp_loss":0,"event_name":"Wheel of Change","floor":11,"gold_loss":0},{"cards_removed":["animator:Defend"],"damage_healed":0,"gold_gain":0,"player_choice":"Forget","damage_taken":0,"max_hp_gain":0,"max_hp_loss":0,"event_name":"Living Wall","floor":13,"gold_loss":0},{"damage_healed":0,"gold_gain":0,"player_choice":"Read","damage_taken":0,"max_hp_gain":0,"max_hp_loss":0,"event_name":"The Library","floor":19,"gold_loss":0,"cards_obtained":["animator:Melzalgald"]},{"cards_removed":["animator:Defend"],"damage_healed":0,"gold_gain":0,"player_choice":"Elegance","damage_taken":0,"max_hp_gain":0,"max_hp_loss":0,"event_name":"betterThird:BetterWriting","floor":22,"gold_loss":0},{"damage_healed":0,"gold_gain":0,"player_choice":"Fought Bandits","damage_taken":0,"max_hp_gain":0,"max_hp_loss":0,"event_name":"Masked Bandits","floor":29,"gold_loss":0},{"cards_removed":["animator:Defend"],"damage_healed":0,"gold_gain":0,"player_choice":"Purged","damage_taken":0,"max_hp_gain":0,"max_hp_loss":0,"event_name":"Purifier","floor":30,"gold_loss":0},{"damage_healed":0,"gold_gain":222,"player_choice":"Wore Mask","damage_taken":0,"max_hp_gain":0,"max_hp_loss":0,"event_name":"Tomb of Lord Red Mask","floor":36,"gold_loss":0},{"damage_healed":0,"gold_gain":0,"player_choice":"Forge","damage_taken":0,"max_hp_gain":0,"max_hp_loss":0,"event_name":"Accursed Blacksmith","floor":38,"gold_loss":0,"cards_upgraded":["animator:Yuuichirou"]},{"damage_healed":0,"gold_gain":0,"cards_transformed":["animator:Aqua"],"player_choice":"Transformed","damage_taken":0,"max_hp_gain":0,"max_hp_loss":0,"event_name":"Transmorgrifier","floor":45,"gold_loss":0,"cards_obtained":["animator:Emonzaemon"]}],"is_beta":false,"boss_relics":[{"not_picked":["Coffee Dripper","Sozu"],"picked":"energizedSpire:DeadBattery"},{"not_picked":["Cursed Key","Black Star"],"picked":"energizedSpire:EnergizedDie"}],"items_purged_floors":[0,3,39],"is_endless":false,"potions_floor_spawned":[1,7,14,18,24,27,29,41,42,46],"killed_by":"animator:TRIPLE_SHAPES_WEAK","ascension_level":19}}