{"host":"sum4dy402bbv9y4o","time":1610561912,"event":{"mods":["Aspiration","BaseMod","Conspire","Highlight Path","Minty Spire (QoL Compilation)","StSLib"],"gold_per_floor":[119,130,130,144,144,144,175,188,188,204,204,40,40,55,55,126,126,136,35,54,70,82,82,82],"floor_reached":23,"language":"ENG","playtime":733,"items_purged":["Strike_P"],"score":490,"play_id":"b7dd82ae-49b3-4652-a945-62dcd88d0f89","local_time":"20210113211832","is_ascension_mode":true,"campfire_choices":[{"data":"BowlingBash","floor":6,"key":"SMITH"},{"data":"SashWhip","floor":11,"key":"SMITH"},{"data":"MentalFortress","floor":13,"key":"SMITH"},{"floor":15,"key":"REST"}],"circlet_count":0,"master_deck":["AscendersBane","Strike_P","Strike_P","Defend_P","Defend_P","Defend_P","Eruption+1","Vigilance","Scrawl","LikeWater","BowlingBash+1","EmptyFist","FollowUp","MentalFortress+1","Tantrum","SashWhip+1","CarveReality","SpiritShield","Tantrum","Halt","Halt","EmptyBody","EmptyBody"],"relics":["PureWater","aspiration:Lifesprig","Juzu Bracelet","ClockworkSouvenir"],"acts_visited":["Exordium","TheCity"],"potions_floor_usage":[7,8,18,20,23,23],"damage_taken":[{"damage":0,"enemies":"Jaw Worm","floor":1,"turns":6},{"damage":0,"enemies":"Cultist","floor":2,"turns":2},{"damage":2,"enemies":"Small Slimes","floor":4,"turns":3},{"damage":10,"enemies":"Lagavulin","floor":7,"turns":5},{"damage":0,"enemies":"2 Fungi Beasts","floor":8,"turns":2},{"damage":3,"enemies":"3 Louse","floor":10,"turns":3},{"damage":24,"enemies":"Exordium Wildlife","floor":14,"turns":2},{"damage":0,"enemies":"Slime Boss","floor":16,"turns":6},{"damage":1,"enemies":"3 Byrds","floor":18,"turns":3},{"damage":0,"enemies":"Spheric Guardian","floor":20,"turns":2},{"damage":4,"enemies":"Shelled Parasite and Fungi","floor":21,"turns":5},{"damage":6,"enemies":"Centurion and Healer","floor":22,"turns":4},{"damage":51,"enemies":"Book of Stabbing","floor":23,"turns":5}],"seed_played":"-6728688576291796001","potions_obtained":[{"floor":2,"key":"Weak Potion"},{"floor":4,"key":"Explosive Potion"},{"floor":7,"key":"LiquidBronze"},{"floor":16,"key":"ColorlessPotion"},{"floor":18,"key":"SpeedPotion"},{"floor":21,"key":"PowerPotion"}],"is_trial":false,"path_per_floor":["M","M","?","M","?","R","E","M","T","M","R","$","R","M","R","B",null,"M","$","M","M","M","E"],"character_chosen":"WATCHER","items_purchased":["ClockworkSouvenir","Halt"],"campfire_rested":1,"item_purchase_floors":[12,19],"current_hp_per_floor":[61,61,61,59,59,59,49,49,49,46,46,46,46,22,40,40,57,56,56,56,52,46,0,0],"gold":82,"neow_bonus":"TRANSFORM_TWO_CARDS","is_daily":false,"chose_seed":false,"campfire_upgraded":3,"win_rate":0.0,"timestamp":1610561912,"path_taken":["M","M","?","?","?","R","E","M","T","M","R","$","R","M","R","BOSS","M","$","M","M","M","E"],"items_purchased_type":["Relic","Card"],"build_version":"2020-12-22","purchased_purges":1,"victory":false,"max_hp_per_floor":[62,62,62,62,62,62,62,62,62,62,62,62,62,62,62,62,62,62,62,62,62,62,62,62],"card_choices":[{"not_picked":["FollowUp","FlyingSleeves"],"picked":"BowlingBash","floor":1},{"not_picked":["Wireheading","Evaluate"],"picked":"EmptyFist","floor":2},{"not_picked":["EmptyBody","FlyingSleeves"],"picked":"FollowUp","floor":4},{"not_picked":["ConjureBlade","Prostrate"],"picked":"MentalFortress","floor":7},{"not_picked":["Indignation","FollowUp"],"picked":"Tantrum","floor":8},{"not_picked":["EmptyFist","FollowUp"],"picked":"SashWhip","floor":10},{"not_picked":["Vengeance","BowlingBash"],"picked":"CarveReality","floor":14},{"not_picked":["Omniscience","Devotion"],"picked":"SpiritShield","floor":16},{"not_picked":["Meditate","FollowUp"],"picked":"Tantrum","floor":18},{"not_picked":["Tantrum+1","PathToVictory"],"picked":"Halt","floor":20},{"not_picked":["PathToVictory","CrushJoints"],"picked":"EmptyBody","floor":21},{"not_picked":["Crescendo+1","WheelKick"],"picked":"EmptyBody","floor":22}],"player_experience":2936202,"relics_obtained":[{"floor":7,"key":"aspiration:Lifesprig"},{"floor":9,"key":"Juzu Bracelet"}],"event_choices":[{"damage_healed":0,"gold_gain":0,"player_choice":"Upgraded","damage_taken":0,"max_hp_gain":0,"max_hp_loss":0,"event_name":"Upgrade Shrine","floor":3,"gold_loss":0,"cards_upgraded":["Eruption"]}],"is_beta":false,"boss_relics":[{"not_picked":["Runic Dome","Velvet Choker","Philosopher\u0027s Stone"]}],"items_purged_floors":[19],"is_endless":false,"potions_floor_spawned":[2,4,7,16,18,21,22],"killed_by":"Book of Stabbing","ascension_level":20}}