{"host":"2xjkbrmvrd7iq7pu","time":1610540518,"event":{"mods":["AchievementEnabler","Act Like it!","Arknights The Spire","BaseMod","Downfall","Gensokyo","Gremlin Mod","GungeonMod","KinomotoSakuraMod(ƒæ÷Æ±æ”£)","Lobotomy","Marisa£®ÏF”Í°°ƒß¿Ì…≥£©","Minty Spire (QoL Compilation)","Reimu£®≤©¿ˆ¡È√Œ£©","Replay The Spire","StSLib","The Bug Knight","The Cursed","Yakumo Yukari mod"],"gold_per_floor":[117,192,202,8,8,8,42,42,124,24,24,44,56,81,81,191,191,191,191,66,66,66,66,66,66,66,66,66,66],"floor_reached":28,"language":"ZHS","playtime":1535,"items_purged":["hexamod:Defend","ats:Defend","ats:Strike S"],"score":316,"play_id":"a0327ff6-0ae7-4cf3-beec-88c23a2eef8d","local_time":"20210113202158","is_ascension_mode":true,"campfire_choices":[{"data":"ats:Burning Ground","floor":6.0,"key":"SMITH"},{"data":"ats:Calcification","floor":8.0,"key":"SMITH"},{"data":"ats:Emotion Absorption","floor":11.0,"key":"SMITH"},{"data":"ats:Healing Strengthening","floor":15.0,"key":"SMITH"},{"data":"ats:Counter Healing Mode","floor":23.0,"key":"SMITH"},{"data":"ats:Beaten Up","floor":27,"key":"SMITH"}],"circlet_count":0,"master_deck":["ats:Strike C","ats:Strike G","ats:Strike V+1","ats:Armor Crushing Shot","ats:Defend","ats:Defend","ats:Defend+1","ats:Emotion Absorption+1","BlackAim","ats:Calcification+1","ats:Demon Strength","ats:Hook Shot","ats:Burning Ground+1","ats:Ignite","ats:Calcification","ats:Healing Strengthening+1","ats:Beaten Up+1","ats:Calcification","ats:Counter Healing Mode+1","ats:Revitalization","ats:Beaten Up","ats:Burning Ground"],"relics":["ats:Sanity","ats:Originium","ReplayTheSpireMod:Ninjato","ats:Gyao","Ectoplasm","Bag of Marbles"],"acts_visited":["Exordium","TheCity"],"potions_floor_usage":[28],"damage_taken":[{"damage":1.0,"enemies":"Jaw Worm","floor":1.0,"turns":7.0},{"damage":0.0,"enemies":"2 Louse","floor":3.0,"turns":5.0},{"damage":16.0,"enemies":"Gremlin Nob","floor":7.0,"turns":4.0},{"damage":0.0,"enemies":"Cultist","floor":12.0,"turns":4.0},{"damage":10.0,"enemies":"Exordium Wildlife","floor":13.0,"turns":4.0},{"damage":0.0,"enemies":"3 Sentries","floor":14.0,"turns":6.0},{"damage":0.0,"enemies":"The Guardian","floor":16.0,"turns":10.0},{"damage":4.0,"enemies":"Spheric Guardian","floor":18.0,"turns":5.0},{"damage":24.0,"enemies":"3 Byrds","floor":19.0,"turns":4.0},{"damage":2.0,"enemies":"Cultist and Chosen","floor":21.0,"turns":9.0},{"damage":44.0,"enemies":"3 Cultists","floor":24.0,"turns":8.0},{"damage":26,"enemies":"Slavers","floor":28,"turns":2}],"seed_played":"-6310119080436484013","potions_obtained":[{"floor":1.0,"key":"DistilledChaos"},{"floor":3.0,"key":"DistilledChaos"},{"floor":7.0,"key":"Dexterity Potion"},{"floor":16.0,"key":"Elixir"},{"floor":19.0,"key":"ats:Emergency Sanity Potion"}],"is_trial":false,"path_per_floor":["M","?","M","$","?","R","E","R","T","$","R","M","M","E","R","B",null,"M","M","$","M","?","R","M","?","T","R","E"],"character_chosen":"DOCTOR_CLASS","items_purchased":["ats:Burning Ground","ats:Ignite"],"campfire_rested":0,"item_purchase_floors":[4,4],"current_hp_per_floor":[72,61,63,63,49,49,34,34,34,34,34,35,27,34,34,53,72,72,52,52,72,54,54,33,33,33,33,7,7],"gold":66,"neow_bonus":"THREE_RARE_CARDS","is_daily":false,"chose_seed":false,"campfire_upgraded":6,"win_rate":0.0,"timestamp":1610540518,"path_taken":["M","?","M","$","?","R","E","R","T","?","R","?","M","E","R","BOSS","M","?","$","M","?","R","?","?","T","R","E"],"items_purchased_type":["Card","Card"],"build_version":"2020-12-22","purchased_purges":3,"victory":false,"max_hp_per_floor":[72,72,72,72,72,72,72,72,72,72,72,72,72,72,72,72,72,72,72,72,72,72,72,72,72,72,72,72,72],"card_choices":[{"not_picked":["ats:Ambush","ats:Nebulous Foxfire"],"picked":"ats:Calcification","floor":0.0},{"not_picked":["ats:Assault Order","ats:Steam Pump"],"picked":"ats:Demon Strength","floor":1.0},{"not_picked":["ats:Ignite","ats:Curse Doll"],"picked":"ats:Hook Shot","floor":3.0},{"not_picked":["ats:Curse Doll","ats:Chain Hook","ats:Thermite Blade"],"picked":"SKIP","floor":7.0},{"not_picked":["ats:Explosion Area Strengthen","ats:Shell Defense"],"picked":"ats:Calcification","floor":12.0},{"not_picked":["ats:Poison Spread","ats:Charging Defense"],"picked":"ats:Healing Strengthening","floor":13.0},{"not_picked":["ats:Shell Defense","ats:Ignite"],"picked":"ats:Beaten Up","floor":14.0},{"not_picked":["ats:Ambush","ats:Disruption Kick"],"picked":"ats:Calcification","floor":16.0},{"not_picked":["ats:Explosion Area Strengthen+1","ats:Cat Scratch","ats:Consecutive Shot Auto"],"picked":"SKIP","floor":18.0},{"not_picked":["ats:Healing Drone","ats:Steam Pump"],"picked":"ats:Counter Healing Mode","floor":19.0},{"not_picked":["ats:Directed Diagnosis+1","ats:Consecutive Shot Auto+1"],"picked":"ats:Revitalization","floor":21.0},{"not_picked":["ats:Counter Healing Mode","ats:Explosion Area Strengthen+1"],"picked":"ats:Beaten Up","floor":22.0},{"not_picked":["ats:Apocalypse","ats:Assault Order"],"picked":"ats:Burning Ground","floor":24.0}],"player_experience":733759,"relics_obtained":[{"floor":7.0,"key":"ats:Originium"},{"floor":7.0,"key":"ReplayTheSpireMod:Ninjato"},{"floor":14.0,"key":"ats:Originium"},{"floor":14.0,"key":"ats:Gyao"},{"floor":26,"key":"Bag of Marbles"}],"event_choices":[{"damage_healed":0.0,"max_hp_gain":0.0,"max_hp_loss":0.0,"gold_gain":75.0,"event_name":"World of Goop","player_choice":"Gather Gold","floor":2.0,"gold_loss":0.0,"damage_taken":11.0},{"damage_healed":0.0,"max_hp_gain":0.0,"max_hp_loss":0.0,"gold_gain":0.0,"event_name":"Shining Light","player_choice":"Entered Light","floor":5.0,"gold_loss":0.0,"damage_taken":14.0,"cards_upgraded":["ats:Defend","ats:Strike V"]},{"damage_healed":0,"gold_gain":99,"player_choice":"Stole From Cult","damage_taken":0,"max_hp_gain":0,"max_hp_loss":0,"event_name":"Nest","floor":25,"gold_loss":0}],"is_beta":false,"boss_relics":[{"not_picked":["Pandora\u0027s Box","Replay:Wanted Poster"],"picked":"Ectoplasm"}],"items_purged_floors":[4,10,20],"is_endless":false,"potions_floor_spawned":[1,3,7,16,19],"killed_by":"Slavers","ascension_level":1}}