{"host":"c5j8t0wyh2hvx9ju","time":1610532710,"event":{"mods":["Astrologer","BaseMod","BetterRewards","Minty Spire (QoL Compilation)","Prisma Mod","StSLib"],"gold_per_floor":[116,116,136,136,136,136,162,172,199,213,213,213],"floor_reached":11,"language":"JPN","playtime":398,"items_purged":[],"score":88,"play_id":"10a3fea7-077c-4867-aee3-bc09638a2889","local_time":"20210113191150","is_ascension_mode":true,"campfire_choices":[{"data":"Eruption","floor":6.0,"key":"SMITH"}],"circlet_count":0,"master_deck":["Strike_P","Strike_P","Strike_P","Defend_P","Defend_P","Defend_P","Eruption+1","Vigilance","Crescendo","Tantrum","Evaluate","Crescendo","Meditate","Vault"],"relics":["PureWater","Tiny Chest","Lantern"],"acts_visited":["Exordium"],"potions_floor_usage":[],"damage_taken":[{"damage":2.0,"enemies":"2 Louse","floor":1.0,"turns":3.0},{"damage":5.0,"enemies":"Small Slimes","floor":3.0,"turns":3.0},{"damage":20.0,"enemies":"3 Sentries","floor":7.0,"turns":4.0},{"damage":0.0,"enemies":"Cultist","floor":8.0,"turns":2.0},{"damage":0.0,"enemies":"3 Louse","floor":10.0,"turns":1.0},{"damage":45,"enemies":"Lagavulin","floor":11,"turns":9}],"seed_played":"-9158017347532511518","potions_obtained":[{"floor":1.0,"key":"SkillPotion"}],"is_trial":false,"path_per_floor":["M","?","M","?","?","R","E","M","T","M","E"],"character_chosen":"WATCHER","items_purchased":["Crescendo"],"campfire_rested":0,"item_purchase_floors":[0],"current_hp_per_floor":[70,63,58,58,58,58,38,38,38,38,0,0],"gold":213,"neow_bonus":"","is_daily":false,"chose_seed":false,"campfire_upgraded":1,"win_rate":0.0,"timestamp":1610532710,"path_taken":["M","?","M","?","?","R","E","?","T","M","E"],"items_purchased_type":["Card"],"build_version":"2020-12-22","purchased_purges":0,"victory":false,"max_hp_per_floor":[72,72,72,72,72,72,72,72,72,72,72,72],"card_choices":[{"not_picked":["Fasting2","FlurryOfBlows"],"picked":"Tantrum","floor":1.0},{"not_picked":["Swivel","FollowUp"],"picked":"Evaluate","floor":3.0},{"not_picked":["Nirvana","CarveReality"],"picked":"Meditate","floor":7.0},{"not_picked":["EmptyBody","PathToVictory","Conclude"],"picked":"SKIP","floor":8.0},{"not_picked":["Consecrate","FlyingSleeves"],"picked":"Vault","floor":10}],"player_experience":849293,"relics_obtained":[{"floor":7.0,"key":"Tiny Chest"},{"floor":9.0,"key":"Lantern"}],"event_choices":[{"cards_removed":["Strike_P"],"damage_healed":0.0,"max_hp_gain":0.0,"max_hp_loss":0.0,"gold_gain":0.0,"event_name":"Golden Wing","player_choice":"Card Removal","floor":2.0,"gold_loss":0.0,"damage_taken":7.0},{"damage_healed":0.0,"max_hp_gain":0.0,"max_hp_loss":0.0,"gold_gain":0.0,"cards_transformed":["Defend_P"],"event_name":"Living Wall","player_choice":"Change","floor":4.0,"gold_loss":0.0,"damage_taken":0.0,"cards_obtained":["Crescendo"]},{"damage_healed":0.0,"max_hp_gain":0.0,"max_hp_loss":0.0,"gold_gain":0.0,"event_name":"Match and Keep!","player_choice":"0 cards matched","floor":5.0,"gold_loss":0.0,"damage_taken":0.0,"cards_obtained":[]}],"is_beta":false,"boss_relics":[],"items_purged_floors":[],"is_endless":false,"potions_floor_spawned":[1],"killed_by":"Lagavulin","ascension_level":4}}