{"host":"x21cvmfdo17nyhii","time":1610578023,"event":{"mods":["AchievementEnabler","BaseMod","Colored Map","Colored Powertips","DeckTracker","Highlight Path","Minty Spire (QoL Compilation)","Quick Restart","Rare Cards Sparkle","SuperFastMode"],"gold_per_floor":[109,34,46,64,64,84,84,84,84,99,128,128,52,16,16,118,118,128,144,69,69,69,88,88,88,88,108,121,144,10,26,26,26,26],"floor_reached":33,"language":"ENG","playtime":1003,"items_purged":["Combust","Wild Strike"],"score":262,"play_id":"943a68a7-0ab3-41d6-ab51-3f5088778d0b","local_time":"20210113144703","is_ascension_mode":false,"campfire_choices":[{"data":"Infernal Blade","floor":7.0,"key":"SMITH"},{"floor":12.0,"key":"REST"},{"data":"Demon Form","floor":15.0,"key":"SMITH"},{"floor":24,"key":"REST"},{"floor":32,"key":"REST"}],"circlet_count":0,"master_deck":["Bash","Bloodletting","Double Tap","Infernal Blade+1","Fiend Fire","Heavy Blade+1","Disarm","Flame Barrier","Demon Form+1","Sentinel","Seeing Red","Impervious","Headbutt+1","Flame Barrier"],"relics":["Pandora\u0027s Box"],"acts_visited":["Exordium","TheCity"],"potions_floor_usage":[31,31,33],"damage_taken":[{"damage":6.0,"enemies":"Small Slimes","floor":1.0,"turns":3.0},{"damage":3.0,"enemies":"Jaw Worm","floor":3.0,"turns":1.0},{"damage":0.0,"enemies":"2 Louse","floor":4.0,"turns":2.0},{"damage":16.0,"enemies":"Large Slime","floor":6.0,"turns":4.0},{"damage":8.0,"enemies":"Red Slaver","floor":10.0,"turns":4.0},{"damage":12.0,"enemies":"The Mushroom Lair","floor":11.0,"turns":3.0},{"damage":36.0,"enemies":"Hexaghost","floor":16.0,"turns":7.0},{"damage":0.0,"enemies":"Spheric Guardian","floor":18.0,"turns":3.0},{"damage":31,"enemies":"2 Thieves","floor":19,"turns":4},{"damage":40,"enemies":"Sentry and Sphere","floor":23,"turns":5},{"damage":8,"enemies":"Cultist and Chosen","floor":27,"turns":3},{"damage":18,"enemies":"Centurion and Healer","floor":28,"turns":5},{"damage":8,"enemies":"3 Cultists","floor":31,"turns":5},{"damage":50,"enemies":"Collector","floor":33,"turns":6}],"seed_played":"-7800771921098837348","potions_obtained":[{"floor":4.0,"key":"DistilledChaos"},{"floor":6.0,"key":"Explosive Potion"},{"floor":11.0,"key":"ElixirPotion"},{"floor":27,"key":"DuplicationPotion"},{"floor":28,"key":"SteroidPotion"},{"floor":31,"key":"Explosive Potion"}],"is_trial":false,"path_per_floor":["M","$","M","M","?","M","R","?","T","M","?","R","$","$","R","B",null,"M","M","?","?","?","M","R","?","T","M","M","T","$","M","R","B"],"character_chosen":"IRONCLAD","items_purchased":["Sentinel","Seeing Red","Flame Barrier"],"campfire_rested":3,"item_purchase_floors":[13,14,30],"current_hp_per_floor":[74,74,71,71,76,60,60,60,60,52,40,65,65,65,65,29,85,85,54,54,54,54,14,39,39,39,31,13,13,13,5,30,0,0],"gold":26,"neow_bonus":"BOSS_RELIC","is_daily":false,"chose_seed":false,"campfire_upgraded":2,"win_rate":0.0,"timestamp":1610578023,"path_taken":["M","$","M","M","?","M","R","?","T","M","?","R","?","$","R","BOSS","M","M","?","?","?","M","R","?","T","M","?","?","$","M","R","BOSS"],"items_purchased_type":["Card","Card","Card"],"build_version":"2020-12-22","purchased_purges":2,"victory":false,"max_hp_per_floor":[80,80,80,80,85,85,85,85,85,85,85,85,85,85,85,85,85,85,85,85,85,85,85,85,85,85,85,85,85,85,85,85,85,85],"card_choices":[{"not_picked":["Pommel Strike","Twin Strike"],"picked":"Disarm","floor":1.0},{"not_picked":["Blood for Blood","Heavy Blade","Impervious"],"picked":"SKIP","floor":3.0},{"not_picked":["Clash","Clothesline"],"picked":"Flame Barrier","floor":4.0},{"not_picked":["Clash","Cleave","Pommel Strike"],"picked":"SKIP","floor":6.0},{"not_picked":["Warcry","Pummel"],"picked":"Demon Form","floor":10.0},{"not_picked":["Brutality","Demon Form"],"picked":"Impervious","floor":16.0},{"not_picked":["Clothesline","Power Through","Heavy Blade"],"picked":"SKIP","floor":18.0},{"not_picked":["Cleave+1","Sentinel","Whirlwind+1"],"picked":"SKIP","floor":19},{"not_picked":["Sword Boomerang","Fire Breathing+1","Combust"],"picked":"SKIP","floor":23},{"not_picked":["Pommel Strike","Cleave+1","Sword Boomerang"],"picked":"SKIP","floor":27},{"not_picked":["Wild Strike","Armaments"],"picked":"Headbutt+1","floor":28},{"not_picked":["Flex","Twin Strike","Fire Breathing"],"picked":"SKIP","floor":31}],"player_experience":349513,"relics_obtained":[],"event_choices":[{"damage_healed":0.0,"max_hp_gain":5.0,"max_hp_loss":0.0,"gold_gain":0.0,"event_name":"Big Fish","player_choice":"Donut","floor":5.0,"gold_loss":0.0,"damage_taken":0.0},{"damage_healed":0.0,"max_hp_gain":0.0,"max_hp_loss":0.0,"gold_gain":0.0,"event_name":"Dead Adventurer","player_choice":"Searched \u00270\u0027 times","floor":8.0,"gold_loss":0.0,"damage_taken":0.0},{"damage_healed":0.0,"max_hp_gain":0.0,"max_hp_loss":0.0,"gold_gain":0.0,"event_name":"Mushrooms","player_choice":"Fought Mushrooms","floor":11.0,"gold_loss":0.0,"damage_taken":0.0},{"cards_removed":["Shockwave"],"damage_healed":0,"gold_gain":0,"player_choice":"Gave Gold","damage_taken":0,"max_hp_gain":0,"max_hp_loss":0,"event_name":"Beggar","floor":20,"gold_loss":75},{"cards_removed":["Spot Weakness"],"damage_healed":0,"gold_gain":0,"player_choice":"Elegance","damage_taken":0,"max_hp_gain":0,"max_hp_loss":0,"event_name":"Back to Basics","floor":22,"gold_loss":0},{"damage_healed":0,"gold_gain":0,"player_choice":"Forge","damage_taken":0,"max_hp_gain":0,"max_hp_loss":0,"event_name":"Accursed Blacksmith","floor":25,"gold_loss":0,"cards_upgraded":["Heavy Blade"]}],"is_beta":false,"boss_relics":[{"not_picked":["Mark of Pain","Philosopher\u0027s Stone","Tiny House"]}],"items_purged_floors":[2,30],"is_endless":false,"potions_floor_spawned":[4,6,11,27,28,31],"killed_by":"Collector","ascension_level":0}}