{"host":"xt797mi8yhee06c1","time":1610558092,"event":{"mods":["BaseMod","Bestiary","Koishi","Marisa£¨Ùöéë¡¡Øª×âÞÞ£©","Minty Spire (QoL Compilation)","Poor People Problems","Prisma Mod","Relic Filter","Shop Mod","Spicy Shops","StSLib","The Marked","The Servant 0.9.4","WarShipGirlsR/??á´Ò³R mod"],"gold_per_floor":[26,26,53,87,87,114,162,193,193,193,207,267,267,40,40,172,172,219,219,8,0,0,0,73,87,134,134,134,134,134],"floor_reached":29,"language":"KOR","playtime":1676,"items_purged":[],"score":301,"play_id":"1a0975f4-0574-4991-a55d-8923a60742b5","local_time":"20210114021452","is_ascension_mode":false,"campfire_choices":[{"floor":10,"key":"REST"},{"floor":15,"key":"REST"},{"data":"FinalSpark","floor":23,"key":"SMITH"},{"data":"BinaryStars","floor":27,"key":"SMITH"}],"circlet_count":0,"master_deck":["Strike_MRS","Defend_MRS","Defend_MRS","Defend_MRS","Defend_MRS","MasterSpark","UpSweep","WitchOfGreed","Orbital","EnergyFlow","DoubleSpark","PowerUp","FinalSpark+1","WitchOfGreed","IllusionStar","PulseMagic","DarkMatter","UltimateShortwave","MillisecondPulsars","CurseOfTheBell","OortCloud","PropBag","DC","NonDirectionalLaser","EarthLightRay","BlazeAway","DarkSpark","WitchOfGreed","StarBarrage","BinaryStars+1","CollectingQuirk","RefractionSpark"],"relics":["MiniHakkero","Pear","Blue Candle","Pantograph","Calling Bell","Art of War","AmplifyWand","Incense Burner","Mercury Hourglass","Vajra"],"acts_visited":["Exordium","TheCity"],"potions_floor_usage":[7,7,7,11,12,16,16,24,24,24,25,29,29,29],"damage_taken":[{"damage":1,"enemies":"Cultist","floor":1,"turns":4},{"damage":6,"enemies":"Jaw Worm","floor":3,"turns":5},{"damage":5,"enemies":"2 Louse","floor":4,"turns":2},{"damage":25,"enemies":"Exordium Thugs","floor":6,"turns":5},{"damage":24,"enemies":"Gremlin Nob","floor":7,"turns":5},{"damage":16,"enemies":"Red Slaver","floor":8,"turns":3},{"damage":9,"enemies":"2 Fungi Beasts","floor":11,"turns":2},{"damage":5,"enemies":"Lagavulin","floor":12,"turns":4},{"damage":27,"enemies":"Slime Boss","floor":16,"turns":10},{"damage":12,"enemies":"3 Byrds","floor":18,"turns":6},{"damage":58,"enemies":"Gremlin Leader","floor":24,"turns":6},{"damage":10,"enemies":"Chosen","floor":25,"turns":3},{"damage":19,"enemies":"Slavers","floor":29,"turns":1}],"seed_played":"-3654292646475800763","potions_obtained":[{"floor":1,"key":"Ancient Potion"},{"floor":3,"key":"FearPotion"},{"floor":4,"key":"Weak Potion"},{"floor":7,"key":"Fruit Juice"},{"floor":7,"key":"Explosive Potion"},{"floor":8,"key":"SkillPotion"},{"floor":8,"key":"BlessingOfTheForge"},{"floor":12,"key":"Energy Potion"},{"floor":12,"key":"Explosive Potion"},{"floor":16,"key":"Block Potion"},{"floor":16,"key":"AttackPotion"},{"floor":24,"key":"BlessingOfTheForge"},{"floor":24,"key":"Dexterity Potion"},{"floor":24,"key":"AttackPotion"},{"floor":25,"key":"Swift Potion"}],"is_trial":false,"path_per_floor":["M","$","M","M","$","M","E","M","T","R","M","E","?","$","R","B",null,"M","?","$","?","?","R","E","M","T","R","$","E"],"character_chosen":"MARISA","items_purchased":["DarkMatter","UltimateShortwave","OortCloud","PropBag","DC"],"campfire_rested":2,"item_purchase_floors":[14,14,20,20,20],"current_hp_per_floor":[74,74,68,63,63,38,29,13,13,40,31,26,26,26,53,51,90,78,78,78,78,78,78,24,18,18,18,18,0,0],"gold":134,"neow_bonus":"TRANSFORM_TWO_CARDS","is_daily":false,"chose_seed":false,"campfire_upgraded":2,"win_rate":0.0,"timestamp":1610558092,"path_taken":["M","$","?","M","$","M","E","M","T","R","M","E","?","?","R","BOSS","M","?","$","?","?","R","E","M","T","R","$","E"],"items_purchased_type":["Card","Card","Card","Card","Card"],"build_version":"2020-12-22","purchased_purges":0,"victory":false,"max_hp_per_floor":[75,75,75,75,75,75,90,90,90,90,90,90,90,90,90,90,90,90,90,90,90,90,90,90,90,90,90,90,90,90],"card_choices":[{"not_picked":["6A","NonDirectionalLaser"],"picked":"EnergyFlow","floor":1},{"not_picked":["OneTimeOff","GravityBeat"],"picked":"DoubleSpark","floor":3},{"not_picked":["AlicesGift","WitchLeyline"],"picked":"Occultation","floor":4},{"not_picked":["Acceleration","UnstableBomb"],"picked":"PowerUp","floor":6},{"not_picked":["6A","DC"],"picked":"FinalSpark","floor":7},{"not_picked":["MilkyWay","AsteroidBelt"],"picked":"WitchOfGreed","floor":8},{"not_picked":["LuminesStrike","WitchLeyline"],"picked":"IllusionStar","floor":11},{"not_picked":["IllusionStar","PowerUp"],"picked":"PulseMagic","floor":12},{"not_picked":["BlazingStar","EscapeVelocity"],"picked":"MillisecondPulsars","floor":16},{"not_picked":["ManaConvection+1","GrandCross+1","DC+1"],"picked":"SKIP","floor":18},{"not_picked":[],"picked":"NonDirectionalLaser","floor":21},{"not_picked":[],"picked":"EarthLightRay","floor":21},{"not_picked":[],"picked":"BlazeAway","floor":21},{"not_picked":[],"picked":"DarkSpark","floor":21},{"not_picked":[],"picked":"WitchOfGreed","floor":21},{"not_picked":[],"picked":"StarBarrage","floor":21},{"not_picked":[],"picked":"BinaryStars","floor":21},{"not_picked":["MilkyWay","ShootingEcho+1"],"picked":"CollectingQuirk","floor":24},{"not_picked":["WitchLeyline","EnergyRecoil"],"picked":"RefractionSpark","floor":25}],"player_experience":342882,"relics_obtained":[{"floor":7,"key":"Pear"},{"floor":9,"key":"Blue Candle"},{"floor":12,"key":"Pantograph"},{"floor":17,"key":"Art of War"},{"floor":17,"key":"AmplifyWand"},{"floor":17,"key":"Incense Burner"},{"floor":24,"key":"Mercury Hourglass"},{"floor":26,"key":"Vajra"}],"event_choices":[{"cards_removed":["Occultation"],"damage_healed":0,"gold_gain":0,"player_choice":"Purged","damage_taken":0,"max_hp_gain":0,"max_hp_loss":0,"event_name":"Purifier","floor":13,"gold_loss":0},{"damage_healed":0,"gold_gain":0,"player_choice":"Ignored","damage_taken":0,"max_hp_gain":0,"max_hp_loss":0,"event_name":"Vampires","floor":19,"gold_loss":0},{"cards_removed":["Strike_MRS"],"damage_healed":0,"gold_gain":0,"player_choice":"Elegance","damage_taken":0,"max_hp_gain":0,"max_hp_loss":0,"event_name":"Back to Basics","floor":22,"gold_loss":0}],"is_beta":false,"boss_relics":[{"not_picked":["RampagingMagicTools","Tiny House"],"picked":"Calling Bell"}],"items_purged_floors":[],"is_endless":false,"potions_floor_spawned":[4,7,8,12,16,25],"killed_by":"Slavers","ascension_level":0}}