{"host":"8by3m8mve9y2rhh4","time":1610522552,"event":{"mods":["BaseMod","Minty Spire (QoL Compilation)","Quick Restart"],"gold_per_floor":[20,20,40,215,72,110,110,125,178,198,231,256,256,206,206,335,398,412,72,147,22,35,35,74,99,99,124,157,157,157,191,191,312,312,328,391,415,15,38,38,78,78,149,149,182,195,195,195],"floor_reached":47,"language":"ENG","playtime":1820,"items_purged":["Doubt","Strike_R","Strike_R"],"score":656,"play_id":"d439a346-c54c-49f9-bdad-cf64e717ac05","local_time":"20210113072232","is_ascension_mode":true,"campfire_choices":[{"floor":7,"key":"REST"},{"data":"Limit Break","floor":13,"key":"SMITH"},{"floor":15,"key":"RECALL"},{"data":"Limit Break","floor":23,"key":"SMITH"},{"floor":30,"key":"REST"},{"floor":32,"key":"REST"},{"floor":40,"key":"REST"},{"floor":44,"key":"REST"}],"circlet_count":0,"master_deck":["Strike_R","Strike_R+1","Defend_R","Defend_R","Defend_R","Bash+1","Feel No Pain","Whirlwind","Iron Wave","Feel No Pain","Thunderclap","Headbutt+1","Inflame","Limit Break+1","Limit Break+1","Pummel","Twin Strike+1","Heavy Blade","Evolve","Iron Wave","Battle Trance","Parasite","Shrug It Off+1","Cleave+1","Inflame+1","Armaments+1","Barricade+1","Spot Weakness","Reaper","Rampage"],"relics":["Burning Blood","Golden Idol","Orichalcum","Juzu Bracelet","Whetstone","Tiny House","Kunai","Art of War","Pantograph","Frozen Egg 2","Eternal Feather","Fusion Hammer","Ice Cream","Self Forming Clay","Orrery","Blue Candle","Omamori"],"acts_visited":["Exordium","TheCity","TheBeyond"],"potions_floor_usage":[10,11,22,24,24,25,27,27,28,28,31,33,35,41,46,46],"damage_taken":[{"damage":2,"enemies":"Jaw Worm","floor":1,"turns":5},{"damage":1,"enemies":"Cultist","floor":3,"turns":3},{"damage":27,"enemies":"Gremlin Nob","floor":6,"turns":5},{"damage":4,"enemies":"Small Slimes","floor":8,"turns":2},{"damage":3,"enemies":"2 Fungi Beasts","floor":10,"turns":3},{"damage":4,"enemies":"3 Sentries","floor":11,"turns":7},{"damage":5,"enemies":"Looter","floor":12,"turns":2},{"damage":46,"enemies":"The Guardian","floor":16,"turns":8},{"damage":7,"enemies":"Chosen","floor":18,"turns":5},{"damage":17,"enemies":"2 Thieves","floor":22,"turns":4},{"damage":47,"enemies":"Slavers","floor":24,"turns":4},{"damage":19,"enemies":"Centurion and Healer","floor":25,"turns":6},{"damage":13,"enemies":"Snecko","floor":27,"turns":5},{"damage":0,"enemies":"Gremlin Leader","floor":28,"turns":4},{"damage":57,"enemies":"Book of Stabbing","floor":31,"turns":6},{"damage":43,"enemies":"Champ","floor":33,"turns":10},{"damage":10,"enemies":"Orb Walker","floor":35,"turns":3},{"damage":5,"enemies":"Mind Bloom Boss Battle","floor":36,"turns":7},{"damage":18,"enemies":"3 Darklings","floor":37,"turns":4},{"damage":52,"enemies":"Spire Growth","floor":39,"turns":4},{"damage":33,"enemies":"Reptomancer","floor":41,"turns":4},{"damage":53,"enemies":"Nemesis","floor":45,"turns":5},{"damage":17,"enemies":"Jaw Worm Horde","floor":46,"turns":5},{"damage":35,"enemies":"Reptomancer","floor":47,"turns":3}],"seed_played":"-8986496326946737540","potions_obtained":[{"floor":1,"key":"SkillPotion"},{"floor":6,"key":"DistilledChaos"},{"floor":16,"key":"BloodPotion"},{"floor":17,"key":"Block Potion"},{"floor":22,"key":"BloodPotion"},{"floor":24,"key":"EntropicBrew"},{"floor":27,"key":"Fire Potion"},{"floor":31,"key":"EntropicBrew"},{"floor":39,"key":"SkillPotion"},{"floor":45,"key":"EssenceOfSteel"}],"is_trial":false,"path_per_floor":["M","?","M","?","$","E","R","M","T","M","E","M","R","?","R","B",null,"M","$","?","$","M","R","E","M","T","M","E","?","R","E","R","B",null,"M","?","M","$","M","R","E","?","T","R","E","M","E"],"character_chosen":"IRONCLAD","items_purchased":["Feel No Pain","Kunai","Self Forming Clay","Orrery"],"campfire_rested":5,"item_purchase_floors":[5,19,38,38],"current_hp_per_floor":[80,60,65,65,65,44,68,70,70,73,75,76,76,76,76,36,85,84,84,76,76,65,65,58,45,45,38,44,44,69,18,55,43,85,81,85,73,73,27,67,40,40,40,79,32,27,0,0],"gold":195,"neow_bonus":"TRANSFORM_TWO_CARDS","is_daily":false,"chose_seed":false,"campfire_upgraded":2,"win_rate":0.0,"timestamp":1610522552,"path_taken":["M","?","M","?","$","E","R","M","T","M","E","M","R","?","R","BOSS","M","$","?","$","M","R","E","M","T","M","E","?","R","E","R","BOSS","M","?","M","$","M","R","E","?","T","R","E","M","E"],"items_purchased_type":["Card","Relic","Relic","Relic"],"build_version":"2020-12-22","purchased_purges":3,"victory":false,"max_hp_per_floor":[80,80,80,80,80,80,80,80,80,80,80,80,80,80,80,80,85,85,85,85,85,85,85,85,85,85,85,85,85,85,85,85,85,85,85,85,85,85,85,85,85,81,81,81,81,81,81,81],"card_choices":[{"not_picked":["Evolve","Havoc"],"picked":"Whirlwind","floor":1},{"not_picked":["Perfected Strike","True Grit"],"picked":"Iron Wave","floor":3},{"not_picked":["Warcry","Entrench"],"picked":"Thunderclap","floor":6},{"not_picked":["Bloodletting","Pummel","Perfected Strike"],"picked":"SKIP","floor":8},{"not_picked":["True Grit","Feel No Pain"],"picked":"Headbutt","floor":10},{"not_picked":["Dual Wield","Flex"],"picked":"Inflame","floor":11},{"not_picked":["Carnage","Spot Weakness"],"picked":"Limit Break","floor":12},{"not_picked":["Immolate","Corruption"],"picked":"Limit Break","floor":16},{"not_picked":["Clothesline","Wild Strike"],"picked":"Pummel","floor":17},{"not_picked":["Wild Strike","Sentinel"],"picked":"Twin Strike+1","floor":18},{"not_picked":["Warcry","Body Slam+1"],"picked":"Heavy Blade","floor":22},{"not_picked":["Limit Break","Power Through"],"picked":"Evolve","floor":24},{"not_picked":["Clothesline","Uppercut"],"picked":"Iron Wave","floor":25},{"not_picked":["Cleave","Clash"],"picked":"Battle Trance","floor":27},{"not_picked":["Pommel Strike","Entrench"],"picked":"Demon Form+1","floor":28},{"not_picked":["Dark Embrace+1","Perfected Strike"],"picked":"Shrug It Off+1","floor":31},{"not_picked":["Wild Strike+1","Searing Blow"],"picked":"Cleave+1","floor":35},{"not_picked":["Reckless Charge+1","Shrug It Off"],"picked":"Inflame+1","floor":36},{"not_picked":["Second Wind+1","Perfected Strike","Rupture+1"],"picked":"SKIP","floor":37},{"not_picked":["Cleave+1","Fiend Fire"],"picked":"Armaments+1","floor":38},{"not_picked":["Metallicize+1","Body Slam+1"],"picked":"Barricade+1","floor":38},{"not_picked":["Flex","Armaments"],"picked":"Spot Weakness","floor":38},{"not_picked":["Shrug It Off","True Grit","Anger"],"picked":"SKIP","floor":39},{"not_picked":["Heavy Blade+1","Flex+1","True Grit"],"picked":"SKIP","floor":41},{"not_picked":["Warcry+1","Infernal Blade"],"picked":"Reaper","floor":45},{"not_picked":["Second Wind","Warcry"],"picked":"Rampage","floor":46}],"player_experience":693375,"relics_obtained":[{"floor":6,"key":"Orichalcum"},{"floor":9,"key":"Juzu Bracelet"},{"floor":11,"key":"Whetstone"},{"floor":24,"key":"Art of War"},{"floor":26,"key":"Pantograph"},{"floor":28,"key":"Frozen Egg 2"},{"floor":31,"key":"Eternal Feather"},{"floor":36,"key":"Ice Cream"},{"floor":41,"key":"Blue Candle"},{"floor":45,"key":"Omamori"}],"event_choices":[{"damage_healed":0,"gold_gain":0,"player_choice":"Take Damage","damage_taken":20,"relics_obtained":["Golden Idol"],"max_hp_gain":0,"max_hp_loss":0,"event_name":"Golden Idol","floor":2,"gold_loss":0},{"damage_healed":0,"gold_gain":175,"player_choice":"AGREE","damage_taken":0,"max_hp_gain":0,"max_hp_loss":0,"event_name":"Liars Game","floor":4,"gold_loss":0,"cards_obtained":["Doubt"]},{"cards_removed":["Combust"],"damage_healed":0,"gold_gain":0,"player_choice":"Card Removal","damage_taken":0,"max_hp_gain":0,"max_hp_loss":0,"event_name":"The Cleric","floor":14,"gold_loss":50},{"damage_healed":0,"gold_gain":75,"player_choice":"Touch","damage_taken":8,"max_hp_gain":0,"max_hp_loss":0,"event_name":"FaceTrader","floor":20,"gold_loss":0},{"cards_removed":["Demon Form"],"damage_healed":0,"gold_gain":0,"player_choice":"Took Card","damage_taken":0,"max_hp_gain":0,"max_hp_loss":0,"event_name":"NoteForYourself","floor":29,"gold_loss":0,"cards_obtained":["Parasite"]},{"damage_healed":0,"gold_gain":0,"player_choice":"Fight","damage_taken":0,"max_hp_gain":0,"max_hp_loss":0,"event_name":"MindBloom","floor":36,"gold_loss":0},{"damage_healed":0,"gold_gain":0,"player_choice":"Max HP","damage_taken":0,"max_hp_gain":0,"max_hp_loss":4,"event_name":"Winding Halls","floor":42,"gold_loss":0}],"is_beta":false,"boss_relics":[{"not_picked":["Astrolabe","Runic Dome"],"picked":"Tiny House"},{"not_picked":["Calling Bell","Philosopher\u0027s Stone"],"picked":"Fusion Hammer"}],"items_purged_floors":[5,19,21],"is_endless":false,"potions_floor_spawned":[1,6,16,22,24,27,31,39,45],"killed_by":"Reptomancer","ascension_level":1}}