{"host":"k4v81cw6j0eb8mtc","time":1610556408,"event":{"mods":["BaseMod","BetterRewards","Conspire","Downfall","GifTheSpireLib","Hubris","Minty Spire (QoL Compilation)","Quick Restart","Replay The Spire","StSLib"],"gold_per_floor":[99,99,99,99,99,99,152,187,187,187,221,172,172,121,138,240,240,240,250,262,281,293,293,293,293],"floor_reached":23,"language":"ENG","playtime":1016,"items_purged":[],"score":220,"play_id":"fde20e97-d134-470a-a56f-61f2fd685ad8","local_time":"20210113114648","is_ascension_mode":false,"campfire_choices":[{"floor":1,"key":"DIG"},{"data":"Slimebound:CorrosiveSpit","floor":6,"key":"SMITH"},{"floor":13,"key":"RECALL"}],"circlet_count":0,"master_deck":["Slimebound:Strike_Slimebound","Slimebound:Strike_Slimebound","Slimebound:Strike_Slimebound","Slimebound:Defend_Slimebound","Slimebound:Defend_Slimebound","Slimebound:Defend_Slimebound","Slimebound:Defend_Slimebound","Slimebound:Split","Slimebound:CorrosiveSpit+1","Pot Of Greed","Slimebound:Gluttony","Slimebound:SplitMire","Pot Of Greed+1","Slimebound:ProtectTheBoss","Slimebound:GrowthPunch","Slimebound:FinishingTackle","Slimebound:LeadByExample","Slimebound:Schlurp","Slimebound:ViciousTackle+1","Slimebound:SamplingLick","Slimebound:Schlurp","Slimebound:Schlurp","Slimebound:LeechEnergy","Slimebound:SlimeSlap","Slimebound:SamplingLick","Pot Of Greed","Slimebound:SpikyOuterGoop+1","Slimebound:SlimeSpikes","Slimebound:SplitMire"],"relics":["Slimebound:AbsorbEndCombat","downfall:HeartsMalice","Grinning Jar","Centennial Puzzle","PreservedInsect","hubris:Towel","Oddly Smooth Stone","conspire:RunicOctahedron"],"acts_visited":["Exordium","TheCity"],"potions_floor_usage":[21],"damage_taken":[{"damage":0,"enemies":"conspire:RoseBush","floor":2,"turns":1},{"damage":0,"enemies":"Cultist","floor":3,"turns":1},{"damage":0,"enemies":"Small Slimes","floor":5,"turns":1},{"damage":8,"enemies":"Replay:BlueRogue","floor":8,"turns":6},{"damage":35,"enemies":"Lagavulin","floor":11,"turns":5},{"damage":16,"enemies":"downfall:FleeingMerchant","floor":12,"turns":4},{"damage":29,"enemies":"downfall:FleeingMerchant","floor":14,"turns":4},{"damage":11,"enemies":"Blue Slaver","floor":15,"turns":3},{"damage":51,"enemies":"downfall:Watcher","floor":16,"turns":6},{"damage":18,"enemies":"Shell Parasite","floor":19,"turns":4},{"damage":45,"enemies":"3 Byrds","floor":20,"turns":6},{"damage":25,"enemies":"Cultist and Chosen","floor":21,"turns":5},{"damage":51,"enemies":"Chosen and Byrds","floor":22,"turns":6},{"damage":7,"enemies":"Sentry and Sphere","floor":23,"turns":2}],"seed_played":"6975540765786799918","potions_obtained":[{"floor":11,"key":"SteroidPotion"},{"floor":16,"key":"CultistPotion"},{"floor":20,"key":"Elixir"},{"floor":22,"key":"FearPotion"}],"is_trial":false,"path_per_floor":["R","M","M","?","M","R","T","E","?","?","E","$","R","$","M","B",null,"R","M","M","M","M","M"],"character_chosen":"SLIMEBOUND","items_purchased":["Slimebound:ViciousTackle+1","Slimebound:Schlurp"],"campfire_rested":0,"item_purchase_floors":[12,14],"current_hp_per_floor":[60,60,60,60,60,60,60,60,60,60,44,52,52,51,52,33,60,60,58,43,54,29,26,26,26],"gold":293,"neow_bonus":"THREE_ENEMY_KILL","is_daily":false,"chose_seed":false,"campfire_upgraded":1,"win_rate":0.0,"timestamp":1610556408,"path_taken":["R","M","M","?","?","R","T","E","?","?","E","$","R","$","M","BOSS","R","M","M","?","M","M"],"items_purchased_type":["Card","Card"],"build_version":"2020-12-22","purchased_purges":0,"victory":false,"max_hp_per_floor":[60,60,60,60,60,60,60,60,60,60,60,60,60,60,60,60,60,60,60,60,60,60,60,60,60],"card_choices":[{"not_picked":["Slimebound:GrowthPunch","Slimebound:FinishingTackle"],"picked":"Slimebound:Gluttony","floor":2},{"not_picked":["Slimebound:ViciousTackle","Slimebound:Prepare"],"picked":"Slimebound:SplitMire","floor":3},{"not_picked":["Slimebound:LeechEnergy","Slimebound:SplitLeeching"],"picked":"Slimebound:GrowthPunch","floor":5},{"not_picked":["Slimebound:FormOfPuddle","Slimebound:GrowthPunch"],"picked":"Slimebound:FinishingTackle","floor":8},{"not_picked":["Slimebound:FinishingTackle","Slimebound:Prepare"],"picked":"Slimebound:LeadByExample","floor":11},{"not_picked":["Slimebound:RollThrough","Slimebound:DuplicatedForm"],"picked":"Slimebound:Schlurp","floor":12},{"not_picked":["Slimebound:ForwardTackle","Slimebound:RollThrough"],"picked":"Slimebound:SamplingLick","floor":14},{"not_picked":["Slimebound:ComboTackle","Slimebound:SplitLeeching"],"picked":"Slimebound:LeechEnergy","floor":15},{"not_picked":["Slimebound:RallyTheTroops","Slimebound:SelfFormingGoo"],"picked":"Slimebound:SlimeSlap","floor":16},{"not_picked":["Slimebound:Chomp","Slimebound:GoopSpray"],"picked":"Slimebound:SamplingLick","floor":19},{"not_picked":["Slimebound:ForwardTackle","Slimebound:BestDefense+1"],"picked":"Slimebound:SpikyOuterGoop+1","floor":20},{"not_picked":["Slimebound:SplitBruiser","Slimebound:SlimeTap"],"picked":"Slimebound:SlimeSpikes","floor":21},{"not_picked":["Slimebound:SplitLeeching","Slimebound:LeechingTouch"],"picked":"Slimebound:SplitMire","floor":22}],"player_experience":222773,"relics_obtained":[{"floor":1,"key":"Grinning Jar"},{"floor":7,"key":"Centennial Puzzle"},{"floor":8,"key":"PreservedInsect"},{"floor":11,"key":"Oddly Smooth Stone"}],"event_choices":[{"damage_healed":0,"gold_gain":0,"cards_transformed":["Slimebound:Tackle"],"player_choice":"Transformed","damage_taken":0,"max_hp_gain":0,"max_hp_loss":0,"event_name":"Transmorgrifier","floor":4,"gold_loss":0,"cards_obtained":["Slimebound:ProtectTheBoss"]},{"damage_healed":0,"gold_gain":0,"player_choice":"Ignored","damage_taken":0,"max_hp_gain":0,"max_hp_loss":0,"event_name":"NoteForYourself","floor":10,"gold_loss":0}],"is_beta":false,"boss_relics":[{"not_picked":["hubris:Stopwatch","hubris:VirtuousBlindfold"],"picked":"conspire:RunicOctahedron"}],"items_purged_floors":[],"is_endless":false,"potions_floor_spawned":[11,16,20,22],"killed_by":"Sentry and Sphere","ascension_level":0}}