{"host":"s9dep4x43c14s74h","time":1610541886,"event":{"mods":["BaseMod","Downfall","Gremlin Mod","Hermit","HololiveMod","Jorbs\u0027s Wanderer Trilogy","Lobotomy","Marisa????????","Minty Spire (QoL Compilation)","Replay The Spire","StSLib","The Animator","The Bug Knight","The Construct","The Cursed","The Necromancer","The Runesmith","The Servant 0.9.4"],"gold_per_floor":[99,99,99,99,117,33,113,138,138,150,167,195,195,221,241,344,344,269,285,304,254,254,254,254,104,8,23,37,66,66,85,97,193,193,193,211,221,232,344,360,415,415,432,40,40,66,66,78,89,89,89,124,33,33,33],"floor_reached":56,"language":"RUS","playtime":5954,"items_purged":["hexamod:Strike","hexamod:Strike"],"score":1289,"play_id":"238096a5-f24d-40fe-a421-738fb09393a1","local_time":"20210113154446","is_ascension_mode":true,"campfire_choices":[{"data":"hexamod:Float","floor":1.0,"key":"SMITH"},{"data":"hexamod:GhostOfSpirePresent","floor":9.0,"key":"SMITH"},{"data":"Pot Of Greed","floor":13.0,"key":"SMITH"},{"floor":18.0,"key":"RECALL"},{"data":"hexamod:GhostOfSpirePresent","floor":25.0,"key":"SMITH"},{"data":"Pot Of Greed","floor":30.0,"key":"SMITH"},{"data":"hexamod:Haunt","floor":35.0,"key":"SMITH"},{"data":"hexamod:EtherealExpedition","floor":42.0,"key":"SMITH"},{"floor":47.0,"key":"REST"},{"floor":54,"key":"REST"}],"circlet_count":0,"master_deck":["hexamod:Strike+1","hexamod:Strike+1","hexamod:Defend+1","hexamod:Defend+1","hexamod:Defend+1","hexamod:Defend+1","hexamod:Sear","hexamod:Float+1","hexamod:GhostLash","hexamod:GhostOfSpirePresent+1","hexamod:NightmareGuise+1","hexamod:FirstSeal","hexamod:ExtraCrispy+1","hexamod:Toasty+1","hexamod:HeatCrush","hexamod:SwordOfDarkness+1","hexamod:WildfireWeapon","Pot Of Greed+1","Pot Of Greed+1","hexamod:SearingWound+1","hexamod:GhostOfSpirePresent+1","hexamod:SixthSeal","hexamod:GhostOfSpirePast+1","Pot Of Greed+1","hexamod:ShieldOfDarkness+1","Necronomicurse","hexamod:Haunt+1","hexamod:HeatMetal","hexamod:HeatMetal+1","hexamod:ShieldOfDarkness","hexamod:UnleashSpirits","hexamod:EmpoweredFlame","hexamod:SwordOfDarkness+1","hexamod:Toasty+1","hexamod:ShieldOfDarkness","hexamod:EtherealExpedition+1","Pot Of Greed+1","hexamod:BacktrackSmack","hexamod:DynamicBlow+1","hexamod:BurningTouch+1","hexamod:HeatShield+1","hexamod:FirstSeal","hexamod:PowerFromBeyond","hexamod:GhostflameBarrier+1","hexamod:EmpoweredFlame+1","hexamod:PowerFromBeyond+1","expansioncontent:Chronoboost"],"relics":["hexamod:SpiritBrand","downfall:HeartsMalice","construct:FoamFinger","Replay:WaspNest","Grinning Jar","Letter Opener","Sozu","downfall:HeartBlessingGreen","Necronomicon","downfall:HeartBlessingBlue","downfall:HeartBlessingRed","hexamod:MatchstickCase","ChewingGum","Strange Spoon","Toy Ornithopter","Oddly Smooth Stone","Lee\u0027s Waffle","Guardian:PocketSentry","Shuriken"],"acts_visited":["Exordium","TheCity","TheBeyond","TheEnding"],"potions_floor_usage":[],"damage_taken":[{"damage":0.0,"enemies":"Cultist","floor":2.0,"turns":1.0},{"damage":0.0,"enemies":"Small Slimes","floor":3.0,"turns":1.0},{"damage":0.0,"enemies":"2 Louse","floor":4.0,"turns":1.0},{"damage":0.0,"enemies":"Large Slime","floor":5.0,"turns":6.0},{"damage":0.0,"enemies":"downfall:FleeingMerchant","floor":6.0,"turns":4.0},{"damage":3.0,"enemies":"Replay:BlueRogue","floor":8.0,"turns":7.0},{"damage":0.0,"enemies":"Red Slaver","floor":10.0,"turns":2.0},{"damage":14.0,"enemies":"Large Slime","floor":11.0,"turns":7.0},{"damage":7.0,"enemies":"HollowMod:MossKnight","floor":12.0,"turns":4.0},{"damage":4.0,"enemies":"Replay:BlueRogue","floor":14.0,"turns":5.0},{"damage":0.0,"enemies":"Blue Slaver","floor":15.0,"turns":2.0},{"damage":66.0,"enemies":"downfall:Defect","floor":16.0,"turns":7.0},{"damage":27.0,"enemies":"Chosen","floor":19.0,"turns":6.0},{"damage":12.0,"enemies":"Chosen and Byrds","floor":20.0,"turns":5.0},{"damage":0.0,"enemies":"downfall:FleeingMerchant","floor":26.0,"turns":4.0},{"damage":2.0,"enemies":"Snecko","floor":27.0,"turns":3.0},{"damage":8.0,"enemies":"Centurion and Healer","floor":28.0,"turns":4.0},{"damage":3.0,"enemies":"Replay:Snechameleon","floor":29.0,"turns":4.0},{"damage":4.0,"enemies":"Snake Plant","floor":31.0,"turns":3.0},{"damage":9.0,"enemies":"Shelled Parasite and Fungi","floor":32.0,"turns":5.0},{"damage":32.0,"enemies":"downfall:Ironclad","floor":33.0,"turns":6.0},{"damage":6.0,"enemies":"Orb Walker","floor":36.0,"turns":3.0},{"damage":32.0,"enemies":"3 Shapes","floor":37.0,"turns":3.0},{"damage":13.0,"enemies":"Writhing Mass","floor":38.0,"turns":4.0},{"damage":14.0,"enemies":"downfall:FleeingMerchant","floor":39.0,"turns":4.0},{"damage":11.0,"enemies":"Transient","floor":40.0,"turns":5.0},{"damage":17.0,"enemies":"Jaw Worm Horde","floor":43.0,"turns":4.0},{"damage":27.0,"enemies":"Nemesis","floor":46.0,"turns":5.0},{"damage":12.0,"enemies":"Spire Growth","floor":48.0,"turns":4.0},{"damage":0.0,"enemies":"Writhing Mass","floor":49.0,"turns":6.0},{"damage":30.0,"enemies":"downfall:Silent","floor":50.0,"turns":10.0},{"damage":37,"enemies":"downfall:CharBossMerchant","floor":52,"turns":7},{"damage":63,"enemies":"downfall:NeowBoss","floor":55,"turns":20}],"seed_played":"2992306246366560884","potions_obtained":[{"floor":5.0,"key":"Languid Potion"},{"floor":6.0,"key":"SkillPotion"},{"floor":8.0,"key":"Toxic Potion"},{"floor":8.0,"key":"Fire Potion"},{"floor":10.0,"key":"Strength Potion"},{"floor":11.0,"key":"Cursed Concoction"},{"floor":11.0,"key":"SneckoOil"},{"floor":12.0,"key":"Regen Potion"},{"floor":14.0,"key":"DuplicationPotion"},{"floor":14.0,"key":"AttackPotion"},{"floor":15.0,"key":"hexamod:EctoCoolerPotion"},{"floor":16.0,"key":"BlessingOfTheForge"}],"is_trial":false,"path_per_floor":["R","M","M","M","M","$","T","E","R","M","M","E","R","E","M","B",null,"R","M","M","?","?","?","T","R","$","M","M","E","R","M","M","B",null,"R","M","M","M","$","M","T","R","M","$","?","E","R","M","M","B",null,"E","$","R","B",null],"character_chosen":"THE_SPIRIT","items_purchased":["hexamod:ExtraCrispy","hexamod:HeatMetal","Strange Spoon","Oddly Smooth Stone","Lee\u0027s Waffle","expansioncontent:Chronoboost"],"campfire_rested":2,"item_purchase_floors":[6,26,39,44,44,53],"current_hp_per_floor":[70,70,70,70,70,70,70,67,67,67,60,60,60,70,70,4,70,70,50,45,70,54,54,54,64,71,76,75,72,72,75,73,48,80,80,80,55,49,35,31,31,31,14,87,80,67,87,82,87,64,87,64,64,87,24],"gold":33,"neow_bonus":"THREE_ENEMY_KILL","is_daily":false,"chose_seed":false,"campfire_upgraded":7,"win_rate":0.0,"timestamp":1610541886,"path_taken":["R","M","M","M","?","?","T","E","R","M","?","E","R","E","M","BOSS","R","M","M","?","?","?","T","R","$","?","M","E","R","M","M","BOSS","R","M","M","M","$","?","T","R","M","$","?","E","R","M","M","BOSS","E","$","R","BOSS"],"items_purchased_type":["Card","Card","Relic","Relic","Relic","Card"],"build_version":"2020-12-22","purchased_purges":2,"victory":true,"max_hp_per_floor":[70,70,70,70,70,70,70,70,70,70,70,70,70,70,70,70,70,70,70,70,70,70,70,70,80,80,80,80,80,80,80,80,80,80,80,80,80,80,80,80,80,80,80,87,87,87,87,87,87,87,87,87,87,87,87],"card_choices":[{"not_picked":["hexamod:GhostShield","hexamod:ShieldOfDarkness"],"picked":"hexamod:FourthSeal","floor":2.0},{"not_picked":["hexamod:PhantomCloak","hexamod:RainOfEmbers"],"picked":"hexamod:GhostLash","floor":3.0},{"not_picked":["hexamod:ShieldOfDarkness","hexamod:ThermalTransfer"],"picked":"hexamod:GhostOfSpirePresent","floor":4.0},{"not_picked":["hexamod:NightmareStrike","hexamod:FastForward"],"picked":"hexamod:NightmareGuise","floor":5.0},{"not_picked":["hexamod:RainOfEmbers","hexamod:PhantomCloak"],"picked":"hexamod:FirstSeal","floor":6.0},{"not_picked":["hexamod:GhostOfSpirePresent","hexamod:FastForward"],"picked":"hexamod:Toasty","floor":8.0},{"not_picked":["hexamod:BurningTouch","hexamod:Hexaguard"],"picked":"hexamod:HeatCrush","floor":10.0},{"not_picked":["hexamod:ThermalTransfer","hexamod:GhostLash"],"picked":"hexamod:SwordOfDarkness","floor":11.0},{"not_picked":["hexamod:SixthSeal","hexamod:FastForward"],"picked":"hexamod:WildfireWeapon","floor":12.0},{"not_picked":["hexamod:RainOfEmbers","hexamod:TurnItUp"],"picked":"hexamod:SearingWound","floor":14.0},{"not_picked":["hexamod:InspiringFlames","hexamod:NightmareGuise"],"picked":"hexamod:GhostOfSpirePresent","floor":15.0},{"not_picked":["hexamod:VolcanoVisage","hexamod:CrushingStance"],"picked":"hexamod:SixthSeal","floor":16.0},{"not_picked":["hexamod:HauntingEcho","hexamod:AdvancingGuard"],"picked":"hexamod:GhostOfSpirePast+1","floor":19.0},{"not_picked":["hexamod:ThermalTransfer","hexamod:NightmareStrike"],"picked":"hexamod:ShieldOfDarkness","floor":20.0},{"not_picked":["hexamod:ThirdSeal","hexamod:NightmareGuise","hexamod:AdvancingGuard"],"picked":"SKIP","floor":26.0},{"not_picked":["hexamod:ThirdSeal","hexamod:GhostOfSpirePresent+1"],"picked":"hexamod:HeatMetal+1","floor":27.0},{"not_picked":["hexamod:PhantomCloak","hexamod:RetreatToShadows"],"picked":"hexamod:ShieldOfDarkness","floor":28.0},{"not_picked":["hexamod:GhostLash","hexamod:InspiringFlames"],"picked":"hexamod:UnleashSpirits","floor":29.0},{"not_picked":["hexamod:Rewind","hexamod:SpectersWail"],"picked":"hexamod:EmpoweredFlame","floor":31.0},{"not_picked":["hexamod:Again","hexamod:AdvancingGuard"],"picked":"hexamod:SwordOfDarkness","floor":32.0},{"not_picked":["hexamod:ApocalypseNow","hexamod:GhostflameInferno"],"picked":"hexamod:Toasty","floor":33.0},{"not_picked":["hexamod:RainOfEmbers+1","hexamod:GhostOfSpirePast"],"picked":"hexamod:ShieldOfDarkness","floor":36.0},{"not_picked":["hexamod:ShieldOfDarkness","hexamod:BurningTouch"],"picked":"hexamod:EtherealExpedition","floor":37.0},{"not_picked":["hexamod:FastForward","hexamod:AdvancingGuard"],"picked":"hexamod:BacktrackSmack","floor":38.0},{"not_picked":["hexamod:SpectersWail","hexamod:Firestarter"],"picked":"hexamod:DynamicBlow+1","floor":39.0},{"not_picked":["hexamod:SwordOfDarkness","hexamod:Hexaguard+1"],"picked":"hexamod:BurningTouch+1","floor":40.0},{"not_picked":["hexamod:SpectralSpark+1","hexamod:FourthSeal"],"picked":"hexamod:HeatShield+1","floor":43.0},{"not_picked":["hexamod:NightmareGuise+1","hexamod:GhostOfSpireFuture"],"picked":"hexamod:PowerFromBeyond","floor":46.0},{"not_picked":["hexamod:Firestarter+1","hexamod:BurningTouch+1"],"picked":"hexamod:GhostflameBarrier+1","floor":48.0},{"not_picked":["hexamod:InspiringFlames+1","hexamod:Hexaguard"],"picked":"hexamod:EmpoweredFlame+1","floor":49.0},{"not_picked":["hexamod:Rewind+1","hexamod:GhostLash"],"picked":"hexamod:PowerFromBeyond+1","floor":52}],"player_experience":868203,"relics_obtained":[{"floor":7.0,"key":"construct:FoamFinger"},{"floor":8.0,"key":"Replay:WaspNest"},{"floor":12.0,"key":"Grinning Jar"},{"floor":14.0,"key":"Letter Opener"},{"floor":22.0,"key":"Necronomicon"},{"floor":29.0,"key":"hexamod:MatchstickCase"},{"floor":41.0,"key":"Toy Ornithopter"},{"floor":46.0,"key":"Guardian:PocketSentry"},{"floor":52,"key":"Shuriken"}],"event_choices":[{"damage_healed":0.0,"max_hp_gain":0.0,"max_hp_loss":0.0,"gold_gain":0.0,"cards_transformed":["hexamod:FourthSeal"],"event_name":"Transmorgrifier","player_choice":"Transformed","floor":23.0,"gold_loss":0.0,"damage_taken":0.0,"cards_obtained":["hexamod:Haunt"]}],"is_beta":false,"boss_relics":[{"not_picked":["Ring of Chaos","Astrolabe"],"picked":"Sozu"},{"not_picked":["Snecko Eye","Hololive_Finger"],"picked":"ChewingGum"}],"items_purged_floors":[39,44],"is_endless":false,"potions_floor_spawned":[8,10,11,12,14,28,29,31,32,33,37,38,43,52],"ascension_level":1}}