{"host":"eu5wvbbtjeiar27l","time":1610570088,"event":{"mods":["BaseMod","Colored Powertips","Conspire","Hubris","Infinite Spire","Minty Spire (QoL Compilation)","Rare Cards Sparkle","StSLib","The Factory","The Jungle","vexMod"],"gold_per_floor":[117,117,128,139,61,86,104,104,127,127,147,166,166,61,61,156,156,168,93,104,118,129,129,129,129,129,145,145,206,116,129,129,228,228,247,247,296,310,328,348,348,348],"floor_reached":41,"language":"ENG","playtime":2820,"items_purged":["Strike_B","Strike_B"],"score":449,"play_id":"e0371fa6-7dd8-4bc1-b8fd-d409de0995cb","local_time":"20210113203448","is_ascension_mode":false,"campfire_choices":[{"data":"Defragment","floor":8,"key":"SMITH"},{"data":"Loop","floor":10,"key":"SMITH"},{"floor":15,"key":"REST"},{"data":"Storm","floor":23,"key":"SMITH"},{"data":"Self Repair","floor":25,"key":"SMITH"},{"data":"Seek","floor":32,"key":"SMITH"}],"circlet_count":0,"master_deck":["Defend_B","Defend_B","Defend_B","Defend_B","Zap+1","Dualcast+1","Chill+1","Loop+1","Streamline","Loop+1","Seek+1","Defragment+1","BootSequence","Storm+1","Coolheaded","Electrodynamics","Ball Lightning","Skim+1","Coolheaded","Self Repair+1","Lockon+1","infinitespire:Starlight","Redo+1","hubris:PowerSurge","All For One+1","Blizzard+1","Madness","Madness","Barrage","Storm","Barrage"],"relics":["Cracked Core","NeowsBlessing","infinitespire:Bottled Soul","Oddly Smooth Stone","hubris:MobiusCoin","hubris:SoftwareUpdate","vexMod:ImprovementManual","CaptainsWheel"],"acts_visited":["Exordium","TheCity","TheBeyond"],"potions_floor_usage":[6,16,16,31,33,41],"damage_taken":[{"damage":0,"enemies":"Cultist","floor":1,"turns":1},{"damage":0,"enemies":"Small Slimes","floor":3,"turns":1},{"damage":0,"enemies":"Jaw Worm","floor":4,"turns":1},{"damage":45,"enemies":"Lagavulin","floor":6,"turns":10},{"damage":8,"enemies":"Lots of Slimes","floor":7,"turns":5},{"damage":7,"enemies":"Red Slaver","floor":11,"turns":4},{"damage":0,"enemies":"Exordium Wildlife","floor":12,"turns":4},{"damage":0,"enemies":"Hexaghost","floor":16,"turns":11},{"damage":0,"enemies":"conspire:FuzzyDice","floor":18,"turns":5},{"damage":10,"enemies":"2 Thieves","floor":20,"turns":3},{"damage":17,"enemies":"Chosen and Byrds","floor":21,"turns":5},{"damage":16,"enemies":"Snake Plant","floor":22,"turns":3},{"damage":29,"enemies":"Shelled Parasite and Fungi","floor":27,"turns":6},{"damage":2,"enemies":"Cultist and Chosen","floor":29,"turns":4},{"damage":0,"enemies":"Snake Plant","floor":31,"turns":3},{"damage":34,"enemies":"hubris:MusketHawk","floor":33,"turns":6},{"damage":0,"enemies":"3 Darklings","floor":35,"turns":2},{"damage":55,"enemies":"2 Orb Walkers","floor":37,"turns":5},{"damage":0,"enemies":"Orb Walker","floor":38,"turns":2},{"damage":0,"enemies":"4 Shapes","floor":39,"turns":3},{"damage":0,"enemies":"Transient","floor":40,"turns":5},{"damage":76,"enemies":"Nightmare","floor":41,"turns":5}],"seed_played":"2538886558282753502","potions_obtained":[{"floor":1,"key":"Strength Potion"},{"floor":6,"key":"Dexterity Potion"},{"floor":12,"key":"DistilledChaos"},{"floor":16,"key":"FearPotion"},{"floor":21,"key":"DistilledChaos"},{"floor":22,"key":"DistilledChaos"},{"floor":35,"key":"SneckoOil"},{"floor":37,"key":"EssenceOfDarkness"},{"floor":39,"key":"LiquidMemories"}],"is_trial":false,"path_per_floor":["M","?","M","M","$","E","M","R","T","R","M","M","?","$","R","B",null,"M","$","M","M","M","R","$","R","T","M","AVR","M","?","M","R","B",null,"M","?","?","M","M","M","NM"],"character_chosen":"DEFECT","items_purchased":["Loop","Storm","Coolheaded"],"campfire_rested":1,"item_purchase_floors":[5,14,14],"current_hp_per_floor":[75,75,75,75,75,30,22,22,22,22,15,15,15,15,37,37,75,75,75,65,48,32,32,32,32,32,13,13,31,31,51,51,37,75,75,66,31,31,41,61,0,0],"gold":348,"neow_bonus":"THREE_ENEMY_KILL","is_daily":false,"chose_seed":false,"campfire_upgraded":5,"win_rate":0.0,"timestamp":1610570088,"path_taken":["M","?","M","?","$","E","M","R","T","R","M","M","?","$","R","BOSS","M","?","M","?","M","R","?","R","T","?","AVR","M","?","?","R","BOSS","M","?","?","M","M","M","NM"],"items_purchased_type":["Card","Card","Card"],"build_version":"2020-12-22","purchased_purges":2,"victory":false,"max_hp_per_floor":[75,75,75,75,75,75,75,75,75,75,75,75,75,75,75,75,75,75,75,75,75,75,75,75,75,75,75,75,75,75,75,75,75,75,75,75,75,75,75,75,75,75],"card_choices":[{"not_picked":["Steam","Sweeping Beam"],"picked":"Chill","floor":1},{"not_picked":["conspire:SharedLibrary","Chaos"],"picked":"Loop","floor":3},{"not_picked":["Gash","conspire:Rain"],"picked":"Streamline","floor":4},{"not_picked":["Go for the Eyes","Steam"],"picked":"Seek","floor":6},{"not_picked":["Go for the Eyes","Beam Cell"],"picked":"Defragment","floor":7},{"not_picked":["Go for the Eyes","Turbo"],"picked":"BootSequence","floor":11},{"not_picked":["Auto Shields","Sweeping Beam","Reinforced Body"],"picked":"SKIP","floor":12},{"not_picked":["hubris:SpecializedCircuitry","Rainbow"],"picked":"Electrodynamics","floor":16},{"not_picked":["Leap","Rebound"],"picked":"Ball Lightning","floor":18},{"not_picked":["Beam Cell","Turbo"],"picked":"Skim+1","floor":20},{"not_picked":["Static Discharge","Compile Driver"],"picked":"Coolheaded","floor":21},{"not_picked":["Redo+1","Cold Snap"],"picked":"Self Repair","floor":22},{"not_picked":["Streamline+1","Go for the Eyes+1"],"picked":"Lockon","floor":27},{"not_picked":["Ball Lightning+1","Hologram"],"picked":"Redo","floor":29},{"not_picked":["Sweeping Beam","Ball Lightning"],"picked":"hubris:PowerSurge","floor":31},{"not_picked":["Buffer","Multi-Cast"],"picked":"All For One","floor":33},{"not_picked":["Rebound+1","Go for the Eyes+1"],"picked":"Blizzard+1","floor":35},{"not_picked":["Streamline+1","Gash"],"picked":"Barrage","floor":37},{"not_picked":["Steam","Doom and Gloom","Rip and Tear+1"],"picked":"SKIP","floor":38},{"not_picked":["Conserve Battery","Compile Driver+1"],"picked":"Storm","floor":39},{"not_picked":["conspire:SharedLibrary+1","Steam"],"picked":"Barrage","floor":40}],"player_experience":123952,"relics_obtained":[{"floor":6,"key":"infinitespire:Bottled Soul"},{"floor":9,"key":"Oddly Smooth Stone"},{"floor":26,"key":"hubris:MobiusCoin"},{"floor":37,"key":"CaptainsWheel"}],"event_choices":[{"damage_healed":0,"gold_gain":0,"player_choice":"Upgraded","damage_taken":0,"max_hp_gain":0,"max_hp_loss":0,"event_name":"Upgrade Shrine","floor":2,"gold_loss":0,"cards_upgraded":["Chill"]},{"cards_removed":["Strike_B"],"damage_healed":0,"gold_gain":0,"player_choice":"Offered Basic","damage_taken":0,"max_hp_gain":0,"max_hp_loss":0,"event_name":"Bonfire Elementals","floor":13,"gold_loss":0},{"cards_removed":["Strike_B"],"damage_healed":0,"gold_gain":0,"player_choice":"Upgrade and Remove","damage_taken":0,"max_hp_gain":0,"max_hp_loss":0,"event_name":"Designer","floor":30,"gold_loss":90,"cards_upgraded":["Lockon"]},{"damage_healed":0,"gold_gain":0,"player_choice":"Embrace Madness","damage_taken":9,"max_hp_gain":0,"max_hp_loss":0,"event_name":"Winding Halls","floor":36,"gold_loss":0,"cards_obtained":["Madness","Madness"]},{"damage_healed":0,"gold_gain":0,"player_choice":"Fight","damage_taken":0,"max_hp_gain":0,"max_hp_loss":0,"event_name":"Mysterious Sphere","floor":37,"gold_loss":0}],"is_beta":false,"boss_relics":[{"not_picked":["Philosopher\u0027s Stone","conspire:RunicOctahedron","vexMod:MegatonBomb"]},{"not_picked":["Snecko Eye","vexMod:MysteryBossChallenge"],"picked":"vexMod:ImprovementManual"}],"items_purged_floors":[19,28],"is_endless":false,"potions_floor_spawned":[1,6,12,16,21,22,29,35,37,39,40],"killed_by":"Nightmare","ascension_level":0}}