{"host":"sav7uxregyirlf69","time":1610540775,"event":{"mods":["AchievementEnabler","BaseMod","Colored Map","DeckTracker","Keyboard Shortcuts","Minty Spire (QoL Compilation)","READ ME - Guardian Mod","StSLib","SuperFastMode"],"gold_per_floor":[109,124,138,138,153,153,38,66,66,66,66,90,90,104,104,200,200,213,87,87,87,110,110,133,174,226,226,270,300,337,368,380,481,493,529,566,137,151,167,167,167],"floor_reached":40,"language":"KOR","playtime":1389,"items_purged":["Strike_B","Strike_B","Strike_B"],"score":891,"play_id":"f65a37fe-a621-45a6-990f-30ab06a7e05d","local_time":"20210113212615","is_ascension_mode":true,"campfire_choices":[{"data":"Streamline","floor":6,"key":"SMITH"},{"data":"Zap","floor":11,"key":"SMITH"},{"data":"Go for the Eyes","floor":15,"key":"SMITH"},{"floor":23,"key":"REST"},{"floor":27,"key":"REST"},{"data":"Seek","floor":32,"key":"SMITH"}],"circlet_count":0,"master_deck":["AscendersBane","Defend_B","Defend_B","Defend_B","Zap+1","Dualcast","Streamline+1","Go for the Eyes+1","Beam Cell","Gash","Auto Shields","All For One","Steam","Rebound","Seek+1","BootSequence","Cold Snap","Heatsinks","Hologram","Reinforced Body","Gash+1","Steam","Machine Learning+1","Defragment+1","Glacier","Core Surge","Coolheaded+1","Gash+1","FTL","Discovery","Steam"],"relics":["Cracked Core","Blood Vial","Kunai","Matryoshka","Golden Idol","Runic Pyramid","Frozen Egg 2","PreservedInsect","Ancient Tea Set","MawBank","Black Star","Orrery"],"acts_visited":["Exordium","TheCity","TheBeyond"],"potions_floor_usage":[8,8,16,28,30,40],"damage_taken":[{"damage":1,"enemies":"2 Louse","floor":1,"turns":2},{"damage":7,"enemies":"Cultist","floor":2,"turns":4},{"damage":7,"enemies":"Jaw Worm","floor":3,"turns":3},{"damage":9,"enemies":"Looter","floor":5,"turns":3},{"damage":20,"enemies":"3 Sentries","floor":8,"turns":5},{"damage":13,"enemies":"Large Slime","floor":12,"turns":5},{"damage":0,"enemies":"2 Fungi Beasts","floor":14,"turns":3},{"damage":29,"enemies":"The Guardian","floor":16,"turns":12},{"damage":31,"enemies":"3 Byrds","floor":18,"turns":6},{"damage":8,"enemies":"Spheric Guardian","floor":22,"turns":5},{"damage":8,"enemies":"Snake Plant","floor":24,"turns":4},{"damage":13,"enemies":"Slavers","floor":25,"turns":6},{"damage":0,"enemies":"Gremlin Leader","floor":28,"turns":5},{"damage":0,"enemies":"Centurion and Healer","floor":29,"turns":6},{"damage":0,"enemies":"Chosen and Byrds","floor":30,"turns":7},{"damage":10,"enemies":"Snake Plant","floor":31,"turns":5},{"damage":44,"enemies":"Champ","floor":33,"turns":12},{"damage":7,"enemies":"3 Darklings","floor":35,"turns":7},{"damage":16,"enemies":"Orb Walker","floor":36,"turns":5},{"damage":12,"enemies":"Spire Growth","floor":38,"turns":8},{"damage":3,"enemies":"Writhing Mass","floor":39,"turns":6},{"damage":38,"enemies":"Reptomancer","floor":40,"turns":2}],"seed_played":"1335017504353701771","potions_obtained":[{"floor":1,"key":"DistilledChaos"},{"floor":4,"key":"AttackPotion"},{"floor":12,"key":"Fruit Juice"},{"floor":14,"key":"Fruit Juice"},{"floor":22,"key":"DuplicationPotion"},{"floor":29,"key":"Dexterity Potion"},{"floor":30,"key":"FocusPotion"}],"is_trial":false,"path_per_floor":["M","M","M","?","M","R","$","E","T","?","R","M","?","M","R","B",null,"M","$","?","?","M","R","M","E","T","R","E","M","M","M","R","B",null,"M","M","$","M","M","E"],"character_chosen":"DEFECT","items_purchased":["Auto Shields","Cold Snap","Orrery","Discovery","Steam"],"campfire_rested":2,"item_purchase_floors":[7,19,37,37,37],"current_hp_per_floor":[65,60,55,55,48,48,48,30,30,30,30,19,24,26,26,4,57,28,28,28,28,22,44,38,27,27,49,51,53,60,52,52,10,62,57,43,43,33,32,0,0],"gold":167,"neow_bonus":"RANDOM_COMMON_RELIC","is_daily":false,"chose_seed":false,"campfire_upgraded":4,"win_rate":0.0,"timestamp":1610540775,"path_taken":["M","M","M","?","?","R","$","E","T","?","R","M","?","M","R","BOSS","M","$","?","?","M","R","M","E","T","R","E","M","?","M","R","BOSS","M","M","$","M","M","E"],"items_purchased_type":["Card","Card","Relic","Card","Card"],"build_version":"2020-12-22","purchased_purges":3,"victory":false,"max_hp_per_floor":[71,71,71,71,71,71,71,71,71,64,64,64,69,69,69,74,74,74,74,74,74,74,74,74,74,74,74,74,74,79,79,79,79,79,79,79,79,79,79,79,79],"card_choices":[{"not_picked":["Beam Cell","Defragment"],"picked":"Streamline","floor":1},{"not_picked":["Steam","Barrage"],"picked":"Go for the Eyes","floor":2},{"not_picked":["Coolheaded","Steam"],"picked":"Beam Cell","floor":3},{"not_picked":["Rainbow","Compile Driver"],"picked":"Gash","floor":5},{"not_picked":["Streamline","Lockon"],"picked":"All For One","floor":8},{"not_picked":["Compile Driver","Barrage"],"picked":"Steam","floor":12},{"not_picked":["Cold Snap","Self Repair"],"picked":"Rebound","floor":14},{"not_picked":["Buffer","Fission"],"picked":"Seek","floor":16},{"not_picked":["Compile Driver","Hello World"],"picked":"BootSequence","floor":18},{"not_picked":["Loop","Leap+1"],"picked":"Gash+1","floor":22},{"not_picked":["Beam Cell","Darkness"],"picked":"Steam","floor":24},{"not_picked":["Barrage","Sweeping Beam","Ball Lightning"],"picked":"SKIP","floor":25},{"not_picked":["Meteor Strike","Redo","Sweeping Beam"],"picked":"SKIP","floor":28},{"not_picked":["Go for the Eyes","Reprogram"],"picked":"Machine Learning+1","floor":29},{"not_picked":["Loop+1","Rip and Tear"],"picked":"Defragment+1","floor":30},{"not_picked":["Tempest+1","Barrage"],"picked":"Glacier","floor":31},{"not_picked":["Multi-Cast","Meteor Strike"],"picked":"Core Surge","floor":33},{"not_picked":["Force Field","Streamline+1","Skim+1"],"picked":"SKIP","floor":35},{"not_picked":["Sweeping Beam","Redo"],"picked":"Coolheaded+1","floor":36},{"not_picked":["FTL","Self Repair+1"],"picked":"Gash+1","floor":37},{"not_picked":["Compile Driver+1","Leap"],"picked":"FTL","floor":37},{"not_picked":["Reprogram","Consume","Force Field"],"picked":"SKIP","floor":38},{"not_picked":["Compile Driver","Hologram","Streamline"],"picked":"SKIP","floor":39}],"player_experience":1270627,"relics_obtained":[{"floor":8,"key":"Kunai"},{"floor":9,"key":"Matryoshka"},{"floor":25,"key":"Frozen Egg 2"},{"floor":26,"key":"PreservedInsect"},{"floor":26,"key":"Ancient Tea Set"},{"floor":28,"key":"MawBank"}],"event_choices":[{"damage_healed":0,"gold_gain":0,"player_choice":"Got Potions","damage_taken":0,"max_hp_gain":0,"max_hp_loss":0,"event_name":"Lab","floor":4,"gold_loss":0},{"damage_healed":0,"gold_gain":0,"player_choice":"Lose Max HP","damage_taken":0,"relics_obtained":["Golden Idol"],"max_hp_gain":0,"max_hp_loss":7,"event_name":"Golden Idol","floor":10,"gold_loss":0},{"damage_healed":0,"gold_gain":0,"player_choice":"Donut","damage_taken":0,"max_hp_gain":5,"max_hp_loss":0,"event_name":"Big Fish","floor":13,"gold_loss":0},{"damage_healed":0,"gold_gain":0,"cards_transformed":["Strike_B","Defend_B"],"player_choice":"Became Test Subject","damage_taken":0,"max_hp_gain":0,"max_hp_loss":0,"event_name":"Drug Dealer","floor":20,"gold_loss":0,"cards_obtained":["Heatsinks","Hologram"]},{"damage_healed":0,"gold_gain":0,"player_choice":"1 cards matched","damage_taken":0,"max_hp_gain":0,"max_hp_loss":0,"event_name":"Match and Keep!","floor":21,"gold_loss":0,"cards_obtained":["Reinforced Body"]}],"is_beta":false,"boss_relics":[{"not_picked":["Coffee Dripper","Pandora\u0027s Box"],"picked":"Runic Pyramid"},{"not_picked":["Snecko Eye","Tiny House"],"picked":"Black Star"}],"items_purged_floors":[7,19,37],"is_endless":false,"potions_floor_spawned":[1,12,14,22,29,30,31,36],"killed_by":"Reptomancer","ascension_level":19}}