{"host":"01gbg40krdpein5y","time":1610522464,"event":{"mods":["BaseMod","BetterRewards","Minty Spire (QoL Compilation)","Permanent Neow","SuperFastMode","Transform Curses"],"gold_per_floor":[361,229,245,245,265,296,296,328,355,56,5,5,5,18,18,118,118,131,144,144,124,143,143,162,162,162,162,175,190,41,67,67,67,67],"floor_reached":33,"language":"ENG","playtime":1870,"items_purged":[],"score":275,"play_id":"1152c838-37e0-4a97-a8c7-3af2c07a85b7","local_time":"20210112232104","is_ascension_mode":false,"campfire_choices":[{"floor":7,"key":"REST"},{"data":"Genetic Algorithm","floor":13,"key":"SMITH"},{"data":"Conserve Battery","floor":15,"key":"SMITH"},{"data":"Dualcast","floor":23,"key":"SMITH"},{"floor":25,"key":"REST"},{"floor":27,"key":"REST"},{"data":"All For One","floor":32,"key":"SMITH"}],"circlet_count":0,"master_deck":["Strike_B","Strike_B","Strike_B","Strike_B","Defend_B","Defend_B","Defend_B","Defend_B","Zap+1","Dualcast+1","All For One+1","Conserve Battery+1","Genetic Algorithm+1","All For One","Gash+1","Turbo+1","Hello World+1","Rebound+1","Static Discharge+1"],"relics":["Cracked Core","Ancient Tea Set","Tiny Chest","Bronze Scales","Pen Nib","Vajra","ClockworkSouvenir","Black Star","Bottled Flame","Ornamental Fan","Bag of Preparation","MealTicket","Toy Ornithopter"],"acts_visited":["Exordium","TheCity"],"potions_floor_usage":[6,14,16,19,22,22,24,31,31,33],"damage_taken":[{"damage":0,"enemies":"Small Slimes","floor":1,"turns":3},{"damage":0,"enemies":"Cultist","floor":3,"turns":3},{"damage":3,"enemies":"Jaw Worm","floor":5,"turns":4},{"damage":25,"enemies":"3 Sentries","floor":6,"turns":7},{"damage":28,"enemies":"Lagavulin","floor":8,"turns":6},{"damage":10,"enemies":"Exordium Thugs","floor":14,"turns":3},{"damage":16,"enemies":"The Guardian","floor":16,"turns":10},{"damage":3,"enemies":"3 Byrds","floor":18,"turns":3},{"damage":5,"enemies":"2 Thieves","floor":19,"turns":4},{"damage":11,"enemies":"Snake Plant","floor":22,"turns":4},{"damage":15,"enemies":"3 Cultists","floor":24,"turns":4},{"damage":0,"enemies":"Snecko","floor":28,"turns":5},{"damage":5,"enemies":"Chosen and Byrds","floor":29,"turns":4},{"damage":15,"enemies":"Slavers","floor":31,"turns":2},{"damage":64,"enemies":"Automaton","floor":33,"turns":6}],"seed_played":"-7561397283043528535","potions_obtained":[{"floor":5,"key":"BlessingOfTheForge"},{"floor":6,"key":"Swift Potion"},{"floor":8,"key":"Block Potion"},{"floor":16,"key":"AttackPotion"},{"floor":19,"key":"PowerPotion"},{"floor":21,"key":"PotionOfCapacity"},{"floor":24,"key":"SteroidPotion"},{"floor":28,"key":"AttackPotion"},{"floor":29,"key":"Block Potion"}],"is_trial":false,"path_per_floor":["M","?","M","?","M","E","R","E","T","$","$","?","R","M","R","B",null,"M","M","T","?","M","R","M","R","T","R","M","M","$","E","R","B"],"character_chosen":"DEFECT","items_purchased":["Vajra","ClockworkSouvenir","AttackPotion","Bag of Preparation"],"campfire_rested":3,"item_purchase_floors":[10,10,11,30],"current_hp_per_floor":[54,54,54,54,51,26,48,20,20,20,20,75,75,65,65,49,75,72,67,67,67,56,56,41,63,63,75,75,70,70,55,55,0,0],"gold":67,"neow_bonus":"TWO_FIFTY_GOLD","is_daily":false,"chose_seed":false,"campfire_upgraded":4,"win_rate":0.0,"timestamp":1610522464,"path_taken":["M","?","?","?","M","E","R","E","T","?","$","?","R","M","R","BOSS","M","?","?","?","M","R","M","R","T","R","?","M","$","E","R","BOSS"],"items_purchased_type":["Relic","Relic","Potion","Relic"],"build_version":"2020-12-22","purchased_purges":0,"victory":false,"max_hp_per_floor":[75,75,75,75,75,75,75,75,75,75,75,75,75,75,75,75,75,75,75,75,75,75,75,75,75,75,75,75,75,75,75,75,75,75],"card_choices":[{"not_picked":["Leap","Go for the Eyes"],"picked":"Heatsinks","floor":1},{"not_picked":["Go for the Eyes","Reprogram","Redo"],"picked":"SKIP","floor":3},{"not_picked":["Go for the Eyes","Cold Snap"],"picked":"All For One","floor":5},{"not_picked":["Hologram","Chaos"],"picked":"Conserve Battery","floor":6},{"not_picked":["Ball Lightning","FTL"],"picked":"Genetic Algorithm","floor":8},{"not_picked":["Conserve Battery","Skim","Hologram"],"picked":"SKIP","floor":14},{"not_picked":["Core Surge","Thunder Strike"],"picked":"All For One","floor":16},{"not_picked":["Ball Lightning","Compile Driver","Leap"],"picked":"SKIP","floor":18},{"not_picked":["Compile Driver","Force Field"],"picked":"Gash+1","floor":19},{"not_picked":["Genetic Algorithm","Leap+1"],"picked":"Turbo+1","floor":22},{"not_picked":["Reprogram","Steam"],"picked":"Hello World+1","floor":24},{"not_picked":["Glacier","Reprogram"],"picked":"Rebound+1","floor":28},{"not_picked":["Sweeping Beam","Stack","Consume"],"picked":"SKIP","floor":29},{"not_picked":["Amplify","Go for the Eyes+1"],"picked":"Static Discharge+1","floor":31}],"player_experience":305630,"relics_obtained":[{"floor":6,"key":"Tiny Chest"},{"floor":8,"key":"Bronze Scales"},{"floor":9,"key":"Pen Nib"},{"floor":20,"key":"Bottled Flame"},{"floor":26,"key":"Ornamental Fan"},{"floor":31,"key":"MealTicket"},{"floor":31,"key":"Toy Ornithopter"}],"event_choices":[{"damage_healed":0,"gold_gain":0,"player_choice":"Paid Gold","damage_taken":0,"relics_obtained":["Ancient Tea Set"],"max_hp_gain":0,"max_hp_loss":0,"event_name":"WeMeetAgain","floor":2,"gold_loss":132},{"damage_healed":0,"gold_gain":0,"player_choice":"Grow","damage_taken":0,"max_hp_gain":0,"max_hp_loss":0,"event_name":"Living Wall","floor":4,"gold_loss":0,"cards_upgraded":["Zap"]},{"cards_removed":["Heatsinks"],"damage_healed":55,"gold_gain":0,"player_choice":"Offered Uncommon","damage_taken":0,"max_hp_gain":0,"max_hp_loss":0,"event_name":"Bonfire Elementals","floor":12,"gold_loss":0},{"damage_healed":0,"gold_gain":0,"player_choice":"Bought 1 Potion","damage_taken":0,"max_hp_gain":0,"max_hp_loss":0,"event_name":"The Woman in Blue","floor":21,"gold_loss":0}],"is_beta":false,"boss_relics":[{"not_picked":["SlaversCollar","Astrolabe"],"picked":"Black Star"}],"items_purged_floors":[],"is_endless":false,"potions_floor_spawned":[5,6,8,16,19,24,28,29],"killed_by":"Automaton","ascension_level":0}}