{"host":"c3lc60y5x60jlt1y","time":1610533161,"event":{"mods":["AchievementEnabler","BaseMod","Bestiary","Colored Map","Minty Spire (QoL Compilation)","Quick Restart","StSLib","ojb\u0027s Info Mod"],"gold_per_floor":[110,110,129,57,57,57,86,100,100,128,128,146,177,177,177,280,280,291,310,10,20,30,60,60,86,132,132,132],"floor_reached":27,"playtime":1619,"items_purged":["Strike_B"],"score":355,"play_id":"5e110e83-1801-4570-94a0-29b58165cda0","local_time":"20210113121921","is_ascension_mode":true,"campfire_choices":[{"data":"Sunder","floor":6,"key":"SMITH"},{"data":"Storm","floor":11,"key":"SMITH"},{"floor":15,"key":"REST"},{"floor":24,"key":"REST"}],"circlet_count":0,"master_deck":["Strike_B","Strike_B","Defend_B","Defend_B","Defend_B","Defend_B+1","Zap+1","Dualcast","Loop","Streamline","Sunder+1","Multi-Cast","Storm+1","Leap","Go for the Eyes","Darkness","Machine Learning","Reboot","Core Surge","Stack+1","Chill","Self Repair","Defragment","Storm","Aggregate+1","Static Discharge","Tempest+1"],"relics":["Cracked Core","NeowsBlessing","Sundial","Dream Catcher","The Courier","Mercury Hourglass","Sozu","Chemical X","White Beast Statue","StrikeDummy","War Paint"],"acts_visited":["Exordium","TheCity"],"potions_floor_usage":[10,13,16],"damage_taken":[{"damage":0,"enemies":"Jaw Worm","floor":1,"turns":1},{"damage":0,"enemies":"2 Louse","floor":3,"turns":1},{"damage":0,"enemies":"Lagavulin","floor":7,"turns":1},{"damage":0,"enemies":"Cultist","floor":8,"turns":2},{"damage":25,"enemies":"3 Sentries","floor":10,"turns":6},{"damage":15,"enemies":"Gremlin Gang","floor":12,"turns":4},{"damage":29,"enemies":"Gremlin Nob","floor":13,"turns":4},{"damage":8,"enemies":"Hexaghost","floor":16,"turns":8},{"damage":27,"enemies":"2 Thieves","floor":18,"turns":3},{"damage":5,"enemies":"Spheric Guardian","floor":19,"turns":3},{"damage":9,"enemies":"Chosen and Byrds","floor":21,"turns":4},{"damage":0,"enemies":"Snake Plant","floor":22,"turns":2},{"damage":33,"enemies":"Gremlin Leader","floor":23,"turns":6},{"damage":40,"enemies":"Book of Stabbing","floor":25,"turns":4},{"damage":22,"enemies":"Centurion and Healer","floor":27,"turns":2}],"seed_played":"-95172496438202741","potions_obtained":[{"floor":1,"key":"DuplicationPotion"},{"floor":7,"key":"Strength Potion"},{"floor":12,"key":"Strength Potion"},{"floor":13,"key":"ColorlessPotion"}],"is_trial":false,"path_per_floor":["M","?","M","$","?","R","E","M","T","E","R","M","E","?","R","B",null,"M","M","$","M","M","E","R","E","T","M"],"character_chosen":"DEFECT","items_purchased":["Sunder","Chemical X","Self Repair","Defragment"],"campfire_rested":2,"item_purchase_floors":[4,20,20,20],"current_hp_per_floor":[75,68,68,68,73,73,73,73,73,48,48,33,4,4,28,20,80,53,48,48,39,46,20,44,11,11,0,0],"gold":132,"neow_bonus":"THREE_ENEMY_KILL","is_daily":false,"chose_seed":false,"campfire_upgraded":2,"win_rate":0.0,"timestamp":1610533161,"path_taken":["M","?","M","$","?","R","E","M","T","E","R","M","E","?","R","BOSS","M","M","$","?","?","E","R","E","T","M"],"items_purchased_type":["Card","Relic","Card","Card"],"build_version":"2020-12-22","purchased_purges":1,"victory":false,"max_hp_per_floor":[75,75,75,75,80,80,80,80,80,80,80,80,80,80,80,80,80,80,80,80,80,80,80,80,80,80,80,80],"card_choices":[{"not_picked":["Compile Driver","Rip and Tear"],"picked":"Loop","floor":1},{"not_picked":["Go for the Eyes","Coolheaded"],"picked":"Streamline","floor":3},{"not_picked":["Cold Snap","Sweeping Beam"],"picked":"Multi-Cast","floor":7},{"not_picked":["Sweeping Beam","BootSequence"],"picked":"Storm","floor":8},{"not_picked":["Barrage","Skim"],"picked":"Leap","floor":10},{"not_picked":["Skim","Redo"],"picked":"Go for the Eyes","floor":12},{"not_picked":["Reprogram","Steam Power"],"picked":"Darkness","floor":13},{"not_picked":["Heatsinks","Streamline"],"picked":"Reboot","floor":15},{"not_picked":["Multi-Cast","Machine Learning"],"picked":"Core Surge","floor":16},{"not_picked":["Ball Lightning","Leap"],"picked":"Stack+1","floor":18},{"not_picked":["Hologram","Auto Shields+1"],"picked":"Chill","floor":19},{"not_picked":["Sweeping Beam","Darkness"],"picked":"Storm","floor":21},{"not_picked":["Coolheaded","Compile Driver"],"picked":"Aggregate+1","floor":22},{"not_picked":["Turbo","Scrape+1"],"picked":"Static Discharge","floor":23},{"not_picked":["Double Energy","Reprogram"],"picked":"Tempest+1","floor":25}],"player_experience":8006227,"relics_obtained":[{"floor":7,"key":"Sundial"},{"floor":9,"key":"Dream Catcher"},{"floor":10,"key":"The Courier"},{"floor":13,"key":"Mercury Hourglass"},{"floor":23,"key":"White Beast Statue"},{"floor":25,"key":"StrikeDummy"},{"floor":26,"key":"War Paint"}],"event_choices":[{"cards_removed":["Strike_B"],"damage_healed":0,"gold_gain":0,"player_choice":"Card Removal","damage_taken":7,"max_hp_gain":0,"max_hp_loss":0,"event_name":"Golden Wing","floor":2,"gold_loss":0},{"damage_healed":0,"gold_gain":0,"player_choice":"Donut","damage_taken":0,"max_hp_gain":5,"max_hp_loss":0,"event_name":"Big Fish","floor":5,"gold_loss":0},{"damage_healed":0,"gold_gain":0,"player_choice":"1 cards matched","damage_taken":0,"max_hp_gain":0,"max_hp_loss":0,"event_name":"Match and Keep!","floor":14,"gold_loss":0,"cards_obtained":["Machine Learning"]}],"is_beta":false,"boss_relics":[{"not_picked":["Ectoplasm","Inserter"],"picked":"Sozu"}],"items_purged_floors":[20],"is_endless":false,"potions_floor_spawned":[1,7,12,13,19,21,25],"killed_by":"Centurion and Healer","ascension_level":4}}