{"host":"5ezk7t18wcb10u1o","time":1610534513,"event":{"mods":["BaseMod","Bestiary","Colored Powertips","Minty Spire (QoL Compilation)","Relic Sorter"],"gold_per_floor":[111,130,130,145,156,156,170,170,170,170,95,114,130,146,146,219,219,229,245,245,263,263,263,294,294,294,294,307,307,307],"floor_reached":29,"language":"ENG","playtime":1029,"items_purged":["Defend_B"],"score":478,"play_id":"6ffa185f-2ad2-44b2-a81c-6c7ef8492fd0","local_time":"20210113104153","is_ascension_mode":true,"campfire_choices":[{"data":"Fusion","floor":6.0,"key":"SMITH"},{"data":"Dualcast","floor":8,"key":"SMITH"},{"data":"Defragment","floor":15,"key":"SMITH"},{"floor":23,"key":"REST"},{"floor":25,"key":"REST"},{"data":"Barrage","floor":27,"key":"SMITH"}],"circlet_count":0,"master_deck":["AscendersBane","Strike_B","Strike_B","Strike_B","Defend_B","Defend_B","Zap","Dualcast+1","Conserve Battery","Ball Lightning","Electrodynamics","Doom and Gloom","Fusion+1","Leap","Genetic Algorithm","Defragment+1","Leap","Auto Shields+1","Genetic Algorithm+1","Barrage+1","Coolheaded"],"relics":["Cracked Core","Bag of Marbles","MealTicket","Inserter","Oddly Smooth Stone","Gremlin Horn"],"acts_visited":["Exordium","TheCity"],"potions_floor_usage":[12,16,21,28],"damage_taken":[{"damage":4.0,"enemies":"Small Slimes","floor":1.0,"turns":3.0},{"damage":0.0,"enemies":"Cultist","floor":2.0,"turns":3.0},{"damage":0.0,"enemies":"2 Louse","floor":4.0,"turns":2.0},{"damage":7.0,"enemies":"Red Slaver","floor":5.0,"turns":3.0},{"damage":11,"enemies":"Blue Slaver","floor":7,"turns":3},{"damage":0,"enemies":"3 Louse","floor":12,"turns":1},{"damage":0,"enemies":"Large Slime","floor":13,"turns":4},{"damage":13,"enemies":"Exordium Wildlife","floor":14,"turns":2},{"damage":18,"enemies":"Slime Boss","floor":16,"turns":6},{"damage":13,"enemies":"Chosen","floor":18,"turns":5},{"damage":24,"enemies":"Shell Parasite","floor":19,"turns":5},{"damage":3,"enemies":"Centurion and Healer","floor":21,"turns":9},{"damage":56,"enemies":"Gremlin Leader","floor":24,"turns":7},{"damage":22,"enemies":"Shelled Parasite and Fungi","floor":28,"turns":5},{"damage":2,"enemies":"Snake Plant","floor":29,"turns":2}],"seed_played":"268810488507491698","potions_obtained":[{"floor":4.0,"key":"Explosive Potion"},{"floor":12,"key":"Swift Potion"},{"floor":13,"key":"Weak Potion"},{"floor":18,"key":"ColorlessPotion"}],"is_trial":false,"path_per_floor":["M","M","?","M","M","R","M","R","T","$","$","M","M","M","R","B",null,"M","M","$","M","?","R","E","R","T","R","M","M"],"character_chosen":"DEFECT","items_purchased":[],"campfire_rested":2,"item_purchase_floors":[],"current_hp_per_floor":[60,60,60,60,53,53,42,42,42,57,71,71,71,58,58,40,63,50,26,41,38,38,59,3,24,24,24,2,0,0],"gold":307,"neow_bonus":"RANDOM_COMMON_RELIC","is_daily":false,"chose_seed":false,"campfire_upgraded":4,"win_rate":0.0,"timestamp":1610534513,"path_taken":["M","M","?","M","M","R","M","R","T","?","$","?","M","M","R","BOSS","M","M","$","M","?","R","E","R","T","R","?","M"],"items_purchased_type":[],"build_version":"2020-12-22","purchased_purges":1,"victory":false,"max_hp_per_floor":[71,71,71,71,71,71,71,71,71,71,71,71,71,71,71,71,71,71,71,71,71,71,71,71,71,71,71,71,71,71],"card_choices":[{"not_picked":["Streamline","Tempest"],"picked":"Conserve Battery","floor":1.0},{"not_picked":["Turbo","Compile Driver"],"picked":"Ball Lightning","floor":2.0},{"not_picked":["Coolheaded","Heatsinks"],"picked":"Doom and Gloom","floor":4.0},{"not_picked":["Electrodynamics","Glacier"],"picked":"Fusion","floor":5.0},{"not_picked":["Gash","Rebound","Stack"],"picked":"SKIP","floor":7},{"not_picked":["Glacier","Turbo"],"picked":"Leap","floor":12},{"not_picked":["White Noise","Rebound"],"picked":"Genetic Algorithm","floor":13},{"not_picked":["Undo","Hello World"],"picked":"Defragment","floor":14},{"not_picked":["Streamline","Stack"],"picked":"Leap","floor":18},{"not_picked":["Conserve Battery","Steam"],"picked":"Auto Shields+1","floor":19},{"not_picked":["Sweeping Beam","Redo"],"picked":"Genetic Algorithm+1","floor":21},{"not_picked":["Chaos","Hologram"],"picked":"Barrage","floor":24},{"not_picked":["Cold Snap","Sunder"],"picked":"Coolheaded","floor":28}],"player_experience":1122456,"relics_obtained":[{"floor":9,"key":"MealTicket"},{"floor":24,"key":"Oddly Smooth Stone"},{"floor":26,"key":"Gremlin Horn"}],"event_choices":[{"damage_healed":0.0,"max_hp_gain":0.0,"max_hp_loss":0.0,"gold_gain":0.0,"cards_transformed":["Strike_B"],"event_name":"Transmorgrifier","player_choice":"Transformed","floor":3.0,"gold_loss":0.0,"damage_taken":0.0,"cards_obtained":["Electrodynamics"]},{"cards_removed":["Defend_B"],"damage_healed":0,"gold_gain":0,"player_choice":"Purged","damage_taken":0,"max_hp_gain":0,"max_hp_loss":0,"event_name":"Purifier","floor":22,"gold_loss":0}],"is_beta":false,"boss_relics":[{"not_picked":["Astrolabe","Pandora\u0027s Box"],"picked":"Inserter"}],"items_purged_floors":[11],"is_endless":false,"potions_floor_spawned":[4,12,13,18],"killed_by":"Snake Plant","ascension_level":20}}