{"host":"qy1e0kd24tpj3i2m","time":1610535183,"event":{"mods":["Act Like it!","Alarm Clock","BaseMod","Better Skull","Better Vampires","Colored Map","Colored Powertips","Custom Start","Faster Ascension Climbing","Friendly Minions","GifTheSpireLib","Gremlin Skip","Highlight Path","Minty Spire (QoL Compilation)","Permanent Neow","Poor People Problems","Quick Restart","Red Circlet Mod","Relic Sorter","Reorder Act Four","SacredBarkPlus","Shop Mod","StSLib","SuperFastMode","Transform Curses","没有小屋子和绿帽子啦"],"gold_per_floor":[114,114,124,124,141,176,176,176,176],"floor_reached":8,"language":"ZHS","playtime":277,"items_purged":[],"score":112,"play_id":"7a683fbc-b141-4cf8-8c98-49b86eef9b29","local_time":"20210113195303","is_ascension_mode":true,"campfire_choices":[{"data":"Flex","floor":7,"key":"SMITH"}],"circlet_count":0,"master_deck":["AscendersBane","Strike_R","Strike_R","Strike_R","Strike_R","Strike_R","Defend_R","Defend_R","Defend_R","Defend_R","Bash","Feed","Sword Boomerang","Double Tap","Flex+1","Exhume"],"relics":["Burning Blood","WarpedTongs","InkBottle"],"acts_visited":["Exordium"],"potions_floor_usage":[],"damage_taken":[{"damage":2.0,"enemies":"2 Louse","floor":1.0,"turns":3.0},{"damage":9.0,"enemies":"Cultist","floor":3.0,"turns":4.0},{"damage":3.0,"enemies":"Small Slimes","floor":5.0,"turns":2.0},{"damage":74,"enemies":"3 Sentries","floor":6,"turns":15},{"damage":27,"enemies":"Lagavulin","floor":8,"turns":3}],"seed_played":"2194220577662041087","potions_obtained":[],"is_trial":false,"path_per_floor":["M","?","M","?","M","E","R","E"],"character_chosen":"IRONCLAD","items_purchased":[],"campfire_rested":0,"item_purchase_floors":[],"current_hp_per_floor":[71,71,71,71,77,13,13,0,0],"gold":176,"neow_bonus":"THREE_RARE_CARDS","is_daily":false,"chose_seed":false,"campfire_upgraded":1,"win_rate":0.0,"timestamp":1610535183,"path_taken":["M","?","?","?","M","E","R","E"],"items_purchased_type":[],"build_version":"2020-12-22","purchased_purges":0,"victory":false,"max_hp_per_floor":[71,71,74,74,77,81,81,81,81],"card_choices":[{"not_picked":["Exhume","Offering"],"picked":"Feed","floor":0.0},{"not_picked":["Armaments","Heavy Blade"],"picked":"Sword Boomerang","floor":1.0},{"not_picked":["Perfected Strike","Cleave"],"picked":"Double Tap","floor":3.0},{"not_picked":["Thunderclap","Heavy Blade"],"picked":"Flex","floor":5.0},{"not_picked":["Wild Strike","Twin Strike"],"picked":"Exhume","floor":6}],"player_experience":908516,"relics_obtained":[{"floor":6,"key":"InkBottle"}],"event_choices":[{"damage_healed":0.0,"max_hp_gain":0.0,"max_hp_loss":0.0,"gold_gain":0.0,"event_name":"Accursed Blacksmith","player_choice":"Rummage","floor":2.0,"gold_loss":0.0,"damage_taken":0.0,"relics_obtained":["WarpedTongs"],"cards_obtained":["Pain"]},{"cards_removed":["Pain"],"damage_healed":0.0,"max_hp_gain":0.0,"max_hp_loss":0.0,"gold_gain":0.0,"event_name":"Living Wall","player_choice":"Forget","floor":4.0,"gold_loss":0.0,"damage_taken":0.0}],"is_beta":false,"boss_relics":[],"items_purged_floors":[],"is_endless":false,"potions_floor_spawned":[],"killed_by":"Lagavulin","ascension_level":20}}