{"host":"ohuqxemsk44kggmp","time":1610563502,"event":{"mods":["Act Like it!","BaseMod","Better Third Choice","Colored Powertips","Conspire","Marked Mod","Minty Spire (QoL Compilation)","Pale of the Ancients","Replay The Spire","StSLib","Waifu the Spire"],"gold_per_floor":[119,119,119,134,149,149,183,183,183,183,194,207,237,187,187,283,283,302,302,322,322,322,322,389,416,416,416,451,451,451],"floor_reached":29,"language":"ENG","playtime":1414,"items_purged":[],"score":311,"play_id":"e483385b-a6b9-4354-9fef-52c5bce3eb8b","local_time":"20210113194502","is_ascension_mode":true,"campfire_choices":[{"floor":6.0,"key":"REST"},{"floor":8.0,"key":"REST"},{"data":"WindmillStrike","floor":10.0,"key":"SMITH"},{"floor":23.0,"key":"REST"},{"floor":27.0,"key":"REST"}],"circlet_count":0,"master_deck":["Strike_P","Strike_P","Strike_P","Strike_P","Defend_P","Defend_P","Defend_P","Defend_P","Eruption","Vigilance","EmptyFist","Replay:DivineShield+1","WindmillStrike+1","Halt","CrushJoints","MarkedMod:NorthStar","Alpha","CrushJoints+1","MarkedMod:GracefulMovements","ConjureBlade","EmptyBody+1","MarkedMod:PinPointDefense+1"],"relics":["VioletLotus","Replay:Purple Gloves","Ice Cream","Bag of Marbles","betterThird:SlimedRelic","Ring of Chaos","SsserpentHead","Blue Candle","Frozen Egg 2"],"acts_visited":["Exordium","TheCity"],"potions_floor_usage":[29,29],"damage_taken":[{"damage":4.0,"enemies":"Jaw Worm","floor":1.0,"turns":3.0},{"damage":6.0,"enemies":"Cultist","floor":4.0,"turns":3.0},{"damage":0.0,"enemies":"Small Slimes","floor":5.0,"turns":5.0},{"damage":30.0,"enemies":"Gremlin Nob","floor":7.0,"turns":5.0},{"damage":2.0,"enemies":"conspire:2 RoseBushes","floor":11.0,"turns":6.0},{"damage":2.0,"enemies":"3 Louse","floor":12.0,"turns":3.0},{"damage":26.0,"enemies":"3 Sentries","floor":13.0,"turns":9.0},{"damage":14.0,"enemies":"Hexaghost","floor":16.0,"turns":10.0},{"damage":20.0,"enemies":"Shell Parasite","floor":18.0,"turns":6.0},{"damage":2.0,"enemies":"conspire:FuzzyDice","floor":20.0,"turns":4.0},{"damage":23.0,"enemies":"Snake Plant","floor":24.0,"turns":6.0},{"damage":32.0,"enemies":"Book of Stabbing","floor":25.0,"turns":6.0},{"damage":25.0,"enemies":"conspire:SneckoGhost","floor":28.0,"turns":8.0},{"damage":13,"enemies":"Snecko","floor":29,"turns":4}],"seed_played":"-5492487130533190737","potions_obtained":[{"floor":2.0,"key":"LifebloodPotion"},{"floor":2.0,"key":"LiquidBronze"},{"floor":2.0,"key":"PowerPotion"},{"floor":25.0,"key":"Dexterity Potion"}],"is_trial":false,"path_per_floor":["M","?","$","M","M","R","E","R","T","R","M","M","E","?","R","B",null,"M","?","M","?","?","R","M","E","T","R","E","M"],"character_chosen":"WATCHER","items_purchased":[],"campfire_rested":4,"item_purchase_floors":[],"current_hp_per_floor":[68,68,68,62,62,72,42,63,63,63,61,59,33,22,43,29,72,52,52,50,50,50,71,48,16,16,37,12,0,0],"gold":451,"neow_bonus":"BOSS_RELIC","is_daily":false,"chose_seed":false,"campfire_upgraded":1,"win_rate":0.0,"timestamp":1610563502,"path_taken":["M","?","$","M","?","R","E","R","T","R","M","M","E","?","R","BOSS","M","?","M","?","?","R","?","E","T","R","E","M"],"items_purchased_type":[],"build_version":"2020-12-22","purchased_purges":0,"victory":false,"max_hp_per_floor":[72,72,72,72,72,72,72,72,72,72,72,72,72,72,72,72,72,72,72,72,72,72,72,72,72,72,72,72,72,72],"card_choices":[{"not_picked":["Replay:BluntJabs","Prostrate"],"picked":"EmptyFist","floor":1.0},{"not_picked":["CutThroughFate","Indignation"],"picked":"Replay:DivineShield","floor":4.0},{"not_picked":["CrushJoints","EmptyBody"],"picked":"WindmillStrike","floor":5.0},{"not_picked":["FollowUp","Vengeance"],"picked":"Halt","floor":7.0},{"not_picked":["ForeignInfluence","FollowUp"],"picked":"CrushJoints","floor":11.0},{"not_picked":["Evaluate","WreathOfFlame","FlurryOfBlows"],"picked":"SKIP","floor":12.0},{"not_picked":["Collect","Adaptation"],"picked":"MarkedMod:NorthStar","floor":13.0},{"not_picked":["DeusExMachina","LessonLearned"],"picked":"Alpha","floor":16.0},{"not_picked":["FollowUp+1","Replay:AtTheReady"],"picked":"CrushJoints+1","floor":18.0},{"not_picked":["MarkedMod:FirstStrike","WheelKick"],"picked":"MarkedMod:GracefulMovements","floor":20.0},{"not_picked":["WreathOfFlame","MentalFortress"],"picked":"ConjureBlade","floor":24.0},{"not_picked":["MarkedMod:FirstStrike","Tantrum"],"picked":"EmptyBody+1","floor":25.0},{"not_picked":["Study+1","BowlingBash"],"picked":"MarkedMod:PinPointDefense+1","floor":28.0}],"player_experience":487333,"relics_obtained":[{"floor":7.0,"key":"Replay:Purple Gloves"},{"floor":9.0,"key":"Ice Cream"},{"floor":13.0,"key":"Bag of Marbles"},{"floor":25.0,"key":"Blue Candle"},{"floor":28.0,"key":"Frozen Egg 2"}],"event_choices":[{"damage_healed":0.0,"max_hp_gain":0.0,"max_hp_loss":0.0,"gold_gain":0.0,"event_name":"Lab","player_choice":"Got Potions","floor":2.0,"gold_loss":0.0,"damage_taken":0.0},{"damage_healed":0.0,"max_hp_gain":0.0,"max_hp_loss":0.0,"gold_gain":0.0,"event_name":"betterThird:BetterGoop","player_choice":"Slimed","floor":14.0,"gold_loss":50.0,"damage_taken":11.0},{"damage_healed":0.0,"max_hp_gain":0.0,"max_hp_loss":0.0,"gold_gain":0.0,"event_name":"Vampires","player_choice":"Ignored","floor":19.0,"gold_loss":0.0,"damage_taken":0.0},{"damage_healed":0.0,"max_hp_gain":0.0,"max_hp_loss":0.0,"gold_gain":0.0,"event_name":"Beggar","player_choice":"Ignored","floor":21.0,"gold_loss":0.0,"damage_taken":0.0},{"damage_healed":0.0,"max_hp_gain":0.0,"max_hp_loss":0.0,"gold_gain":0.0,"event_name":"FaceTrader","player_choice":"Trade","floor":22.0,"gold_loss":0.0,"damage_taken":0.0,"relics_obtained":["SsserpentHead"]}],"is_beta":false,"boss_relics":[{"not_picked":["SacredBark","conspire:RoyalGoblet"],"picked":"Ring of Chaos"}],"items_purged_floors":[],"is_endless":false,"potions_floor_spawned":[7,12,25],"killed_by":"Snecko","ascension_level":1}}