{"host":"6r3ioyv75hs1gp74","time":1610497147,"event":{"mods":["AchievementEnabler","Act Like it!","BaseMod","Better Sensory Stone","Better Third Choice","Block Reminder","Colored Map","Colored Powertips","Curses Come First","Minty Spire (QoL Compilation)","StSLib"],"gold_per_floor":[117,117,117,137,150,185,185,214,214,233,233,233,249,42,42,140,140,159,16,27,38,50,82,82,96,119,150,150,150,162,162,162],"floor_reached":31,"language":"ENG","playtime":2725,"items_purged":["Regret"],"score":380,"play_id":"d7c10bc2-8f4a-44aa-bb45-8b9a12150227","local_time":"20210113001907","is_ascension_mode":true,"campfire_choices":[{"data":"Zap","floor":7,"key":"SMITH"},{"data":"Chill","floor":11,"key":"SMITH"},{"floor":15,"key":"REST"},{"floor":24,"key":"REST"},{"floor":28,"key":"REST"}],"circlet_count":0,"master_deck":["Strike_B","Strike_B","Strike_B","Strike_B","Defend_B","Defend_B","Defend_B+1","Defend_B","Zap+1","Dualcast","Sweeping Beam","Go for the Eyes","Scrape","Conserve Battery+1","Chill+1","Parasite","Tempest","Streamline","Storm","Sweeping Beam","Multi-Cast","Ball Lightning+1","Loop","Defragment","FTL+1","Chaos","Fusion","Melter","White Noise","Compile Driver","Machine Learning","Genetic Algorithm","Shame","Heatsinks+1","Darkness"],"relics":["Cursed Key","Bronze Scales","Incense Burner","Pear","NlothsMask","Runic Pyramid","Orrery","Turnip","Torii","Nloth\u0027s Gift"],"acts_visited":["Exordium","TheCity"],"potions_floor_usage":[1,6,8,8,8,21,23,27],"damage_taken":[{"damage":4,"enemies":"Jaw Worm","floor":1,"turns":4},{"damage":1,"enemies":"Small Slimes","floor":4,"turns":3},{"damage":5,"enemies":"Cultist","floor":5,"turns":3},{"damage":28,"enemies":"Lagavulin","floor":6,"turns":5},{"damage":25,"enemies":"Gremlin Nob","floor":8,"turns":4},{"damage":1,"enemies":"Large Slime","floor":10,"turns":4},{"damage":0,"enemies":"Gremlin Gang","floor":13,"turns":3},{"damage":37,"enemies":"Hexaghost","floor":16,"turns":9},{"damage":4,"enemies":"Shell Parasite","floor":18,"turns":5},{"damage":2,"enemies":"Chosen","floor":20,"turns":4},{"damage":14,"enemies":"Centurion and Healer","floor":21,"turns":5},{"damage":0,"enemies":"Cultist and Chosen","floor":22,"turns":4},{"damage":44,"enemies":"Gremlin Leader","floor":23,"turns":7},{"damage":15,"enemies":"Snake Plant","floor":25,"turns":5},{"damage":29,"enemies":"Slavers","floor":27,"turns":5},{"damage":19,"enemies":"Snecko","floor":30,"turns":7},{"damage":18,"enemies":"3 Cultists","floor":31,"turns":3}],"seed_played":"2588131317082000158","potions_obtained":[{"floor":1,"key":"EntropicBrew"},{"floor":6,"key":"Regen Potion"},{"floor":20,"key":"Fruit Juice"},{"floor":21,"key":"SpeedPotion"},{"floor":25,"key":"GamblersBrew"},{"floor":27,"key":"LiquidBronze"}],"is_trial":false,"path_per_floor":["M","?","?","M","M","E","R","E","T","M","R","?","M","$","R","B",null,"M","$","M","M","M","E","R","M","T","E","R","?","M","M"],"character_chosen":"DEFECT","items_purchased":["Storm","Strength Potion","Sweeping Beam","Orrery"],"campfire_rested":3,"item_purchase_floors":[14,14,14,19],"current_hp_per_floor":[71,71,75,74,69,41,41,25,35,34,34,34,34,34,59,22,85,81,81,79,70,70,26,53,38,38,9,36,36,17,0,0],"gold":162,"neow_bonus":"BOSS_RELIC","is_daily":false,"chose_seed":false,"campfire_upgraded":2,"win_rate":0.0,"timestamp":1610497147,"path_taken":["M","?","?","M","?","E","R","E","T","M","R","?","M","$","R","BOSS","M","$","M","?","M","E","R","M","T","E","R","?","?","M"],"items_purchased_type":["Card","Potion","Card","Relic"],"build_version":"2020-12-22","purchased_purges":1,"victory":false,"max_hp_per_floor":[75,75,75,75,75,75,75,75,85,85,85,85,85,85,85,85,85,85,85,85,90,90,90,90,90,90,90,90,90,90,90,90],"card_choices":[{"not_picked":["Rebound","Hologram"],"picked":"Sweeping Beam","floor":1},{"not_picked":["Steam","Heatsinks"],"picked":"Go for the Eyes","floor":4},{"not_picked":["Gash","Stack"],"picked":"Scrape","floor":5},{"not_picked":["Coolheaded","Hologram"],"picked":"Conserve Battery","floor":6},{"not_picked":["Go for the Eyes","Compile Driver"],"picked":"Chill","floor":8},{"not_picked":["Lockon","Steam"],"picked":"Tempest","floor":10},{"not_picked":["Coolheaded","Hyperbeam"],"picked":"Streamline","floor":13},{"not_picked":["Hyperbeam","All For One"],"picked":"Multi-Cast","floor":16},{"not_picked":["Blizzard","Compile Driver"],"picked":"Ball Lightning+1","floor":18},{"not_picked":["Stack","Scrape"],"picked":"Loop","floor":19},{"not_picked":["Ball Lightning","Steam Power"],"picked":"Defragment","floor":19},{"not_picked":["Chaos","Skim"],"picked":"FTL+1","floor":19},{"not_picked":["Steam","Conserve Battery"],"picked":"Chaos","floor":19},{"not_picked":["Thunder Strike","Cold Snap"],"picked":"Fusion","floor":19},{"not_picked":["Lockon","Compile Driver"],"picked":"Melter","floor":20},{"not_picked":["Glacier","Coolheaded+1"],"picked":"White Noise","floor":21},{"not_picked":["Turbo","Reinforced Body"],"picked":"Compile Driver","floor":22},{"not_picked":["Streamline","Scrape+1"],"picked":"Machine Learning","floor":23},{"not_picked":["Steam+1","Streamline"],"picked":"Genetic Algorithm","floor":25},{"not_picked":["Undo","White Noise"],"picked":"Heatsinks+1","floor":27},{"not_picked":["Steam Power","Force Field"],"picked":"Darkness","floor":30}],"player_experience":74527,"relics_obtained":[{"floor":6,"key":"Incense Burner"},{"floor":8,"key":"War Paint"},{"floor":9,"key":"Pear"},{"floor":23,"key":"Turnip"},{"floor":27,"key":"Torii"}],"event_choices":[{"damage_healed":0,"gold_gain":0,"player_choice":"Box","damage_taken":0,"relics_obtained":["Bronze Scales"],"max_hp_gain":0,"max_hp_loss":0,"event_name":"Big Fish","floor":2,"gold_loss":0,"cards_obtained":["Regret"]},{"damage_healed":4,"gold_gain":0,"player_choice":"Full Heal","damage_taken":0,"max_hp_gain":0,"max_hp_loss":0,"event_name":"Wheel of Change","floor":3,"gold_loss":0},{"damage_healed":0,"gold_gain":0,"player_choice":"Trade","damage_taken":0,"relics_obtained":["NlothsMask"],"max_hp_gain":0,"max_hp_loss":0,"event_name":"FaceTrader","floor":12,"gold_loss":0},{"damage_healed":0,"gold_gain":0,"player_choice":"Traded Relic","damage_taken":0,"relics_obtained":["Nloth\u0027s Gift"],"max_hp_gain":0,"max_hp_loss":0,"event_name":"N\u0027loth","floor":29,"relics_lost":["War Paint"],"gold_loss":0}],"is_beta":false,"boss_relics":[{"not_picked":["Velvet Choker","Runic Dome"],"picked":"Runic Pyramid"}],"items_purged_floors":[14],"is_endless":false,"potions_floor_spawned":[1,4,6,20,21,25,27],"killed_by":"3 Cultists","ascension_level":3}}