{"host":"ormi09wwzv7sq47a","time":1610507582,"event":{"mods":["2.2 Compatiblity","AchievementEnabler","Act Like it!","BaseMod","Bestiary","Better Altar","Better Note","Better Sensory Stone","Better Silent Start","Better Skull","Better Third Choice","Better Vampires","BetterRewards","Block Reminder","Card Forge","Colored Map","Colored Powertips","Curses Come First","DeckTracker","Downfall","Highlight Path","Minty Spire (QoL Compilation)","Permanent Neow","Quick Restart","Rare Cards Sparkle","Relic Stats","Shop Mod","StSLib","The Jungle"],"gold_per_floor":[110,120,139,152,163,190,190,200,224,224,238,338,338,349,349,453,453,468,478,478,498,511,586,27,27,54,69,69,81,81,100,100,201,201,217,217,217,230,246,271,271,271,271,291,291,302,302,326,326,326,326],"floor_reached":50,"language":"ENG","playtime":1523,"items_purged":["Strike_R","Strike_R","Strike_R"],"score":705,"play_id":"6af28052-28d9-44b9-91db-564b95a9b4b9","local_time":"20210113011302","is_ascension_mode":false,"campfire_choices":[{"data":"expansioncontent:DashGenerateEvil","floor":7,"key":"SMITH"},{"data":"Pummel","floor":13,"key":"SMITH"},{"data":"Body Slam","floor":15,"key":"SMITH"},{"data":"Immolate","floor":25,"key":"SMITH"},{"data":"Bash","floor":28,"key":"SMITH"},{"data":"Pommel Strike","floor":30,"key":"SMITH"},{"data":"Flash of Steel","floor":32,"key":"SMITH"},{"data":"Ghostly Armor","floor":41,"key":"SMITH"},{"floor":45,"key":"RECALL"},{"data":"Bludgeon","floor":47,"key":"SMITH"},{"data":"Shockwave","floor":49,"key":"SMITH"}],"circlet_count":0,"master_deck":["Defend_R+1","Defend_R+1","Defend_R","Defend_R","Bash+1","Body Slam+1","expansioncontent:DashGenerateEvil+1","Pummel+1","Immolate+1","Pommel Strike+1","Ghostly Armor+1","Battle Trance","Shockwave+1","Flash of Steel+1","Iron Wave+1","Bludgeon+1","Iron Wave+1","Heavy Blade+1","True Grit+1"],"relics":["Black Blood","Hammer of Thor","Seething Fire","Anvil of the Gods","War Paint","Mango","Magic Flower","FossilizedHelix","Pear","Happy Flower","Ornamental Fan","Orichalcum","Empty Cage","StrikeDummy","Akabeko"],"acts_visited":["Exordium","TheCity","TheBeyond"],"potions_floor_usage":[11,14,16,16,18,18,21,22,22,33,39,40,40,50,50,50],"damage_taken":[{"damage":0,"enemies":"2 Louse","floor":1,"turns":3},{"damage":0,"enemies":"Small Slimes","floor":2,"turns":3},{"damage":0,"enemies":"Cultist","floor":3,"turns":2},{"damage":0,"enemies":"Looter","floor":4,"turns":2},{"damage":0,"enemies":"Blue Slaver","floor":5,"turns":2},{"damage":20,"enemies":"Gremlin Nob","floor":6,"turns":5},{"damage":0,"enemies":"Lots of Slimes","floor":8,"turns":4},{"damage":0,"enemies":"Looter","floor":11,"turns":2},{"damage":4,"enemies":"Exordium Thugs","floor":14,"turns":3},{"damage":0,"enemies":"Slime Boss","floor":16,"turns":13},{"damage":16,"enemies":"3 Byrds","floor":18,"turns":6},{"damage":10,"enemies":"Spheric Guardian","floor":19,"turns":4},{"damage":12,"enemies":"Shelled Parasite and Fungi","floor":21,"turns":5},{"damage":0,"enemies":"Snake Plant","floor":22,"turns":2},{"damage":8,"enemies":"Cultist and Chosen","floor":27,"turns":5},{"damage":0,"enemies":"Shelled Parasite and Fungi","floor":29,"turns":4},{"damage":0,"enemies":"Sentry and Sphere","floor":31,"turns":3},{"damage":58,"enemies":"Collector","floor":33,"turns":8},{"damage":0,"enemies":"Orb Walker","floor":35,"turns":3},{"damage":0,"enemies":"3 Darklings","floor":38,"turns":3},{"damage":0,"enemies":"Sphere and 2 Shapes","floor":39,"turns":3},{"damage":69,"enemies":"Reptomancer","floor":40,"turns":6},{"damage":0,"enemies":"Jaw Worm Horde","floor":44,"turns":5},{"damage":6,"enemies":"4 Shapes","floor":46,"turns":3},{"damage":102,"enemies":"Donu and Deca","floor":50,"turns":8}],"seed_played":"9220063972665091515","potions_obtained":[{"floor":3,"key":"LiquidMemories"},{"floor":4,"key":"EntropicBrew"},{"floor":8,"key":"Block Potion"},{"floor":11,"key":"champ:CounterPotion"},{"floor":14,"key":"EntropicBrew"},{"floor":18,"key":"DistilledChaos"},{"floor":27,"key":"Energy Potion"},{"floor":31,"key":"PowerPotion"},{"floor":33,"key":"EntropicBrew"},{"floor":38,"key":"PowerPotion"}],"is_trial":false,"path_per_floor":["M","M","M","M","M","E","R","M","T","?","M","?","R","M","R","B",null,"M","M","?","M","M","?","$","R","T","M","R","M","R","M","R","B",null,"M","?","?","M","M","E","R","?","T","M","R","M","R","T","R","B"],"character_chosen":"IRONCLAD","items_purchased":["War Paint","Body Slam","expansioncontent:DashGenerateEvil","Ornamental Fan","Shockwave","Flash of Steel"],"campfire_rested":0,"item_purchase_floors":[0,0,0,24,24,24],"current_hp_per_floor":[79,88,94,94,94,93,93,102,102,107,109,109,109,109,109,109,109,109,109,99,105,109,99,99,99,99,109,109,109,109,109,109,69,109,109,104,104,104,104,53,53,53,53,71,71,83,83,83,83,0,0],"gold":326,"neow_bonus":"","is_daily":false,"chose_seed":false,"campfire_upgraded":10,"win_rate":0.0,"timestamp":1610507582,"path_taken":["M","M","M","M","M","E","R","M","T","?","M","?","R","?","R","BOSS","M","M","?","M","?","?","$","R","T","?","R","M","R","M","R","BOSS","M","?","?","M","M","E","R","?","T","M","R","M","R","?","R","BOSS"],"items_purchased_type":["Relic","Card","Card","Relic","Card","Card"],"build_version":"2020-12-22","purchased_purges":3,"victory":false,"max_hp_per_floor":[94,94,94,94,94,104,104,104,104,109,109,109,109,109,109,109,109,109,109,109,109,109,109,109,109,109,109,109,109,109,109,109,109,109,109,104,104,104,104,104,104,104,104,104,104,104,104,104,104,104,104],"relic_stats":{"Happy Flower":[28],"counters":[208,939],"Ornamental Fan":[100],"Black Blood":764,"Magic Flower":[52],"War Paint":["Defend_R","Defend_R"],"Orichalcum":[54],"obtain_stats":[{"Vajra":48,"Hammer of Thor":0,"Whetstone":23,"Boot":24,"Old Coin":10,"Sozu":17,"Blood Vial":41,"Centennial Puzzle":27,"DollysMirror":0,"Sundial":47,"Philosopher\u0027s Stone":34,"Prayer Wheel":36,"MealTicket":43,"Kunai":38,"Toxic Egg 2":11,"Slimebound:AggressiveSlimeRelic":38,"MerchantsRug":38,"Girya":0,"Pear":20,"Happy Flower":11,"betterAltar:BloodRelic":30,"Blue Candle":10,"Astrolabe":17,"Dead Branch":44,"Oddly Smooth Stone":27,"Velvet Choker":34,"Eternal Feather":6,"Pen Nib":21,"Guardian:PocketSentry":40,"Letter Opener":0,"War Paint":4,"Akabeko":9,"Du-Vu Doll":43,"Anvil of the Gods":0,"Brimstone":29,"Shuriken":21,"Bronze Scales":47,"Bird Faced Urn":54,"MutagenicStrength":21,"Snecko Eye":17,"Molten Egg 2":26,"Mark of Pain":17,"StrikeDummy":25,"Unceasing Top":0,"Meat on the Bone":48,"Darkstone Periapt":28,"Regal Pillow":0,"Lantern":3,"Magic Flower":26,"Black Blood":17,"StoneCalendar":24,"Mango":0,"Incense Burner":0,"Empty Cage":17,"Smiling Mask":41,"Burning Blood":0,"ClockworkSouvenir":38,"Nunchaku":12,"Matryoshka":26,"TheAbacus":47,"Shovel":10,"Gambling Chip":12,"Pantograph":54,"InkBottle":11,"Paper Frog":29,"Golden Idol":3,"Self Forming Clay":28,"Thread and Needle":0,"PreservedInsect":40,"Seething Fire":0,"Odd Mushroom":14,"Orichalcum":26,"Medical Kit":0,"White Beast Statue":8,"Mercury Hourglass":54,"Peace Pipe":0,"CaptainsWheel":45,"Anchor":54,"Ornamental Fan":9,"Turnip":42,"Slimebound:AbsorbEndCombat":0,"Bag of Marbles":3,"Coffee Dripper":34,"Membership Card":0,"Bottled Lightning":41,"Champion Belt":24,"hexamod:BolsterEngine":26,"FossilizedHelix":0,"Toy Ornithopter":44,"TungstenRod":42},{"Vajra":41,"Hammer of Thor":0,"Whetstone":30,"Boot":168,"Old Coin":23,"Sozu":10,"Blood Vial":39,"Centennial Puzzle":86,"DollysMirror":127,"Sundial":151,"Philosopher\u0027s Stone":35,"Prayer Wheel":37,"MealTicket":39,"Kunai":38,"Toxic Egg 2":23,"Slimebound:AggressiveSlimeRelic":38,"MerchantsRug":38,"Girya":127,"Pear":12,"Happy Flower":77,"betterAltar:BloodRelic":143,"Blue Candle":50,"Astrolabe":53,"Dead Branch":93,"Oddly Smooth Stone":32,"Velvet Choker":88,"Eternal Feather":4,"Pen Nib":82,"Guardian:PocketSentry":92,"Letter Opener":18,"War Paint":2,"Akabeko":5,"Du-Vu Doll":178,"Anvil of the Gods":0,"Brimstone":86,"Shuriken":109,"Bronze Scales":69,"Bird Faced Urn":72,"MutagenicStrength":166,"Snecko Eye":107,"Molten Egg 2":15,"Mark of Pain":165,"StrikeDummy":31,"Unceasing Top":18,"Meat on the Bone":41,"Darkstone Periapt":110,"Regal Pillow":18,"Lantern":20,"Magic Flower":110,"Black Blood":193,"StoneCalendar":57,"Mango":183,"Incense Burner":0,"Empty Cage":26,"Smiling Mask":118,"Burning Blood":0,"ClockworkSouvenir":38,"Nunchaku":51,"Matryoshka":31,"TheAbacus":41,"Shovel":162,"Gambling Chip":24,"Pantograph":97,"InkBottle":6,"Paper Frog":169,"Golden Idol":2,"Self Forming Clay":169,"Thread and Needle":127,"PreservedInsect":177,"Seething Fire":0,"Odd Mushroom":9,"Orichalcum":168,"Medical Kit":0,"White Beast Statue":5,"Mercury Hourglass":182,"Peace Pipe":73,"CaptainsWheel":94,"Anchor":126,"Ornamental Fan":22,"Turnip":67,"Slimebound:AbsorbEndCombat":0,"Bag of Marbles":46,"Coffee Dripper":61,"Membership Card":18,"Bottled Lightning":66,"Champion Belt":110,"hexamod:BolsterEngine":57,"FossilizedHelix":44,"Toy Ornithopter":120,"TungstenRod":149},{"Vajra":139,"Hammer of Thor":0,"Whetstone":105,"Boot":768,"Old Coin":85,"Sozu":45,"Blood Vial":132,"Centennial Puzzle":364,"DollysMirror":536,"Sundial":685,"Philosopher\u0027s Stone":121,"Prayer Wheel":127,"MealTicket":132,"Kunai":129,"Toxic Egg 2":85,"Slimebound:AggressiveSlimeRelic":129,"MerchantsRug":129,"Girya":536,"Pear":52,"Happy Flower":333,"betterAltar:BloodRelic":643,"Blue Candle":181,"Astrolabe":198,"Dead Branch":383,"Oddly Smooth Stone":110,"Velvet Choker":369,"Eternal Feather":13,"Pen Nib":349,"Guardian:PocketSentry":380,"Letter Opener":73,"War Paint":6,"Akabeko":19,"Du-Vu Doll":809,"Anvil of the Gods":0,"Brimstone":364,"Shuriken":456,"Bronze Scales":289,"Bird Faced Urn":311,"MutagenicStrength":761,"Snecko Eye":449,"Molten Egg 2":59,"Mark of Pain":757,"StrikeDummy":108,"Unceasing Top":73,"Meat on the Bone":139,"Darkstone Periapt":460,"Regal Pillow":73,"Lantern":77,"Magic Flower":460,"Black Blood":871,"StoneCalendar":219,"Mango":832,"Incense Burner":0,"Empty Cage":95,"Smiling Mask":498,"Burning Blood":0,"ClockworkSouvenir":129,"Nunchaku":186,"Matryoshka":108,"TheAbacus":139,"Shovel":740,"Gambling Chip":89,"Pantograph":402,"InkBottle":25,"Paper Frog":772,"Golden Idol":6,"Self Forming Clay":772,"Thread and Needle":536,"PreservedInsect":806,"Seething Fire":0,"Odd Mushroom":35,"Orichalcum":768,"Medical Kit":0,"White Beast Statue":19,"Mercury Hourglass":825,"Peace Pipe":319,"CaptainsWheel":386,"Anchor":528,"Ornamental Fan":81,"Turnip":279,"Slimebound:AbsorbEndCombat":0,"Bag of Marbles":164,"Coffee Dripper":245,"Membership Card":73,"Bottled Lightning":274,"Champion Belt":460,"hexamod:BolsterEngine":219,"FossilizedHelix":156,"Toy Ornithopter":504,"TungstenRod":676}]},"card_choices":[{"not_picked":["Feel No Pain","Anger","Clash"],"picked":"SKIP","floor":1},{"not_picked":["Feel No Pain","Flame Barrier","Blood for Blood"],"picked":"SKIP","floor":2},{"not_picked":["Rage","Anger"],"picked":"Pummel","floor":3},{"not_picked":["Twin Strike","Inflame"],"picked":"Shrug It Off","floor":4},{"not_picked":["Heavy Blade","Demon Form","Flex"],"picked":"SKIP","floor":5},{"not_picked":["Power Through","Clash","Flame Barrier"],"picked":"SKIP","floor":6},{"not_picked":["Power Through","True Grit","Anger"],"picked":"SKIP","floor":8},{"not_picked":["True Grit","Warcry","Sentinel"],"picked":"SKIP","floor":11},{"not_picked":["Armaments","Headbutt","Body Slam"],"picked":"SKIP","floor":14},{"not_picked":["Corruption","Exhume"],"picked":"Immolate","floor":16},{"not_picked":["Feel No Pain","Headbutt"],"picked":"Pommel Strike","floor":18},{"not_picked":["Havoc","Iron Wave","Wild Strike"],"picked":"SKIP","floor":19},{"not_picked":["Juggernaut","Intimidate"],"picked":"Ghostly Armor","floor":21},{"not_picked":["Shrug It Off","Sword Boomerang"],"picked":"Battle Trance","floor":22},{"not_picked":["Clash","Body Slam+1","Anger"],"picked":"SKIP","floor":27},{"not_picked":["Heavy Blade+1","Sword Boomerang"],"picked":"Iron Wave+1","floor":29},{"not_picked":["Wild Strike","Spot Weakness","Iron Wave"],"picked":"SKIP","floor":31},{"not_picked":["Demon Form","Fiend Fire"],"picked":"Bludgeon","floor":33},{"not_picked":["Second Wind","Power Through+1"],"picked":"Iron Wave+1","floor":35},{"not_picked":["Dual Wield","Sever Soul+1","Cleave+1"],"picked":"SKIP","floor":38},{"not_picked":["Cleave+1","Clash","Havoc"],"picked":"SKIP","floor":39},{"not_picked":["Shockwave+1","Warcry"],"picked":"Heavy Blade+1","floor":40},{"not_picked":["Entrench","Iron Wave","Heavy Blade+1"],"picked":"SKIP","floor":44},{"not_picked":["Perfected Strike+1","Heavy Blade+1"],"picked":"True Grit+1","floor":46}],"player_experience":959954,"relics_obtained":[{"floor":6,"key":"Pear"},{"floor":9,"key":"Happy Flower"},{"floor":26,"key":"Orichalcum"},{"floor":40,"key":"StrikeDummy"},{"floor":48,"key":"Akabeko"}],"event_choices":[{"damage_healed":0,"gold_gain":0,"player_choice":"Donut","damage_taken":0,"max_hp_gain":5,"max_hp_loss":0,"event_name":"Big Fish","floor":10,"gold_loss":0},{"damage_healed":0,"gold_gain":100,"player_choice":"Pray","damage_taken":0,"max_hp_gain":0,"max_hp_loss":0,"event_name":"Golden Shrine","floor":12,"gold_loss":0},{"damage_healed":0,"gold_gain":0,"player_choice":"Damaged","damage_taken":10,"max_hp_gain":0,"max_hp_loss":0,"event_name":"Wheel of Change","floor":20,"gold_loss":0},{"damage_healed":0,"gold_gain":75,"player_choice":"Touch","damage_taken":10,"max_hp_gain":0,"max_hp_loss":0,"event_name":"FaceTrader","floor":23,"gold_loss":0},{"damage_healed":0,"gold_gain":0,"player_choice":"Max HP","damage_taken":0,"max_hp_gain":0,"max_hp_loss":5,"event_name":"Winding Halls","floor":36,"gold_loss":0},{"cards_removed":["Shrug It Off"],"damage_healed":0,"gold_gain":0,"player_choice":"Removed Skill","damage_taken":0,"max_hp_gain":0,"max_hp_loss":0,"event_name":"Falling","floor":37,"gold_loss":0},{"damage_healed":0,"gold_gain":0,"player_choice":"Ignored","damage_taken":0,"max_hp_gain":0,"max_hp_loss":0,"event_name":"Tomb of Lord Red Mask","floor":42,"gold_loss":0}],"is_beta":false,"boss_relics":[{"not_picked":["SacredBark","Velvet Choker"],"picked":"Black Blood"},{"not_picked":["Black Star","Fusion Hammer"],"picked":"Empty Cage"}],"items_purged_floors":[0,0,24],"is_endless":false,"potions_floor_spawned":[3,4,8,11,14,18,27,31,33,38,46],"killed_by":"Donu and Deca","ascension_level":0}}