{"host":"pf47v7h0307523iy","time":1610565248,"event":{"mods":["BaseMod","Minty Spire (QoL Compilation)"],"gold_per_floor":[11,11,34,34,54,54,72,72,117,153,153,184,209,209,209,307,307,322,296,315,340,32,32,32,32,32],"floor_reached":25,"language":"ENG","playtime":802,"items_purged":["Strike_R"],"score":472,"play_id":"ae577a6d-038f-47e9-b767-f8715739ea50","local_time":"20210113211408","is_ascension_mode":true,"campfire_choices":[{"data":"Demon Form","floor":6,"key":"SMITH"},{"data":"Bash","floor":8,"key":"SMITH"},{"data":"Pommel Strike","floor":11,"key":"SMITH"},{"data":"Heavy Blade","floor":15,"key":"SMITH"},{"floor":23,"key":"REST"}],"circlet_count":0,"master_deck":["AscendersBane","Strike_R","Strike_R","Strike_R","Strike_R","Defend_R","Defend_R","Defend_R","Defend_R","Bash+1","Demon Form+1","Uppercut+1","Rampage","Pommel Strike+1","Spot Weakness","Heavy Blade+1","Feed","Uppercut","Flame Barrier","Deep Breath"],"relics":["Burning Blood","Golden Idol","Bag of Marbles","Nunchaku","Letter Opener","Shuriken","Busted Crown"],"acts_visited":["Exordium","TheCity"],"potions_floor_usage":[12,18,21,25,25],"damage_taken":[{"damage":9,"enemies":"2 Louse","floor":1,"turns":3},{"damage":12,"enemies":"Jaw Worm","floor":5,"turns":3},{"damage":9,"enemies":"Small Slimes","floor":7,"turns":4},{"damage":5,"enemies":"Lagavulin","floor":10,"turns":5},{"damage":6,"enemies":"Gremlin Nob","floor":12,"turns":3},{"damage":8,"enemies":"Red Slaver","floor":13,"turns":3},{"damage":39,"enemies":"The Guardian","floor":16,"turns":6},{"damage":0,"enemies":"Chosen","floor":18,"turns":3},{"damage":29,"enemies":"2 Thieves","floor":19,"turns":4},{"damage":18,"enemies":"Snake Plant","floor":20,"turns":2},{"damage":21,"enemies":"Snecko","floor":21,"turns":6},{"damage":80,"enemies":"Slavers","floor":25,"turns":4}],"seed_played":"-8230982985960309656","potions_obtained":[{"floor":1,"key":"Energy Potion"},{"floor":7,"key":"EssenceOfSteel"},{"floor":16,"key":"PowerPotion"},{"floor":19,"key":"Dexterity Potion"},{"floor":20,"key":"BloodPotion"}],"is_trial":false,"path_per_floor":["M","?","T","?","M","R","M","R","T","E","R","E","M","?","R","B",null,"M","M","M","M","$","R","?","E"],"character_chosen":"IRONCLAD","items_purchased":["Flame Barrier","Deep Breath","Regen Potion"],"campfire_rested":1,"item_purchase_floors":[22,22,22],"current_hp_per_floor":[65,65,65,65,59,59,56,56,56,57,57,57,55,55,55,22,57,63,40,28,16,16,37,37,0,0],"gold":32,"neow_bonus":"THREE_RARE_CARDS","is_daily":false,"chose_seed":false,"campfire_upgraded":4,"win_rate":0.0,"timestamp":1610565248,"path_taken":["M","?","?","?","M","R","M","R","T","E","R","E","?","?","R","BOSS","M","M","M","M","$","R","?","E"],"items_purchased_type":["Card","Card","Potion"],"build_version":"2020-12-22","purchased_purges":1,"victory":false,"max_hp_per_floor":[75,68,68,68,68,68,68,68,68,68,68,68,68,68,68,68,68,68,68,68,71,71,71,71,74,74],"card_choices":[{"not_picked":["Barricade","Double Tap"],"picked":"Demon Form","floor":0},{"not_picked":["Sever Soul","Entrench"],"picked":"Uppercut","floor":1},{"not_picked":["Rampage","Clothesline","Wild Strike"],"picked":"SKIP","floor":5},{"not_picked":["Clothesline","Wild Strike"],"picked":"Rampage","floor":5},{"not_picked":["Havoc","Infernal Blade"],"picked":"Pommel Strike","floor":7},{"not_picked":["Sever Soul","Anger","Evolve"],"picked":"SKIP","floor":10},{"not_picked":["Feel No Pain","Iron Wave"],"picked":"Spot Weakness","floor":12},{"not_picked":["Corruption","Pommel Strike"],"picked":"Heavy Blade","floor":13},{"not_picked":["Impervious","Berserk"],"picked":"Feed","floor":16},{"not_picked":[],"picked":"Uppercut","floor":18},{"not_picked":["Rampage"],"picked":"SKIP","floor":19},{"not_picked":["Bloodletting"],"picked":"SKIP","floor":20},{"not_picked":["Havoc"],"picked":"SKIP","floor":21}],"player_experience":1638081,"relics_obtained":[{"floor":3,"key":"Bag of Marbles"},{"floor":9,"key":"Nunchaku"},{"floor":10,"key":"Letter Opener"},{"floor":12,"key":"Shuriken"}],"event_choices":[{"damage_healed":0,"gold_gain":0,"player_choice":"Lose Max HP","damage_taken":0,"relics_obtained":["Golden Idol"],"max_hp_gain":0,"max_hp_loss":7,"event_name":"Golden Idol","floor":2,"gold_loss":0},{"damage_healed":0,"gold_gain":0,"player_choice":"Forge","damage_taken":0,"max_hp_gain":0,"max_hp_loss":0,"event_name":"Accursed Blacksmith","floor":4,"gold_loss":0,"cards_upgraded":["Uppercut"]},{"damage_healed":0,"gold_gain":0,"player_choice":"Ignored","damage_taken":0,"max_hp_gain":0,"max_hp_loss":0,"event_name":"Liars Game","floor":14,"gold_loss":0},{"damage_healed":0,"gold_gain":0,"player_choice":"Ignored","damage_taken":0,"max_hp_gain":0,"max_hp_loss":0,"event_name":"The Mausoleum","floor":24,"gold_loss":0}],"is_beta":false,"boss_relics":[{"not_picked":["Tiny House","Astrolabe"],"picked":"Busted Crown"}],"items_purged_floors":[22],"is_endless":false,"potions_floor_spawned":[1,7,16,19,20],"killed_by":"Slavers","ascension_level":20}}