{"host":"qy1e0kd24tpj3i2m","time":1610568688,"event":{"mods":["Act Like it!","Alarm Clock","BaseMod","Better Skull","Better Vampires","Colored Map","Colored Powertips","Custom Start","Faster Ascension Climbing","Friendly Minions","GifTheSpireLib","Gremlin Skip","Highlight Path","Minty Spire (QoL Compilation)","Permanent Neow","Poor People Problems","Quick Restart","Red Circlet Mod","Relic Sorter","Reorder Act Four","SacredBarkPlus","Shop Mod","StSLib","SuperFastMode","Transform Curses","没有小屋子和绿帽子啦"],"gold_per_floor":[114,389,400,400,400,400,415,11,11,25,25,42,42,73,73,148,-352,-336,-312,-312,-312],"floor_reached":20,"language":"ZHS","playtime":616,"items_purged":["Pain"],"score":344,"play_id":"b5ddd880-1a5c-4d7b-9d81-270f2f13d247","local_time":"20210114051128","is_ascension_mode":true,"campfire_choices":[{"data":"Reaper","floor":6.0,"key":"SMITH"},{"data":"Body Slam","floor":11.0,"key":"SMITH"},{"data":"Hemokinesis","floor":13.0,"key":"SMITH"},{"data":"Entrench","floor":15.0,"key":"SMITH"}],"circlet_count":0,"master_deck":["AscendersBane","Strike_R","Strike_R","Strike_R","Strike_R","Strike_R","Defend_R","Defend_R","Defend_R","Defend_R","Bash","Reaper+1","Pommel Strike","Body Slam+1","Rupture","Hemokinesis+1","Entrench+1","Barricade","Seeing Red"],"relics":["Burning Blood","WarpedTongs","Chemical X","Vajra","Mummified Hand","Dream Catcher","Tiny House","Tiny Chest"],"acts_visited":["Exordium","TheCity"],"potions_floor_usage":[],"damage_taken":[{"damage":16.0,"enemies":"Jaw Worm","floor":1.0,"turns":5.0},{"damage":8.0,"enemies":"Cultist","floor":3.0,"turns":4.0},{"damage":13.0,"enemies":"Small Slimes","floor":7.0,"turns":3.0},{"damage":12.0,"enemies":"3 Louse","floor":10.0,"turns":4.0},{"damage":0.0,"enemies":"2 Fungi Beasts","floor":12.0,"turns":3.0},{"damage":12.0,"enemies":"Lagavulin","floor":14.0,"turns":3.0},{"damage":20.0,"enemies":"Slime Boss","floor":16.0,"turns":7.0},{"damage":40.0,"enemies":"Chosen","floor":18.0,"turns":4.0},{"damage":62,"enemies":"Masked Bandits","floor":20,"turns":4}],"seed_played":"2614252164897609407","potions_obtained":[{"floor":7.0,"key":"ColorlessPotion"},{"floor":10.0,"key":"EntropicBrew"}],"is_trial":false,"path_per_floor":["M","?","M","?","?","R","M","$","T","M","R","M","R","E","R","B",null,"M","T","?"],"character_chosen":"IRONCLAD","items_purchased":["Chemical X","Vajra"],"campfire_rested":0,"item_purchase_floors":[8,8],"current_hp_per_floor":[40,40,42,35,35,35,33,33,33,35,35,52,52,46,46,46,68,40,40,0,0],"gold":-312,"neow_bonus":"THREE_RARE_CARDS","is_daily":false,"chose_seed":false,"campfire_upgraded":4,"win_rate":0.0,"timestamp":1610568688,"path_taken":["M","?","?","?","?","R","M","$","T","M","R","?","R","E","R","BOSS","M","?","?"],"items_purchased_type":["Relic","Relic"],"build_version":"2020-12-22","purchased_purges":1,"victory":false,"max_hp_per_floor":[75,75,75,75,75,75,75,75,75,75,75,75,75,75,75,75,75,75,75,75,75],"card_choices":[{"not_picked":["Exhume","Berserk"],"picked":"Reaper","floor":0.0},{"not_picked":["Perfected Strike","Clothesline"],"picked":"Pommel Strike","floor":1.0},{"not_picked":["Dropkick","Iron Wave","Disarm"],"picked":"SKIP","floor":3.0},{"not_picked":["Anger","Battle Trance"],"picked":"Body Slam","floor":7.0},{"not_picked":["Shockwave","Flex"],"picked":"Rupture","floor":10.0},{"not_picked":["Inflame","True Grit"],"picked":"Hemokinesis","floor":12.0},{"not_picked":["Shockwave","Clash"],"picked":"Entrench","floor":14.0},{"not_picked":["Offering","Fiend Fire"],"picked":"Barricade","floor":16.0},{"not_picked":["Cleave+1","Carnage"],"picked":"Seeing Red","floor":18.0}],"player_experience":911783,"relics_obtained":[{"floor":9.0,"key":"Mummified Hand"},{"floor":14.0,"key":"Dream Catcher"},{"floor":19.0,"key":"Tiny Chest"}],"event_choices":[{"damage_healed":0.0,"max_hp_gain":0.0,"max_hp_loss":0.0,"gold_gain":275.0,"event_name":"Golden Shrine","player_choice":"Desecrate","floor":2.0,"gold_loss":0.0,"damage_taken":0.0,"cards_obtained":["Regret"]},{"cards_removed":["Regret"],"damage_healed":0.0,"max_hp_gain":0.0,"max_hp_loss":0.0,"gold_gain":0.0,"event_name":"Golden Wing","player_choice":"Card Removal","floor":4.0,"gold_loss":0.0,"damage_taken":7.0},{"damage_healed":0.0,"max_hp_gain":0.0,"max_hp_loss":0.0,"gold_gain":0.0,"event_name":"Accursed Blacksmith","player_choice":"Rummage","floor":5.0,"gold_loss":0.0,"damage_taken":0.0,"relics_obtained":["WarpedTongs"],"cards_obtained":["Pain"]},{"damage_healed":0,"gold_gain":0,"player_choice":"Fought Bandits","damage_taken":0,"max_hp_gain":0,"max_hp_loss":0,"event_name":"Masked Bandits","floor":20,"gold_loss":0}],"is_beta":false,"boss_relics":[{"not_picked":["Runic Cube","Busted Crown"],"picked":"Tiny House"}],"items_purged_floors":[8],"is_endless":false,"potions_floor_spawned":[7,10,12],"killed_by":"Masked Bandits","ascension_level":20}}