{"host":"2se5dq1do2gp0x9k","time":1610507823,"event":{"mods":["AchievementEnabler","BaseMod","Block Reminder","Colored Map","Colored Powertips","Minty Spire (QoL Compilation)","Relic Stats","StSLib","SuperFastMode"],"gold_per_floor":[114,114,130,205,215,215,247,247,293,189,201,220,248,278,278,356,356,369,344,110,123,123,123,123,123],"floor_reached":24,"language":"ENG","playtime":987,"items_purged":["Defend_P","Defend_P"],"score":520,"play_id":"49a907c1-027b-4ac4-abd2-eda2bbf468e2","local_time":"20210112191703","is_ascension_mode":true,"campfire_choices":[{"data":"BowlingBash","floor":6.0,"key":"SMITH"},{"data":"Eruption","floor":8.0,"key":"SMITH"},{"data":"TalkToTheHand","floor":15.0,"key":"SMITH"},{"data":"Scrawl","floor":23.0,"key":"SMITH"}],"circlet_count":0,"master_deck":["AscendersBane","Strike_P","Strike_P","Defend_P","Defend_P","Eruption+1","Vigilance","Omniscience","CutThroughFate","LikeWater","BowlingBash+1","FlurryOfBlows","TalkToTheHand+1","FlurryOfBlows","CarveReality","Protect","CutThroughFate","Scrawl+1","ThirdEye","FlurryOfBlows+1","FearNoEvil","Swift Strike","EmptyBody"],"relics":["PureWater","Juzu Bracelet","Smiling Mask","Odd Mushroom","Boot","VioletLotus"],"acts_visited":["Exordium","TheCity"],"potions_floor_usage":[],"damage_taken":[{"damage":11.0,"enemies":"2 Louse","floor":1.0,"turns":5.0},{"damage":0.0,"enemies":"Jaw Worm","floor":3.0,"turns":5.0},{"damage":3.0,"enemies":"Small Slimes","floor":5.0,"turns":3.0},{"damage":12.0,"enemies":"3 Sentries","floor":7.0,"turns":10.0},{"damage":11.0,"enemies":"Exordium Wildlife","floor":11.0,"turns":5.0},{"damage":0.0,"enemies":"Looter","floor":12.0,"turns":3.0},{"damage":5.0,"enemies":"The Mushroom Lair","floor":13.0,"turns":3.0},{"damage":0.0,"enemies":"Lagavulin","floor":14.0,"turns":4.0},{"damage":0.0,"enemies":"Hexaghost","floor":16.0,"turns":9.0},{"damage":11.0,"enemies":"Spheric Guardian","floor":18.0,"turns":4.0},{"damage":15.0,"enemies":"2 Thieves","floor":19.0,"turns":4.0},{"damage":4.0,"enemies":"Centurion and Healer","floor":21.0,"turns":5.0},{"damage":26,"enemies":"Gremlin Leader","floor":24,"turns":2}],"seed_played":"-4816722922815755450","potions_obtained":[{"floor":7.0,"key":"DuplicationPotion"},{"floor":11.0,"key":"Block Potion"},{"floor":13.0,"key":"Ambrosia"},{"floor":19.0,"key":"EssenceOfSteel"}],"is_trial":false,"path_per_floor":["M","?","M","?","M","R","E","R","T","$","M","M","?","E","R","B",null,"M","M","$","M","?","R","E"],"character_chosen":"WATCHER","items_purchased":["FlurryOfBlows","FearNoEvil","Swift Strike"],"campfire_rested":0,"item_purchase_floors":[10,20,20],"current_hp_per_floor":[50,50,50,39,36,36,24,24,24,24,13,13,8,8,8,8,53,42,27,27,23,23,23,0,0],"gold":123,"neow_bonus":"ONE_RANDOM_RARE_CARD","is_daily":false,"chose_seed":false,"campfire_upgraded":4,"win_rate":0.0,"timestamp":1610507823,"path_taken":["M","?","M","?","M","R","E","R","T","$","M","M","?","E","R","BOSS","M","M","$","M","?","R","E"],"items_purchased_type":["Card","Card","Card"],"build_version":"2020-12-22","purchased_purges":2,"victory":false,"max_hp_per_floor":[68,68,68,68,68,68,68,68,68,68,68,68,68,68,68,68,68,68,68,68,68,68,68,68,68],"relic_stats":{"counters":[13,62],"VioletLotus":[3],"Juzu Bracelet":0,"Smiling Mask":75,"Boot":[10],"obtain_stats":[{"VioletLotus":17,"Juzu Bracelet":7,"PureWater":0,"Odd Mushroom":13,"Smiling Mask":9,"Boot":14},{"VioletLotus":9,"Juzu Bracelet":4,"PureWater":0,"Odd Mushroom":7,"Smiling Mask":4,"Boot":8},{"VioletLotus":47,"Juzu Bracelet":23,"PureWater":0,"Odd Mushroom":34,"Smiling Mask":23,"Boot":38}]},"card_choices":[{"not_picked":["SashWhip","Evaluate"],"picked":"CutThroughFate","floor":1.0},{"not_picked":["EmptyBody","Fasting2"],"picked":"BowlingBash","floor":3.0},{"not_picked":["SashWhip","Halt"],"picked":"FlurryOfBlows","floor":5.0},{"not_picked":["Halt","EmptyMind"],"picked":"TalkToTheHand","floor":7.0},{"not_picked":["SashWhip","Evaluate"],"picked":"CarveReality","floor":11.0},{"not_picked":["SashWhip","Worship","Nirvana"],"picked":"SKIP","floor":12.0},{"not_picked":["Conclude","Evaluate"],"picked":"Protect","floor":13.0},{"not_picked":["Halt","Swivel"],"picked":"CutThroughFate","floor":14.0},{"not_picked":["Devotion","LessonLearned"],"picked":"Scrawl","floor":16.0},{"not_picked":["PathToVictory+1","Protect"],"picked":"ThirdEye","floor":18.0},{"not_picked":["Perseverance","DeceiveReality"],"picked":"FlurryOfBlows+1","floor":19.0},{"not_picked":["BattleHymn","EmptyFist"],"picked":"EmptyBody","floor":21.0}],"player_experience":3848351,"relics_obtained":[{"floor":7.0,"key":"Juzu Bracelet"},{"floor":9.0,"key":"Smiling Mask"},{"floor":13.0,"key":"Odd Mushroom"},{"floor":14.0,"key":"Boot"}],"event_choices":[{"damage_healed":0.0,"max_hp_gain":0.0,"max_hp_loss":0.0,"gold_gain":0.0,"cards_transformed":["Strike_P"],"event_name":"Living Wall","player_choice":"Change","floor":2.0,"gold_loss":0.0,"damage_taken":0.0,"cards_obtained":["LikeWater"]},{"damage_healed":0.0,"max_hp_gain":0.0,"max_hp_loss":0.0,"gold_gain":75.0,"event_name":"World of Goop","player_choice":"Gather Gold","floor":4.0,"gold_loss":0.0,"damage_taken":11.0},{"damage_healed":0.0,"max_hp_gain":0.0,"max_hp_loss":0.0,"gold_gain":0.0,"event_name":"Mushrooms","player_choice":"Fought Mushrooms","floor":13.0,"gold_loss":0.0,"damage_taken":0.0},{"cards_removed":["Strike_P"],"damage_healed":0.0,"max_hp_gain":0.0,"max_hp_loss":0.0,"gold_gain":0.0,"event_name":"Back to Basics","player_choice":"Elegance","floor":22.0,"gold_loss":0.0,"damage_taken":0.0}],"is_beta":false,"boss_relics":[{"not_picked":["Philosopher\u0027s Stone","Snecko Eye"],"picked":"VioletLotus"}],"items_purged_floors":[10,20],"is_endless":false,"potions_floor_spawned":[7,11,13,19],"killed_by":"Gremlin Leader","ascension_level":17}}