{"host":"gzsdmyo07u314vug","time":1610560902,"event":{"mods":["2.2 Compatiblity","BaseMod","Downfall","GifTheSpireLib","Minty Spire (QoL Compilation)","Quick Restart","Rare Cards Sparkle","Relic Stats","Replay The Spire","Robot Space Explorer","Shop Mod","StSLib","The Bug Knight","The Construct","The Elementalist","The IronCluck","The Marked","The Servant 0.9.4","Unceasing Turn Reminder","everything is the same but u backflip on backflip","slay the spire mod where everything is the same but ironclad has a cowboy hat","vexMod"],"gold_per_floor":[17,17,81,81,6,6,23,23,23,57,57,74,87,87,87,87,87],"floor_reached":16,"language":"ENG","playtime":965,"items_purged":[],"score":196,"play_id":"46c9db5d-4af6-4427-9501-966019ddf168","local_time":"20210113150142","is_ascension_mode":true,"campfire_choices":[{"data":"Neutralize","floor":6.0,"key":"SMITH"},{"data":"Dagger Spray","floor":8.0,"key":"SMITH"},{"data":"ReplayTheSpireMod:Speed Training","floor":15,"key":"SMITH"}],"circlet_count":0,"master_deck":["AscendersBane","Strike_G","Strike_G","Strike_G","Strike_G","Defend_G","Defend_G","Defend_G","Defend_G","Defend_G","Survivor","Neutralize+1","Prepared+1","ReplayTheSpireMod:Speed Training+1","Dagger Spray+1","Reflex","ReplayTheSpireMod:From All Sides","Deflect"],"relics":["Ring of the Snake","HollowMod:QueensCombRelic","Ornamental Fan","Gremlin Food"],"acts_visited":["Exordium"],"potions_floor_usage":[],"damage_taken":[{"damage":6.0,"enemies":"Cultist","floor":1.0,"turns":6.0},{"damage":0.0,"enemies":"Jaw Worm","floor":7.0,"turns":6.0},{"damage":60.0,"enemies":"Gremlin Nob","floor":10.0,"turns":8.0},{"damage":3.0,"enemies":"Small Slimes","floor":12.0,"turns":6.0},{"damage":0.0,"enemies":"2 Fungi Beasts","floor":13.0,"turns":2.0},{"damage":73,"enemies":"Fading Forest","floor":16,"turns":13}],"seed_played":"9111657419555020043","potions_obtained":[{"floor":3.0,"key":"LifebloodPotion"},{"floor":3.0,"key":"Fruit Juice"},{"floor":3.0,"key":"FairyPotion"}],"is_trial":false,"path_per_floor":["M","$","?","$","?","R","M","R","T","E","?","M","M","?","R","B"],"character_chosen":"THE_SILENT","items_purchased":[],"campfire_rested":0,"item_purchase_floors":[],"current_hp_per_floor":[38,38,29,29,29,29,49,49,49,14,14,19,27,27,27,0,0],"gold":87,"neow_bonus":"ONE_RARE_RELIC","is_daily":false,"chose_seed":false,"campfire_upgraded":3,"win_rate":0.0,"timestamp":1610560902,"path_taken":["M","$","?","$","?","R","M","R","T","E","?","?","M","?","R","BOSS"],"items_purchased_type":[],"build_version":"2020-12-22","purchased_purges":0,"victory":false,"max_hp_per_floor":[44,44,49,49,49,49,49,49,49,49,49,49,49,49,49,49,49],"relic_stats":{"counters":[6,41],"Ornamental Fan":[36],"obtain_stats":[{"Gremlin Food":10,"HollowMod:QueensCombRelic":0,"Ornamental Fan":9,"Ring of the Snake":0},{"Gremlin Food":3,"HollowMod:QueensCombRelic":0,"Ornamental Fan":2,"Ring of the Snake":0},{"Gremlin Food":20,"HollowMod:QueensCombRelic":0,"Ornamental Fan":12,"Ring of the Snake":0}],"Ring of the Snake":[12]},"card_choices":[{"not_picked":["Underhanded Strike","Sucker Punch"],"picked":"Prepared","floor":1.0},{"not_picked":["Dodge and Roll","Dagger Throw"],"picked":"ReplayTheSpireMod:Speed Training","floor":3.0},{"not_picked":["Bane","Dagger Throw"],"picked":"Dagger Spray","floor":7.0},{"not_picked":["Predator","Catalyst"],"picked":"Reflex","floor":10.0},{"not_picked":["Poisoned Stab","Backflip"],"picked":"ReplayTheSpireMod:From All Sides","floor":12.0},{"not_picked":["Eviscerate","Blade Dance"],"picked":"Deflect","floor":13.0}],"player_experience":727629,"relics_obtained":[{"floor":9.0,"key":"Ornamental Fan"},{"floor":10.0,"key":"Gremlin Food"}],"event_choices":[{"cards_removed":["Strike_G"],"damage_healed":0.0,"max_hp_gain":0.0,"max_hp_loss":0.0,"gold_gain":0.0,"event_name":"The Cleric","player_choice":"Card Removal","floor":5.0,"gold_loss":75.0,"damage_taken":0.0},{"damage_healed":0.0,"max_hp_gain":0.0,"max_hp_loss":0.0,"gold_gain":0.0,"event_name":"Living Wall","player_choice":"Grow","floor":11.0,"gold_loss":0.0,"damage_taken":0.0,"cards_upgraded":["Prepared"]},{"damage_healed":0,"gold_gain":0,"player_choice":"Searched \u00270\u0027 times","damage_taken":0,"max_hp_gain":0,"max_hp_loss":0,"event_name":"Dead Adventurer","floor":14,"gold_loss":0}],"is_beta":false,"boss_relics":[],"items_purged_floors":[],"is_endless":false,"potions_floor_spawned":[],"killed_by":"Fading Forest","ascension_level":20}}