{"host":"8d3fefv2347kqkpz","time":1610550741,"event":{"mods":["100% Spire Juice","BaseMod","Better Vampires","Colored Map","Downfall","Minty Spire (QoL Compilation)","Quick Restart","Replay The Spire","StSLib","The Gatherer","Waifu the Spire"],"gold_per_floor":[115,0,0,0,54,84,97,97,97,117,142,142,159,176,176,277,277,277,277],"floor_reached":18,"language":"ZHS","playtime":911,"items_purged":["Strike_G"],"score":195,"play_id":"74c13625-c798-49c6-8a0f-328b834aa093","local_time":"20210113231221","is_ascension_mode":false,"campfire_choices":[{"data":"Noxious Fumes","floor":8,"key":"SMITH"},{"floor":15,"key":"REST"}],"circlet_count":0,"master_deck":["Strike_G","Strike_G","Strike_G","Strike_G","Defend_G","Defend_G","Defend_G","Defend_G","Defend_G","Survivor","Neutralize","Poisoned Stab","Noxious Fumes+1","Replay:Poison Smokescreen","Deadly Poison","Adrenaline"],"relics":["Sizzling Blood","Snake Skull","Blood Vial","Garlic","Lantern","Durian","ReplayTheSpireMod:DimensionalGlitch"],"acts_visited":["Exordium","TheCity"],"potions_floor_usage":[16,16],"damage_taken":[{"damage":9,"enemies":"2 Louse","floor":1,"turns":6},{"damage":13,"enemies":"Lagavulin","floor":6,"turns":8},{"damage":2,"enemies":"Small Slimes","floor":7,"turns":4},{"damage":0,"enemies":"Jaw Worm","floor":10,"turns":3},{"damage":23,"enemies":"Gremlin Nob","floor":11,"turns":5},{"damage":10,"enemies":"2 Fungi Beasts","floor":13,"turns":5},{"damage":2,"enemies":"Exordium Wildlife","floor":14,"turns":4},{"damage":28,"enemies":"Slime Boss","floor":16,"turns":5},{"damage":0,"enemies":"Shell Parasite","floor":18,"turns":2}],"seed_played":"1082225340736462606","potions_obtained":[{"floor":1,"key":"Fire Potion"},{"floor":11,"key":"Fire Potion"},{"floor":13,"key":"LiquidBronze"},{"floor":16,"key":"Fire Potion"}],"is_trial":false,"path_per_floor":["M","$","?","?","T","E","M","R","T","M","E","?","M","M","R","B",null,"M"],"character_chosen":"THE_SILENT","items_purchased":["Noxious Fumes"],"campfire_rested":1,"item_purchase_floors":[2],"current_hp_per_floor":[68,68,68,72,72,63,67,67,67,73,56,49,45,49,74,52,86,86,86],"gold":277,"neow_bonus":"TEN_PERCENT_HP_BONUS","is_daily":false,"chose_seed":false,"campfire_upgraded":1,"win_rate":0.0,"timestamp":1610550741,"path_taken":["M","$","?","?","?","E","M","R","T","M","E","?","M","M","R","BOSS","M"],"items_purchased_type":["Card"],"build_version":"2020-12-22","purchased_purges":1,"victory":false,"max_hp_per_floor":[77,77,77,81,81,81,81,81,81,81,81,86,86,86,86,86,86,86,86],"card_choices":[{"not_picked":["Endless Agony","Terror"],"picked":"Poisoned Stab","floor":1},{"not_picked":["Bane","ReplayTheSpireMod:Scrap Shanks","Sneak Up"],"picked":"SKIP","floor":6},{"not_picked":["Predator","Poisoned Stab"],"picked":"Replay:Poison Smokescreen","floor":7},{"not_picked":["ReplayTheSpireMod:Tripwire","Prepared"],"picked":"Deadly Poison","floor":10},{"not_picked":["Reflex","Quick Slash","Dagger Throw"],"picked":"SKIP","floor":11},{"not_picked":["Backflip","Prepared","Dash"],"picked":"SKIP","floor":13},{"not_picked":["Fluid Movement","Prepared","Outmaneuver"],"picked":"SKIP","floor":14},{"not_picked":["Night Terror","Venomology"],"picked":"Adrenaline","floor":16}],"player_experience":42358,"relics_obtained":[{"floor":5,"key":"Snake Skull"},{"floor":6,"key":"Blood Vial"},{"floor":9,"key":"Garlic"},{"floor":11,"key":"Lantern"}],"event_choices":[{"damage_healed":0,"gold_gain":0,"player_choice":"Ignored","damage_taken":0,"max_hp_gain":0,"max_hp_loss":0,"event_name":"Shining Light","floor":3,"gold_loss":0},{"damage_healed":0,"gold_gain":0,"player_choice":"Success","damage_taken":12,"relics_obtained":["Durian"],"max_hp_gain":0,"max_hp_loss":0,"event_name":"Scrap Ooze","floor":12,"gold_loss":0}],"is_beta":false,"boss_relics":[{"not_picked":["Kintsugi","Replay:Bronze Core"],"picked":"ReplayTheSpireMod:DimensionalGlitch"}],"items_purged_floors":[2],"is_endless":false,"potions_floor_spawned":[1,11,13,16],"killed_by":"Shell Parasite","ascension_level":0}}