{"host":"40vzoph344nwp0en","time":1610528699,"event":{"mods":["2.2 Compatiblity","Astrologer","BaseMod","Bestiary","Colored Map","GifTheSpireLib","GungeonMod","Highlight Path","Infinite Spire","Jorbs\u0027s Wanderer Trilogy","Minty Spire (QoL Compilation)","Potionbrewer","Relic Sorter","Replay The Spire","Robot Space Explorer","Shade Mod","Somnambulant","StSLib","SuperFastMode","The Bladedancer","The Cursed","The Disciple","The Elementalist","The Marked","The Spell Scribe","TheArtist","TheBandit","TheFirefly","??????REMEMod"],"gold_per_floor":[100114,100131,100131,99037,99055,99055,99068,98376,98428,98428,98428,98448,98463,98477,98477,98578,98578,98578],"floor_reached":17,"language":"ENG","playtime":1748,"items_purged":["stsjorbsmod:Strike_Wanderer","stsjorbsmod:Strike_Wanderer"],"score":249,"play_id":"08276206-7b70-41cc-b484-28409f6e3817","local_time":"20210113020459","is_ascension_mode":false,"campfire_choices":[{"data":"stsjorbsmod:Index","floor":6,"key":"SMITH"},{"data":"stsjorbsmod:DoubleCheck","floor":10,"key":"SMITH"},{"data":"stsjorbsmod:BookOfTongues","floor":15,"key":"SMITH"}],"circlet_count":0,"master_deck":["stsjorbsmod:ForbiddenGrimoire+1","stsjorbsmod:FreshAdventure","stsjorbsmod:EyeOfTheStorm","theMarked:SummonStrength","stsjorbsmod:Withdraw","stsjorbsmod:Channel","stsjorbsmod:Index+1","stsjorbsmod:Prestidigitation","stsjorbsmod:DoubleCheck+1","stsjorbsmod:HedgeWizard","stsjorbsmod:Mindworm","stsjorbsmod:MageArmor","stsjorbsmod:BookOfTongues+1","stsjorbsmod:Message","stsjorbsmod:MirrorImage","stsjorbsmod:MirrorImage","stsjorbsmod:SiphonEnergy","stsjorbsmod:ChatteringStrike","stsjorbsmod:DoubleCheck","stsjorbsmod:FindFamiliar"],"relics":["stsjorbsmod:GrimoireRelic","REME_ComplimentaryCards","Nunchaku","DemoMod:GnawedKey","Snack Pack","Chemical X","Bottled Lightning","infinitespire:CheckeredPen","TungstenRod","Pandora\u0027s Box"],"acts_visited":["Exordium","TheCity"],"potions_floor_usage":[13,14,14],"damage_taken":[{"damage":0,"enemies":"Small Slimes","floor":1,"turns":4},{"damage":0,"enemies":"2 Louse","floor":2,"turns":2},{"damage":0,"enemies":"Cultist","floor":5,"turns":1},{"damage":5,"enemies":"3 Louse","floor":7,"turns":3},{"damage":0,"enemies":"Exordium Wildlife","floor":12,"turns":4},{"damage":0,"enemies":"Looter","floor":13,"turns":2},{"damage":1,"enemies":"Blue Slaver","floor":14,"turns":3},{"damage":3,"enemies":"Slime Boss","floor":16,"turns":7}],"seed_played":"-8801322833722967313","potions_obtained":[{"floor":14,"key":"SteroidPotion"}],"is_trial":false,"path_per_floor":["M","M","?","$","M","R","M","$","T","R","?","M","M","M","R","B",null],"character_chosen":"WANDERER","items_purchased":["DemoMod:GnawedKey","Snack Pack","Chemical X","potionbrewer:InfectionPotion","EssenceOfSteel","Swift Potion","stsjorbsmod:Prestidigitation","Bottled Lightning","infinitespire:CheckeredPen","TungstenRod","stsjorbsmod:Mindworm"],"campfire_rested":0,"item_purchase_floors":[4,4,4,4,4,4,4,4,8,8,8],"current_hp_per_floor":[68,68,54,54,55,55,51,51,51,51,51,57,60,60,60,63,70,70],"gold":98578,"neow_bonus":"ONE_RANDOM_RARE_CARD","is_daily":false,"chose_seed":false,"campfire_upgraded":3,"win_rate":0.0,"timestamp":1610528699,"path_taken":["M","M","?","$","M","R","M","$","T","R","?","M","?","M","R","BOSS"],"items_purchased_type":["Relic","Relic","Relic","Potion","Potion","Potion","Card","Relic","Relic","Relic","Card"],"build_version":"2020-12-22","purchased_purges":2,"victory":false,"max_hp_per_floor":[68,68,68,68,68,68,68,68,68,68,68,70,70,70,70,70,70,70],"card_choices":[{"not_picked":["stsjorbsmod:FaerieFire","stsjorbsmod:Rest"],"picked":"stsjorbsmod:Channel","floor":1},{"not_picked":["stsjorbsmod:FracturedMind","stsjorbsmod:MagicMirror"],"picked":"stsjorbsmod:Index","floor":2},{"not_picked":["stsjorbsmod:AnimateObjects","stsjorbsmod:Will"],"picked":"stsjorbsmod:DoubleCheck","floor":5},{"not_picked":["stsjorbsmod:BlackTentacles","stsjorbsmod:WeightOfMemory"],"picked":"stsjorbsmod:HedgeWizard","floor":7},{"not_picked":["stsjorbsmod:BlackTentacles","stsjorbsmod:Counterspell"],"picked":"stsjorbsmod:MageArmor","floor":12},{"not_picked":["stsjorbsmod:Prepare","stsjorbsmod:MagicMirror"],"picked":"stsjorbsmod:BookOfTongues","floor":13},{"not_picked":["stsjorbsmod:ArcaneWeapon","stsjorbsmod:OldPocket"],"picked":"stsjorbsmod:Message","floor":14},{"not_picked":["stsjorbsmod:Rediscovery","stsjorbsmod:ThirstingSword"],"picked":"stsjorbsmod:MirrorImage","floor":16}],"player_experience":667521,"relics_obtained":[{"floor":9,"key":"Nunchaku"}],"event_choices":[{"damage_healed":0,"gold_gain":0,"player_choice":"Entered Light","damage_taken":14,"max_hp_gain":0,"max_hp_loss":0,"event_name":"Shining Light","floor":3,"gold_loss":0,"cards_upgraded":["stsjorbsmod:Strike_Wanderer","stsjorbsmod:Defend_Wanderer"]},{"cards_removed":["stsjorbsmod:Defend_Wanderer"],"damage_healed":0,"gold_gain":0,"player_choice":"Purged","damage_taken":0,"max_hp_gain":0,"max_hp_loss":0,"event_name":"Purifier","floor":11,"gold_loss":0}],"is_beta":false,"boss_relics":[{"not_picked":["Runic Pyramid","Snecko Eye"],"picked":"Pandora\u0027s Box"}],"items_purged_floors":[4,8],"is_endless":false,"potions_floor_spawned":[12,14],"ascension_level":0}}