{"host":"m9i7qe3hvz6jihjh","time":1610547378,"event":{"mods":["BaseMod","Colored Powertips","Infinite Spire","Minty Spire (QoL Compilation)","Quick Restart","StSLib","The Animator","Waifu the Spire"],"gold_per_floor":[109,109,59,76,76,113,127,83,83,105,105,30,30,30,30,144,194,212,212,212,234,278,278,295,295,295],"floor_reached":25,"language":"ENG","playtime":1013,"items_purged":["animator:Defend"],"score":201,"play_id":"ea72fccf-12b5-493a-a2e3-bbf40bfc4de1","local_time":"20210113151618","is_ascension_mode":false,"campfire_choices":[{"floor":13,"key":"REST"},{"floor":15,"key":"REST"},{"floor":23,"key":"REST"}],"circlet_count":0,"master_deck":["animator:Strike_MadokaMagica","animator:Defend_MadokaMagica","animator:Strike","animator:Defend","animator:Defend","animator:IrohaTamaki+1","animator:YuiTsuruno","animator:Shigure","animator:NagisaMomoe","animator:YachiyoNanami","animator:Add","animator:HomuraAkemi+1","animator:Ain","animator:MamiTomoe","Necronomicurse","animator:Elsword","animator:SayakaMiki","animator:SayakaMiki"],"relics":["animator:LivingPicture","animator:TheMissingPiece","Boot","Lantern","Darkstone Periapt","Tiny House","Necronomicon"],"acts_visited":["Exordium","TheCity"],"potions_floor_usage":[10,16,16,16,18,24],"damage_taken":[{"damage":0,"enemies":"Jaw Worm","floor":1,"turns":4},{"damage":0,"enemies":"2 Louse","floor":4,"turns":2},{"damage":45,"enemies":"Gremlin Nob","floor":6,"turns":6},{"damage":3,"enemies":"Small Slimes","floor":7,"turns":4},{"damage":6,"enemies":"Red Slaver","floor":10,"turns":6},{"damage":42,"enemies":"The Guardian","floor":16,"turns":10},{"damage":19,"enemies":"Shell Parasite","floor":18,"turns":7},{"damage":20,"enemies":"2 Thieves","floor":21,"turns":5},{"damage":10,"enemies":"Centurion and Healer","floor":22,"turns":5},{"damage":24,"enemies":"Shelled Parasite and Fungi","floor":24,"turns":6},{"damage":16,"enemies":"Snake Plant","floor":25,"turns":2}],"seed_played":"-8426090365320589284","potions_obtained":[{"floor":7,"key":"Swift Potion"},{"floor":10,"key":"Block Potion"},{"floor":11,"key":"DuplicationPotion"},{"floor":11,"key":"AttackPotion"},{"floor":17,"key":"EssenceOfSteel"},{"floor":21,"key":"ColorlessPotion"}],"is_trial":false,"path_per_floor":["M","?","?","M","?","E","M","?","T","M","?","$","R","$","R","B",null,"M","?","?","M","M","R","M","M"],"character_chosen":"THE_ANIMATOR","items_purchased":[],"campfire_rested":3,"item_purchase_floors":[],"current_hp_per_floor":[66,59,59,59,59,14,12,12,12,6,6,6,26,26,46,4,73,55,45,45,25,15,39,15,0,0],"gold":295,"neow_bonus":"RANDOM_COMMON_RELIC","is_daily":false,"chose_seed":false,"campfire_upgraded":0,"win_rate":0.0,"timestamp":1610547378,"path_taken":["M","?","?","M","?","E","M","?","T","M","?","$","R","$","R","BOSS","M","?","?","?","M","R","M","M"],"items_purchased_type":[],"build_version":"2020-12-22","purchased_purges":1,"victory":false,"max_hp_per_floor":[66,66,66,66,66,66,67,67,67,67,67,67,67,67,67,67,73,74,80,80,80,80,80,80,80,80],"card_choices":[{"not_picked":["animator:Aisha","animator:Raven"],"picked":"animator:Shigure","floor":1},{"not_picked":["animator:Yoichi","animator:Spearman"],"picked":"animator:Sloth","floor":4},{"not_picked":["animator:Azekura","animator:GoblinSlayer"],"picked":"animator:NagisaMomoe","floor":6},{"not_picked":["animator:SayakaMiki","animator:KyokoSakura"],"picked":"animator:YachiyoNanami","floor":7},{"not_picked":["animator:DwarfShaman","animator:ZankiKiguchi"],"picked":"animator:Add","floor":10},{"not_picked":["animator:Kyubey","animator:MadokaKaname"],"picked":"animator:HomuraAkemi","floor":16},{"not_picked":["animator:GazelDwargon","animator:HighElfArcher"],"picked":"animator:Ain","floor":17},{"not_picked":["animator:Nanami+1","animator:Ciel+1"],"picked":"animator:MamiTomoe","floor":18},{"not_picked":["animator:IrohaTamaki","animator:Ciel+1"],"picked":"animator:Elsword","floor":21},{"not_picked":["animator:SuzuneAmano","animator:Walpurgisnacht"],"picked":"animator:SayakaMiki","floor":22},{"not_picked":["animator:Hitei+1","animator:Shinoa"],"picked":"animator:SayakaMiki","floor":24}],"player_experience":900464,"relics_obtained":[{"floor":6,"key":"Lantern"},{"floor":9,"key":"Darkstone Periapt"},{"floor":19,"key":"Necronomicon"}],"event_choices":[{"cards_removed":["animator:Strike"],"damage_healed":0,"gold_gain":0,"player_choice":"Card Removal","damage_taken":7,"max_hp_gain":0,"max_hp_loss":0,"event_name":"Golden Wing","floor":2,"gold_loss":0},{"cards_removed":["animator:Strike"],"damage_healed":0,"gold_gain":0,"player_choice":"Card Removal","damage_taken":0,"max_hp_gain":0,"max_hp_loss":0,"event_name":"The Cleric","floor":3,"gold_loss":50},{"damage_healed":0,"gold_gain":0,"player_choice":"Grow","damage_taken":0,"max_hp_gain":0,"max_hp_loss":0,"event_name":"Living Wall","floor":5,"gold_loss":0,"cards_upgraded":["animator:IrohaTamaki"]},{"damage_healed":0,"gold_gain":0,"player_choice":"Left Gold","damage_taken":0,"max_hp_gain":0,"max_hp_loss":0,"event_name":"World of Goop","floor":8,"gold_loss":44},{"damage_healed":0,"gold_gain":0,"player_choice":"Got Potions","damage_taken":0,"max_hp_gain":0,"max_hp_loss":0,"event_name":"Lab","floor":11,"gold_loss":0},{"damage_healed":0,"gold_gain":0,"player_choice":"Obtained Book","damage_taken":16,"max_hp_gain":0,"max_hp_loss":0,"event_name":"Cursed Tome","floor":19,"gold_loss":0},{"cards_removed":["animator:Sloth"],"damage_healed":0,"gold_gain":0,"player_choice":"Purged","damage_taken":0,"max_hp_gain":0,"max_hp_loss":0,"event_name":"Purifier","floor":20,"gold_loss":0}],"is_beta":false,"boss_relics":[{"not_picked":["Pandora\u0027s Box","Fusion Hammer"],"picked":"Tiny House"}],"items_purged_floors":[12],"is_endless":false,"potions_floor_spawned":[7,10,21],"killed_by":"Snake Plant","ascension_level":0}}