{"host":"r6da5kb9dzaaglw2","time":1610563620,"event":{"mods":["AchievementEnabler","BaseMod","Colored Powertips","Duelist Mod","GifTheSpireLib","Minty Spire (QoL Compilation)","StSLib"],"gold_per_floor":[138,313,238,238,249,275,275,275,300,300,333,333,344,372,372,470,470,487,213,138,158,158,158,192,192,192,227,243,274,285,135,135,237,237,254,49,49,49,49,74,74,105,128,158,169,184,216,231,231,231,231,231,95,126,126],"floor_reached":56,"language":"ENG","playtime":4494,"items_purged":["Doubt","theDuelist:Sparks","theDuelist:BeaverWarrior"],"score":1936,"play_id":"860c321e-d96e-48fd-a314-5becd726cfdc","local_time":"20210113194700","is_ascension_mode":true,"campfire_choices":[{"data":"theDuelist:Electrowhip","floor":7.0,"key":"SMITH"},{"data":"theDuelist:GemElephant","floor":10.0,"key":"SMITH"},{"data":"theDuelist:GravityAxe","floor":15.0,"key":"SMITH"},{"data":"theDuelist:Nameless:War:AssaultArmor","floor":23.0,"key":"SMITH"},{"data":"theDuelist:LightningBlade","floor":32.0,"key":"SMITH"},{"data":"theDuelist:ImperialOrder","floor":41.0,"key":"SMITH"},{"floor":49.0,"key":"RECALL"},{"data":"theDuelist:ApprenticeIllusionMagician+1","floor":52.0,"key":"SMITH"}],"circlet_count":0,"master_deck":["theDuelist:BeaverWarrior","theDuelist:CastleWalls+1","theDuelist:CastleWalls","theDuelist:FinalFlame","theDuelist:GiantSoldier+1","theDuelist:GiantSoldier","theDuelist:ScrapFactory","theDuelist:Electrowhip+1","theDuelist:GemElephant+1","theDuelist:DeltaMagnet","theDuelist:LightningBlade+1","theDuelist:GravityAxe+1","theDuelist:SangaThunder","theDuelist:RainbowNeos","theDuelist:Kuribohrn","theDuelist:Eva","theDuelist:ApprenticeIllusionMagician+2","theDuelist:Nameless:War:AssaultArmor+1","theDuelist:Tuningware","theDuelist:GemElephant","theDuelist:RainbowNeos","theDuelist:ImperialOrder+1","theDuelist:SangaThunder","Panache","theDuelist:Eva+1","theDuelist:GoblinSecret+1","theDuelist:GravityBlaster+1","theDuelist:Tuningware+1"],"relics":["theDuelist:MillenniumPuzzle","theDuelist:CardPoolRelic","theDuelist:CardPoolBasicRelic","theDuelist:BoosterPackPoolRelic","theDuelist:CardPoolAddRelic","theDuelist:CardPoolMinusRelic","theDuelist:CardPoolSaveRelic","theDuelist:CardPoolOptionsRelic","NeowsBlessing","Omamori","Kunai","theDuelist:ResummonBranch","Sozu","Oddly Smooth Stone","theDuelist:NamelessPowerRelicB","Bronze Scales","theDuelist:DuelistUrn","Sundial","Tingsha","Membership Card","Runic Pyramid","War Paint","Eternal Feather","theDuelist:DuelistOrichalcum","Ornamental Fan","FossilizedHelix","Toy Ornithopter","Bag of Preparation","Boot","Bottled Tornado"],"acts_visited":["Exordium","TheCity","TheBeyond","TheEnding"],"potions_floor_usage":[55],"damage_taken":[{"damage":0.0,"enemies":"Small Slimes","floor":1.0,"turns":1.0},{"damage":0.0,"enemies":"Jaw Worm","floor":5.0,"turns":1.0},{"damage":0.0,"enemies":"3 Sentries","floor":6.0,"turns":1.0},{"damage":9.0,"enemies":"Lagavulin","floor":11.0,"turns":6.0},{"damage":0.0,"enemies":"2 Louse","floor":13.0,"turns":2.0},{"damage":2.0,"enemies":"Gremlin Nob","floor":14.0,"turns":3.0},{"damage":3.0,"enemies":"The Guardian","floor":16.0,"turns":10.0},{"damage":0.0,"enemies":"Spheric Guardian","floor":18.0,"turns":3.0},{"damage":0.0,"enemies":"2 Thieves","floor":21.0,"turns":3.0},{"damage":0.0,"enemies":"theDuelist:KaibaA2","floor":24.0,"turns":3.0},{"damage":0.0,"enemies":"Gremlin Leader","floor":27.0,"turns":6.0},{"damage":2.0,"enemies":"Snake Plant","floor":28.0,"turns":4.0},{"damage":0.0,"enemies":"theDuelist:KaibaA2","floor":29.0,"turns":3.0},{"damage":0.0,"enemies":"Shelled Parasite and Fungi","floor":30.0,"turns":4.0},{"damage":7.0,"enemies":"Automaton","floor":33.0,"turns":8.0},{"damage":0.0,"enemies":"Orb Walker","floor":35.0,"turns":3.0},{"damage":4.0,"enemies":"Reptomancer","floor":40.0,"turns":5.0},{"damage":0.0,"enemies":"Giant Head","floor":42.0,"turns":8.0},{"damage":0.0,"enemies":"Nemesis","floor":44.0,"turns":5.0},{"damage":0.0,"enemies":"3 Shapes","floor":45.0,"turns":3.0},{"damage":0.0,"enemies":"Jaw Worm Horde","floor":46.0,"turns":4.0},{"damage":0.0,"enemies":"Giant Head","floor":47.0,"turns":7.0},{"damage":0.0,"enemies":"Spire Growth","floor":48.0,"turns":5.0},{"damage":7.0,"enemies":"Donu and Deca","floor":50.0,"turns":6.0},{"damage":0,"enemies":"Shield and Spear","floor":54,"turns":5},{"damage":2,"enemies":"The Heart","floor":55,"turns":7}],"seed_played":"8021630323866711358","potions_obtained":[{"floor":11.0,"key":"Strength Potion"},{"floor":13.0,"key":"theDuelist:TokenPotionB"},{"floor":14.0,"key":"SkillPotion"}],"is_trial":false,"path_per_floor":["M","?","$","?","M","E","R","?","T","R","E","?","M","E","R","B",null,"M","$","?","M","?","R","E","?","T","E","M","E","M","$","R","B",null,"M","$","?","?","?","E","R","E","T","E","M","M","E","M","R","B",null,"R","$","E","B",null],"character_chosen":"THE_DUELIST","items_purchased":["Oddly Smooth Stone","theDuelist:Eva","Membership Card","War Paint","Eternal Feather","Boot"],"campfire_rested":0,"item_purchase_floors":[19,19,31,36,36,53],"current_hp_per_floor":[72,72,72,72,72,72,72,72,72,72,63,63,63,61,61,58,75,75,75,75,75,75,75,75,63,63,67,67,67,67,67,67,70,75,75,75,69,69,69,73,76,76,76,76,76,76,76,76,76,71,75,76,76,76,76],"gold":126,"neow_bonus":"THREE_ENEMY_KILL","is_daily":false,"chose_seed":false,"campfire_upgraded":7,"win_rate":0.0,"timestamp":1610563620,"path_taken":["M","?","$","?","M","E","R","?","T","R","E","?","M","E","R","BOSS","M","$","?","M","?","R","E","?","T","E","M","E","M","$","R","BOSS","M","$","?","?","?","E","R","E","T","E","M","M","E","M","R","BOSS","R","$","E","BOSS"],"items_purchased_type":["Relic","Card","Relic","Relic","Relic","Relic"],"build_version":"2020-12-22","purchased_purges":3,"victory":true,"max_hp_per_floor":[80,80,80,80,80,80,80,80,80,80,80,80,80,80,80,80,80,80,80,80,80,76,76,76,76,76,76,76,76,76,76,76,76,76,76,76,76,76,76,76,76,76,76,76,76,76,76,76,76,76,76,76,76,76,76],"card_choices":[{"not_picked":["theDuelist:DoubleTool","theDuelist:Downbeat","theDuelist:Mudballman","theDuelist:BigFire"],"picked":"theDuelist:GracefulCharity","floor":1.0},{"not_picked":["theDuelist:VoidExpansion","theDuelist:PredaplantChlamydosundew","theDuelist:ForbiddenLance","theDuelist:CrossAttack"],"picked":"theDuelist:Electrowhip","floor":5.0},{"not_picked":["theDuelist:PowerGiant","theDuelist:BigEye","theDuelist:EarthGiant","theDuelist:FutureFusion"],"picked":"theDuelist:GemElephant","floor":6.0},{"not_picked":["theDuelist:PredaplantChimerafflesia","theDuelist:InstantFusion"],"picked":"theDuelist:LightningBlade","floor":11.0},{"not_picked":["theDuelist:Yami","theDuelist:VioletCrystal","theDuelist:ElectromagneticShield"],"picked":"theDuelist:GravityAxe","floor":13.0},{"not_picked":["theDuelist:Hinotama","theDuelist:NeoMagic","theDuelist:WorldCarrot","theDuelist:SilentDoom"],"picked":"theDuelist:SangaThunder","floor":14.0},{"not_picked":["theDuelist:RainbowDarkDragon","theDuelist:RainbowMagician","theDuelist:KamionTimelord","theDuelist:HappyLover"],"picked":"theDuelist:RainbowNeos","floor":16.0},{"not_picked":["theDuelist:MillenniumGolem+1","theDuelist:RedHeadedOni","theDuelist:Reload","theDuelist:DarkCreator"],"picked":"theDuelist:Kuribohrn","floor":18.0},{"not_picked":["theDuelist:CactusBouncer","theDuelist:BlizzardWarrior","theDuelist:Firegrass","theDuelist:ExodiaLL+1"],"picked":"theDuelist:ApprenticeIllusionMagician+1","floor":21.0},{"not_picked":["theDuelist:CombinationAttack","theDuelist:EgoBoost","theDuelist:PredaplantPterapenthes","theDuelist:DarkBurningAttack"],"picked":"theDuelist:Tuningware","floor":24.0},{"not_picked":["theDuelist:LightningVortex","theDuelist:StarBlast+1","theDuelist:Predaponics","theDuelist:ContractExodia","theDuelist:ForbiddenLance+1"],"picked":"SKIP","floor":27.0},{"not_picked":["theDuelist:KamionTimelord+1","theDuelist:CrystalRose","theDuelist:RainbowMagician","theDuelist:RainbowDarkDragon"],"picked":"theDuelist:RainbowNeos","floor":28.0},{"not_picked":["theDuelist:CoreBlaster","theDuelist:DoubleTool","theDuelist:PowerKaishin","theDuelist:OjamaCountry","theDuelist:CombinationAttack"],"picked":"SKIP","floor":29.0},{"not_picked":["theDuelist:RainbowOverdragon","theDuelist:HaneHane","theDuelist:MillenniumScorpion","theDuelist:ElectromagneticShield","theDuelist:CastleDarkIllusions"],"picked":"SKIP","floor":30.0},{"not_picked":["theDuelist:Electrowhip+1","theDuelist:BadReaction+1","theDuelist:GoblinSecret+1","theDuelist:MindAir+1"],"picked":"theDuelist:ImperialOrder","floor":35.0},{"not_picked":["theDuelist:Tuningware+1","theDuelist:Illusionist+1","theDuelist:PredaplantChlamydosundew","theDuelist:ThornMalice+1"],"picked":"theDuelist:SangaThunder","floor":40.0},{"not_picked":["Purity","Trip","Violence"],"picked":"Panache","floor":42.0},{"not_picked":["theDuelist:BigFire","theDuelist:CombinationAttack","theDuelist:MagnumShield+1","theDuelist:SuperSolarNutrient+1","theDuelist:VoidExpansion"],"picked":"SKIP","floor":44.0},{"not_picked":["theDuelist:CombinationAttack","theDuelist:WhiteRoseDragon","theDuelist:BigFire+1","theDuelist:LordD"],"picked":"theDuelist:Eva+1","floor":45.0},{"not_picked":["theDuelist:MiraculousDescent+1","theDuelist:WhiteHowling+1","theDuelist:SplendidRose+1","theDuelist:Yami+1"],"picked":"theDuelist:GoblinSecret+1","floor":46.0},{"not_picked":["theDuelist:FuryFire","theDuelist:MagicalBlast+1","theDuelist:AfterGenocide","theDuelist:PotDuality+1","theDuelist:SwordsConcealing"],"picked":"SKIP","floor":47.0},{"not_picked":["theDuelist:AngelTrumpeter+1","theDuelist:FogKing+1"],"picked":"theDuelist:GravityBlaster+1","floor":48.0},{"not_picked":["theDuelist:SangaThunder+1","theDuelist:PowerKaishin+1","theDuelist:EgoBoost+1","theDuelist:ExodiaRL+1"],"picked":"theDuelist:Tuningware+1","floor":54}],"player_experience":524261,"relics_obtained":[{"floor":6.0,"key":"Omamori"},{"floor":11.0,"key":"Kunai"},{"floor":14.0,"key":"theDuelist:ResummonBranch"},{"floor":24.0,"key":"Bronze Scales"},{"floor":26.0,"key":"theDuelist:DuelistUrn"},{"floor":27.0,"key":"Sundial"},{"floor":29.0,"key":"Tingsha"},{"floor":40.0,"key":"Ornamental Fan"},{"floor":42.0,"key":"FossilizedHelix"},{"floor":44.0,"key":"Toy Ornithopter"},{"floor":47.0,"key":"Bag of Preparation"},{"floor":54,"key":"Bottled Tornado"}],"event_choices":[{"damage_healed":0.0,"max_hp_gain":0.0,"max_hp_loss":0.0,"gold_gain":175.0,"event_name":"Liars Game","player_choice":"AGREE","floor":2.0,"gold_loss":0.0,"damage_taken":0.0,"cards_obtained":["Doubt"]},{"damage_healed":0.0,"max_hp_gain":0.0,"max_hp_loss":0.0,"gold_gain":0.0,"event_name":"Tomb of the Nameless","player_choice":"Leave","duelist":true,"floor":4.0,"gold_loss":0.0,"damage_taken":0.0},{"damage_healed":0.0,"max_hp_gain":0.0,"max_hp_loss":0.0,"gold_gain":0.0,"event_name":"Egyptian Village","player_choice":"Delta Electro","duelist":true,"floor":8.0,"gold_loss":0.0,"damage_taken":0.0,"cards_obtained":["Delta Electromagnet Warrior"]},{"damage_healed":0.0,"max_hp_gain":0.0,"max_hp_loss":0.0,"gold_gain":0.0,"event_name":"Relic Duplicator","player_choice":"Leave","duelist":true,"floor":12.0,"gold_loss":0.0,"damage_taken":0.0},{"cards_removed":["theDuelist:Sparks"],"damage_healed":0.0,"max_hp_gain":0.0,"max_hp_loss":0.0,"gold_gain":0.0,"event_name":"Beggar","player_choice":"Gave Gold","floor":20.0,"gold_loss":75.0,"damage_taken":0.0},{"power_reward":3.0,"total_magic_score":70.0,"gold_gain":0.0,"duelist":true,"damage_taken":0.0,"relics_obtained":["theDuelist:NamelessPowerRelicB"],"points":8.0,"war_reward":4.0,"max_hp_gain":0.0,"max_hp_loss":4.0,"spent_points":{"magic":0.0,"greed":0.0,"war":4.0,"power":3.0,"hunger":1.0},"event_name":"Nameless Tomb","floor":22.0,"gold_loss":0.0,"cards_obtained":["theDuelist:Nameless:War:AssaultArmor"]},{"damage_healed":0.0,"max_hp_gain":0.0,"max_hp_loss":0.0,"gold_gain":0.0,"event_name":"Knowing Skull","player_choice":"CARD ","floor":25.0,"potions_obtained":[],"gold_loss":0.0,"damage_taken":12.0,"cards_obtained":["theDuelist:GemElephant"]},{"damage_healed":0.0,"max_hp_gain":0.0,"max_hp_loss":0.0,"gold_gain":0.0,"event_name":"Knowing Skull","player_choice":"CARD ","floor":25.0,"potions_obtained":[],"gold_loss":0.0,"damage_taken":12.0,"cards_obtained":["theDuelist:GemElephant"]},{"damage_healed":0.0,"max_hp_gain":0.0,"max_hp_loss":0.0,"gold_gain":0.0,"event_name":"Aknamkanon\u0027s Tomb","player_choice":"Dig - random Duelist relic","duelist":true,"floor":37.0,"gold_loss":0.0,"damage_taken":0.0},{"cards_removed":["theDuelist:GracefulCharity"],"damage_healed":0.0,"max_hp_gain":0.0,"max_hp_loss":0.0,"gold_gain":0.0,"event_name":"Falling","player_choice":"Removed Skill","floor":38.0,"gold_loss":0.0,"damage_taken":0.0},{"damage_healed":0.0,"max_hp_gain":0.0,"max_hp_loss":0.0,"gold_gain":0.0,"event_name":"Lab","player_choice":"Got Potions","floor":39.0,"gold_loss":0.0,"damage_taken":0.0}],"is_beta":false,"boss_relics":[{"not_picked":["Astrolabe","Pandora\u0027s Box"],"picked":"Sozu"},{"not_picked":["Empty Cage","Runic Dome"],"picked":"Runic Pyramid"}],"items_purged_floors":[3,19,53],"is_endless":false,"potions_floor_spawned":[11,13,14,18,21,27,29,30,35,40,46,54],"ascension_level":7}}