{"host":"r6jigiblrojhp6xe","time":1610513326,"event":{"mods":["AchievementEnabler","BaseMod","DeckTracker","Minty Spire (QoL Compilation)","Quick Restart","Rare Cards Sparkle","Relic Stats","StSLib","SuperFastMode","The Cursed","everything is the same but u backflip on backflip"],"gold_per_floor":[111,121,46,46,46,46,77,77,77,107,127,22,22,42,42,42,42],"floor_reached":16,"language":"KOR","playtime":254,"items_purged":[],"score":266,"play_id":"fd1e5453-9990-484f-81da-7ea4c34d0e75","local_time":"20210113134846","is_ascension_mode":true,"campfire_choices":[{"data":"Spot Weakness","floor":6.0,"key":"SMITH"},{"data":"Blood for Blood","floor":8.0,"key":"SMITH"},{"data":"Flash of Steel","floor":13.0,"key":"SMITH"},{"data":"Wild Strike","floor":15.0,"key":"SMITH"}],"circlet_count":0,"master_deck":["AscendersBane","Strike_R","Strike_R","Strike_R","Defend_R","Defend_R","Defend_R","Defend_R","Bash","Wild Strike+1","Spot Weakness+1","Blood for Blood+1","Double Tap","Flash of Steel+1"],"relics":["Burning Blood","NeowsBlessing","Magic Flower","HornCleat"],"acts_visited":["Exordium"],"potions_floor_usage":[16,16],"damage_taken":[{"damage":0.0,"enemies":"Jaw Worm","floor":1.0,"turns":1.0},{"damage":0.0,"enemies":"2 Louse","floor":2.0,"turns":1.0},{"damage":0.0,"enemies":"Lagavulin","floor":7.0,"turns":1.0},{"damage":45.0,"enemies":"3 Sentries","floor":10.0,"turns":9.0},{"damage":0.0,"enemies":"Cultist","floor":11.0,"turns":3.0},{"damage":19.0,"enemies":"Exordium Wildlife","floor":14.0,"turns":4.0},{"damage":39,"enemies":"The Guardian","floor":16,"turns":8}],"seed_played":"562730392987139375","potions_obtained":[{"floor":7.0,"key":"BlessingOfTheForge"},{"floor":14.0,"key":"Swift Potion"}],"is_trial":false,"path_per_floor":["M","M","?","?","$","R","E","R","T","E","M","$","R","M","R","B"],"character_chosen":"IRONCLAD","items_purchased":["Flash of Steel"],"campfire_rested":0,"item_purchase_floors":[12],"current_hp_per_floor":[74,75,75,75,75,75,75,75,75,39,48,48,48,38,38,0,0],"gold":42,"neow_bonus":"THREE_ENEMY_KILL","is_daily":false,"chose_seed":false,"campfire_upgraded":4,"win_rate":0.0,"timestamp":1610513326,"path_taken":["M","M","?","?","$","R","E","R","T","E","?","$","R","M","R","BOSS"],"items_purchased_type":["Card"],"build_version":"2020-12-22","purchased_purges":0,"victory":false,"max_hp_per_floor":[75,75,75,75,75,75,75,75,75,75,75,75,75,75,75,75,75],"relic_stats":{"counters":[7,27],"Magic Flower":[9],"obtain_stats":[{"HornCleat":10,"NeowsBlessing":0,"Magic Flower":7,"Burning Blood":0},{"HornCleat":4,"NeowsBlessing":0,"Magic Flower":3,"Burning Blood":0},{"HornCleat":12,"NeowsBlessing":0,"Magic Flower":3,"Burning Blood":0}],"Burning Blood":34},"card_choices":[{"not_picked":["Body Slam","Twin Strike"],"picked":"Wild Strike","floor":1.0},{"not_picked":["Pommel Strike","Sword Boomerang"],"picked":"Spot Weakness","floor":2.0},{"not_picked":["Rupture","Iron Wave"],"picked":"Blood for Blood","floor":7.0},{"not_picked":["Sentinel","Anger"],"picked":"Double Tap","floor":10.0},{"not_picked":["Warcry","Perfected Strike","Pommel Strike"],"picked":"SKIP","floor":11.0},{"not_picked":["Entrench","Warcry","Armaments"],"picked":"SKIP","floor":14.0}],"player_experience":572707,"relics_obtained":[{"floor":7.0,"key":"Magic Flower"},{"floor":10.0,"key":"HornCleat"}],"event_choices":[{"cards_removed":["Strike_R"],"damage_healed":0.0,"max_hp_gain":0.0,"max_hp_loss":0.0,"gold_gain":0.0,"event_name":"The Cleric","player_choice":"Card Removal","floor":3.0,"gold_loss":75.0,"damage_taken":0.0},{"cards_removed":["Strike_R"],"damage_healed":0.0,"max_hp_gain":0.0,"max_hp_loss":0.0,"gold_gain":0.0,"event_name":"Bonfire Elementals","player_choice":"Offered Basic","floor":4.0,"gold_loss":0.0,"damage_taken":0.0}],"is_beta":false,"boss_relics":[],"items_purged_floors":[],"is_endless":false,"potions_floor_spawned":[7,14],"killed_by":"The Guardian","ascension_level":20}}