{"host":"rdkrwszfl07lpbj9","time":1610497614,"event":{"mods":["Act Like it!","Aspiration","BaseMod","Beaked The Cultist","Colored Powertips","Downfall","Friendly Minions","Hermit","Infinite Spire","Minty Spire (QoL Compilation)","Replay The Spire","StSLib","The Construct","The Elementalist","The Hierophant","The Jungle","The Marked","The Runesmith"],"gold_per_floor":[99,110,126,126,11,26,26,43,28,28,43,28,28,42,62,62,62],"floor_reached":16,"language":"ENG","playtime":1468,"items_purged":["elementalist:Strike+Elemblue"],"score":94,"play_id":"bc5da59f-8f41-433b-82c6-5ca3da9f3af4","local_time":"20210112162654","is_ascension_mode":false,"campfire_choices":[{"data":"elementalist:Defend_Elemblue","floor":1,"key":"PURGE"},{"data":"elementalist:Confluence","floor":10,"key":"SMITH"},{"data":"elementalist:Confluence","floor":13,"key":"SMITH"}],"circlet_count":0,"master_deck":["elementalist:Air_Emblem","elementalist:Earth_Emblem","elementalist:Defend_Elemblue","elementalist:Defend_Elemblue","elementalist:Firestrike","elementalist:Earthstrike","elementalist:Waterstrike","elementalist:Airstrike","elementalist:Crystal_Chalk","elementalist:Confluence+1","elementalist:Rising_Vapors","elementalist:Confluence+1","elementalist:Geomancy","elementalist:Caution","elementalist:Etherstrike"],"relics":["elementalistmod:MagusStaff","elementalistmod:GraduationLetter","Pear"],"acts_visited":["Exordium"],"potions_floor_usage":[8,14,15],"damage_taken":[{"damage":0,"enemies":"2 Louse","floor":2,"turns":3},{"damage":2,"enemies":"Cultist","floor":3,"turns":4},{"damage":1,"enemies":"downfall:FleeingMerchant","floor":5,"turns":4},{"damage":14,"enemies":"Jaw Worm","floor":6,"turns":5},{"damage":5,"enemies":"2 Fungi Beasts","floor":8,"turns":4},{"damage":0,"enemies":"downfall:FleeingMerchant","floor":9,"turns":4},{"damage":8,"enemies":"Large Slime","floor":11,"turns":14},{"damage":4,"enemies":"downfall:FleeingMerchant","floor":12,"turns":4},{"damage":0,"enemies":"Lots of Slimes","floor":14,"turns":1},{"damage":34,"enemies":"Large Slime","floor":15,"turns":15},{"damage":21,"enemies":"downfall:Ironclad","floor":16,"turns":3}],"seed_played":"6946274264818801957","potions_obtained":[{"floor":2,"key":"Slimebound:ThreeZeroPotion"},{"floor":8,"key":"ColorlessPotion"},{"floor":11,"key":"SpeedPotion"},{"floor":14,"key":"LiquidMemories"}],"is_trial":false,"path_per_floor":["R","M","M","?","$","M","T","M","$","R","M","$","R","M","M","B"],"character_chosen":"THE_ELEMENTALIST","items_purchased":["elementalist:Confluence"],"campfire_rested":0,"item_purchase_floors":[5],"current_hp_per_floor":[49,49,47,47,46,32,42,37,40,40,38,36,36,36,8,0,0],"gold":62,"neow_bonus":"REMOVE_TWO","is_daily":false,"chose_seed":false,"campfire_upgraded":2,"win_rate":0.0,"timestamp":1610497614,"path_taken":["R","M","M","?","$","M","T","?","$","R","M","?","R","?","M","BOSS"],"items_purchased_type":["Card"],"build_version":"2020-12-22","purchased_purges":1,"victory":false,"max_hp_per_floor":[70,70,70,70,70,70,80,80,80,80,80,80,80,80,80,80,80],"card_choices":[{"not_picked":["elementalist:Emberveil","elementalist:Stone_to_Mud","elementalist:Cyclone"],"picked":"SKIP","floor":2},{"not_picked":["elementalist:Etherstrike","elementalist:Flame"],"picked":"elementalist:Confluence","floor":3},{"not_picked":["elementalist:Pressurize","elementalist:Rising_Tides"],"picked":"elementalist:Rising_Vapors","floor":5},{"not_picked":["elementalist:Geomancy","elementalist:Breeze","elementalist:Cauterize"],"picked":"SKIP","floor":6},{"not_picked":["elementalist:Mist","elementalist:Breeze","elementalist:Wirbelwight"],"picked":"SKIP","floor":8},{"not_picked":["elementalist:Flame","elementalist:Prepared_Sand"],"picked":"elementalist:Geomancy","floor":9},{"not_picked":["elementalist:Spout","elementalist:Aero","elementalist:Prepared_Sand"],"picked":"SKIP","floor":11},{"not_picked":["elementalist:Blaze","elementalist:Mist"],"picked":"elementalist:Caution","floor":12},{"not_picked":["elementalist:Ignition","elementalist:Vaccuum","elementalist:Fission_Lance"],"picked":"SKIP","floor":14},{"not_picked":["elementalist:Vaccuum","elementalist:Widdershins_Conversion"],"picked":"elementalist:Etherstrike","floor":15}],"player_experience":1021947,"relics_obtained":[{"floor":7,"key":"Pear"}],"event_choices":[],"is_beta":false,"boss_relics":[],"items_purged_floors":[5],"is_endless":false,"potions_floor_spawned":[2,8,11,14],"killed_by":"downfall:Ironclad","ascension_level":0}}