{"host":"1q1wpq6df472foxy","time":1610523072,"event":{"mods":["BaseMod","DeckTracker","Highlight Path","Minty Spire (QoL Compilation)","Quick Restart","StSLib","SuperFastMode"],"gold_per_floor":[117,133,13,32,32,66,84,112,112,12,12,27,54,69,69,173,173,189,200,200,252,272,272,289,289,289,289,14,14,46,46,46,142,192,192,192],"floor_reached":35,"language":"KOR","playtime":1135,"items_purged":["Defend_R","Defend_R","Writhe"],"score":441,"play_id":"c6fd2a43-60bd-4a3a-9192-1862f494d23d","local_time":"20210113163112","is_ascension_mode":true,"campfire_choices":[{"floor":11,"key":"REST"},{"floor":15,"key":"REST"},{"floor":23,"key":"REST"},{"data":"Reaper","floor":25,"key":"SMITH"},{"floor":27,"key":"REST"},{"data":"Sever Soul","floor":29,"key":"SMITH"},{"data":"Feed","floor":32,"key":"SMITH"}],"circlet_count":0,"master_deck":["Strike_R","Strike_R","Strike_R","Strike_R","Strike_R","Defend_R","Bash","Clash+1","Iron Wave","Sever Soul+1","Headbutt","Clash","Clash","Reaper+1","Iron Wave","Twin Strike+1","Feed+1"],"relics":["Black Blood","NeowsBlessing","Meat on the Bone","Letter Opener","Happy Flower","Ancient Tea Set","Darkstone Periapt","Pantograph","MealTicket","Shuriken","PreservedInsect","Pen Nib","Tiny House"],"acts_visited":["Exordium","TheCity","TheBeyond"],"potions_floor_usage":[16,16,30],"damage_taken":[{"damage":0,"enemies":"Cultist","floor":1,"turns":1},{"damage":0,"enemies":"Jaw Worm","floor":2,"turns":1},{"damage":0,"enemies":"2 Louse","floor":4,"turns":1},{"damage":36,"enemies":"Gremlin Nob","floor":6,"turns":5},{"damage":9,"enemies":"Exordium Wildlife","floor":7,"turns":2},{"damage":35,"enemies":"Lagavulin","floor":8,"turns":6},{"damage":1,"enemies":"Large Slime","floor":12,"turns":3},{"damage":0,"enemies":"Gremlin Nob","floor":13,"turns":2},{"damage":8,"enemies":"Lots of Slimes","floor":14,"turns":3},{"damage":63,"enemies":"Hexaghost","floor":16,"turns":8},{"damage":36,"enemies":"2 Thieves","floor":18,"turns":4},{"damage":15,"enemies":"Chosen","floor":19,"turns":4},{"damage":55,"enemies":"Snake Plant","floor":22,"turns":5},{"damage":34,"enemies":"Snecko","floor":24,"turns":5},{"damage":13,"enemies":"Gremlin Leader","floor":30,"turns":3},{"damage":54,"enemies":"Champ","floor":33,"turns":8},{"damage":5,"enemies":"Orb Walker","floor":35,"turns":2}],"seed_played":"-7063621740875747091","potions_obtained":[{"floor":2,"key":"AttackPotion"},{"floor":6,"key":"Explosive Potion"},{"floor":7,"key":"Swift Potion"},{"floor":18,"key":"BloodPotion"},{"floor":24,"key":"AttackPotion"},{"floor":33,"key":"Explosive Potion"}],"is_trial":false,"path_per_floor":["M","M","$","M","T","E","M","E","T","$","R","M","E","M","R","B",null,"M","M","?","T","M","R","M","R","T","R","$","R","E","?","R","B",null,"M"],"character_chosen":"IRONCLAD","items_purchased":["Iron Wave","PreservedInsect"],"campfire_rested":4,"item_purchase_floors":[3,28],"current_hp_per_floor":[80,80,80,80,80,50,47,30,30,30,54,59,65,63,80,35,80,62,63,69,69,42,67,63,63,63,86,86,86,86,86,86,56,91,86,86],"gold":192,"neow_bonus":"THREE_ENEMY_KILL","is_daily":false,"chose_seed":false,"campfire_upgraded":3,"win_rate":0.0,"timestamp":1610523072,"path_taken":["M","M","$","?","?","E","M","E","T","?","R","M","E","M","R","BOSS","M","?","?","?","M","R","M","R","T","R","$","R","E","?","R","BOSS","M"],"items_purchased_type":["Card","Relic"],"build_version":"2020-12-22","purchased_purges":3,"victory":false,"max_hp_per_floor":[80,80,80,80,80,80,80,80,80,80,80,80,80,80,80,80,80,80,80,86,86,86,86,86,86,86,86,86,86,86,86,86,86,91,91,91],"card_choices":[{"not_picked":["Body Slam","Thunderclap"],"picked":"Clash","floor":1},{"not_picked":["Battle Trance","Heavy Blade","Wild Strike"],"picked":"SKIP","floor":2},{"not_picked":["Ghostly Armor","Cleave"],"picked":"Sever Soul","floor":4},{"not_picked":["Warcry","Reckless Charge","Inflame"],"picked":"SKIP","floor":6},{"not_picked":["Inflame","Heavy Blade","Armaments"],"picked":"SKIP","floor":7},{"not_picked":["Reckless Charge","Corruption"],"picked":"Headbutt","floor":8},{"not_picked":["Thunderclap","Inflame"],"picked":"Clash","floor":12},{"not_picked":["Corruption","Wild Strike","Iron Wave"],"picked":"SKIP","floor":13},{"not_picked":["Sword Boomerang","Armaments"],"picked":"Clash","floor":14},{"not_picked":["Immolate","Impervious"],"picked":"Reaper","floor":16},{"not_picked":["Heavy Blade","Clothesline"],"picked":"Iron Wave","floor":18},{"not_picked":["Headbutt","Hemokinesis"],"picked":"Twin Strike+1","floor":19},{"not_picked":["Clothesline","Body Slam","Flex"],"picked":"SKIP","floor":22},{"not_picked":["Cleave","True Grit","Feel No Pain"],"picked":"SKIP","floor":24},{"not_picked":["Shrug It Off","Intimidate"],"picked":"Feed","floor":30}],"player_experience":174204,"relics_obtained":[{"floor":5,"key":"Meat on the Bone"},{"floor":6,"key":"Letter Opener"},{"floor":8,"key":"Happy Flower"},{"floor":9,"key":"Ancient Tea Set"},{"floor":13,"key":"Darkstone Periapt"},{"floor":21,"key":"MealTicket"},{"floor":26,"key":"Shuriken"},{"floor":30,"key":"Pen Nib"}],"event_choices":[{"damage_healed":0,"gold_gain":0,"player_choice":"Opened","damage_taken":0,"relics_obtained":["Pantograph"],"max_hp_gain":0,"max_hp_loss":0,"event_name":"The Mausoleum","floor":20,"gold_loss":0,"cards_obtained":["Writhe"]},{"cards_removed":["Defend_R"],"damage_healed":0,"gold_gain":0,"player_choice":"Offered Basic","damage_taken":0,"max_hp_gain":0,"max_hp_loss":0,"event_name":"Bonfire Elementals","floor":31,"gold_loss":0}],"is_beta":false,"boss_relics":[{"not_picked":["Fusion Hammer","Velvet Choker"],"picked":"Black Blood"},{"not_picked":["Runic Dome","Sozu"],"picked":"Tiny House"}],"items_purged_floors":[3,10,28],"is_endless":false,"potions_floor_spawned":[2,6,7,12,14,18,24,33],"killed_by":"Orb Walker","ascension_level":1}}