{"host":"0ttaavwaei2fh9kw","time":1610540684,"event":{"mods":["Act Like it!","Aspiration","BaseMod","Chen","Colored Map","Decade(王小明)","Downfall","Gensokyo","Hallownest","Hubris","Infinite Spire","KinomotoSakuraMod(木之本樱)","KomeijiMod","Lobotomy","LobotomyExtend","Marisa（F雨　魔理沙）","Minty Spire (QoL Compilation)","Prisma Mod","Reimu（博丽灵梦）","Replay The Spire","Spicy Shops","StSLib","The Servant 0.9.4","WarShipGirlsR/战舰少女R mod","Youmu（魂魄妖梦）"],"gold_per_floor":[110,124,124,124,144,144,5,15,15,332,332,360,360,380,380,478,478,478,478,493,493,493,493,356,369,392,392,420,420,432,303,303,303,303],"floor_reached":33,"language":"ZHS","playtime":1510,"items_purged":["Regret"],"score":288,"play_id":"f2ff777f-f4f0-4f40-85a8-d6daec270418","local_time":"20210113202444","is_ascension_mode":false,"campfire_choices":[{"data":"KidneyShot","floor":6,"key":"SMITH"},{"data":"BottledTime","floor":13,"key":"SMITH"},{"floor":15,"key":"RECALL"},{"data":"Duplication","floor":23,"key":"SMITH"},{"data":"hubris:Fate","floor":29,"key":"SMITH"},{"data":"ReplayTheSpireMod:Chaos Vortex","floor":32,"key":"SMITH"}],"circlet_count":0,"master_deck":["BottledTime+1","ShyLook","Duplication+1","TimeWarp","hubris:Fate+1","ReplayTheSpireMod:Chaos Vortex+1","Duplication","Gensokyo:Shovel","Gensokyo:RustyChest","Gensokyo:TarnishedGold"],"relics":["Uniform","CogitoBucket","LetterFromLob","hubris:PeanutButter","Gensokyo:Justice","Replay:Bottled Steam","RedMistMask","Juzu Bracelet","aspiration:RunicSpoon","hubris:Icosahedron","ReplayTheSpireMod:Ring of Collecting","ReplayTheSpireMod:Ring of Exchange","Strange Spoon","Pet Ghost","Regal Pillow"],"acts_visited":["Gensokyo:Gensokyo","Gensokyo:Gensokyoer"],"potions_floor_usage":[33,33],"damage_taken":[{"damage":3,"enemies":"Gensokyo:2_Kodama","floor":1,"turns":3},{"damage":4,"enemies":"Gensokyo:Python","floor":2,"turns":3},{"damage":0,"enemies":"Gensokyo:3_Fairies","floor":5,"turns":3},{"damage":7,"enemies":"Gensokyo:VengefulSpirit","floor":8,"turns":6},{"damage":34,"enemies":"Gensokyo:3_Kodama","floor":10,"turns":7},{"damage":0,"enemies":"Gensokyo:Cirno","floor":12,"turns":5},{"damage":0,"enemies":"Gensokyo:5_Fairies","floor":14,"turns":1},{"damage":5,"enemies":"Gensokyo:Kokoro","floor":16,"turns":4},{"damage":0,"enemies":"Gensokyo:AngelMirror","floor":20,"turns":1},{"damage":0,"enemies":"Gensokyo:CosmicMonolith","floor":25,"turns":2},{"damage":13,"enemies":"Nightmare","floor":28,"turns":6},{"damage":0,"enemies":"Gensokyo:Chomper_and_Gloop","floor":30,"turns":2},{"damage":93,"enemies":"Gensokyo:Eiki","floor":33,"turns":7}],"seed_played":"8558155573836453784","potions_obtained":[{"floor":1,"key":"Venom Potion"},{"floor":14,"key":"SteroidPotion"},{"floor":16,"key":"AttackPotion"},{"floor":28,"key":"Regen Potion"}],"is_trial":false,"path_per_floor":["M","M","?","?","M","R","COS","M","T","M","?","E","R","M","R","B",null,"M","?","M","?","?","R","$","M","T","AVR","NM","R","M","COS","R","B"],"character_chosen":"THE_SERVANT","items_purchased":["Strange Spoon"],"campfire_rested":0,"item_purchase_floors":[24],"current_hp_per_floor":[62,58,58,58,58,58,58,51,51,17,65,65,65,65,65,60,65,65,65,65,65,65,65,65,65,65,65,52,52,52,52,52,0,0],"gold":303,"neow_bonus":"","is_daily":false,"chose_seed":false,"campfire_upgraded":5,"win_rate":0.0,"timestamp":1610540684,"path_taken":["M","M","?","?","?","R","COS","M","T","M","?","E","R","M","R","BOSS","M","?","M","?","?","R","?","M","T","AVR","NM","R","M","COS","R","BOSS"],"items_purchased_type":["Relic"],"build_version":"2020-12-22","purchased_purges":1,"victory":false,"max_hp_per_floor":[65,65,65,65,65,65,65,65,65,65,65,65,65,65,65,65,65,65,65,65,65,65,65,65,65,65,65,65,65,65,65,65,65,65],"card_choices":[{"not_picked":["ShyLook","LittleHelper"],"picked":"OldLady","floor":1},{"not_picked":["Starlight","Unruled","Reset"],"picked":"SKIP","floor":1},{"not_picked":["FastForward","Ricochet"],"picked":"SilverBlades","floor":2},{"not_picked":["Alleviate","TimeWarp"],"picked":"SilverBlades","floor":5},{"not_picked":["Reset+1","Unruled+1"],"picked":"Rearm+1","floor":8},{"not_picked":["BeautyBeast","Murderer"],"picked":"SnowQueen","floor":8},{"not_picked":["Rewind","Defy"],"picked":"SurpressingFire","floor":8},{"not_picked":["InstantArmor","Replace","StarChef"],"picked":"SKIP","floor":10},{"not_picked":["Bloodbath","MeatLantern"],"picked":"Porccubus","floor":12},{"not_picked":["Spin","Unruled"],"picked":"BottledTime","floor":12},{"not_picked":["MeatLantern","Wellcheers"],"picked":"ShyLook","floor":14},{"not_picked":["Rearm","FastForward","Sabotage"],"picked":"SKIP","floor":14},{"not_picked":["ForgedInTime","SoulSculpture"],"picked":"Duplication","floor":16},{"not_picked":["Moondial","Revamp"],"picked":"TimeWarp","floor":20},{"not_picked":["Luminosity+1","Moondial+1","Defy"],"picked":"SKIP","floor":25},{"not_picked":["infinitespire:SealOfDarkness+","ReplayTheSpireMod:Black Plague"],"picked":"ReplayTheSpireMod:Chaos Vortex","floor":28},{"not_picked":["Rearm","Alleviate"],"picked":"Duplication","floor":28},{"not_picked":["ShatteredReality+1","Revamp","SurpressingFire"],"picked":"SKIP","floor":30}],"player_experience":196916,"relics_obtained":[{"floor":1,"key":"LetterFromLob"},{"floor":9,"key":"Replay:Bottled Steam"},{"floor":10,"key":"RedMistMask"},{"floor":12,"key":"Juzu Bracelet"},{"floor":22,"key":"ReplayTheSpireMod:Ring of Collecting"},{"floor":22,"key":"ReplayTheSpireMod:Ring of Exchange"},{"floor":26,"key":"Pet Ghost"},{"floor":28,"key":"Regal Pillow"}],"event_choices":[],"is_beta":false,"boss_relics":[{"not_picked":["Ectoplasm","aspiration:FutureDiary"],"picked":"aspiration:RunicSpoon"}],"items_purged_floors":[24],"is_endless":true,"potions_floor_spawned":[1,14,16,28,30],"killed_by":"Gensokyo:Eiki","ascension_level":0}}