{"host":"njcl8kinlkfw245p","time":1610523542,"event":{"mods":["BaseMod","Block Reminder","Colored Map","Googly Eyes","KinomotoSakuraMod(????)","Minty Spire (QoL Compilation)","StSLib","The Senshi","Unceasing Turn Reminder","everything is the same but u backflip on backflip"],"gold_per_floor":[99,99,49,49,49,49,49,49,49,49,49,49,34,34,34,34,34,34,34,34,34,34,34,34,34,34,34,34,34,34,34,34,34,34],"floor_reached":33,"language":"ENG","playtime":2197,"items_purged":[],"score":341,"play_id":"ec67bcda-f93d-43ae-a4d2-e7405d19b571","local_time":"20210112233902","is_ascension_mode":true,"campfire_choices":[{"data":"Pommel Strike","floor":6.0,"key":"SMITH"},{"data":"Seeing Red","floor":8.0,"key":"SMITH"},{"floor":12.0,"key":"REST"},{"data":"Uppercut","floor":15.0,"key":"SMITH"},{"data":"Ghostly","floor":24.0,"key":"SMITH"},{"floor":28,"key":"REST"},{"data":"Ghostly","floor":30,"key":"SMITH"},{"data":"Ghostly","floor":32,"key":"SMITH"}],"circlet_count":0,"master_deck":["Strike_R","Strike_R","Strike_R","Strike_R","Defend_R","Defend_R","Defend_R","Defend_R","Bash","Sword Boomerang","Cleave","Pommel Strike+1","Seeing Red+1","Dropkick","Uppercut+1","Reaper","Iron Wave","Shrug It Off","Ghostly+1","Ghostly","Ghostly","Ghostly+1","Ghostly+1","Armaments","Evolve+1","Heavy Blade+1"],"relics":["Ectoplasm","Frozen Egg 2","Shuriken","Omamori","Calling Bell","Potion Belt","Singing Bowl","Gambling Chip","Ice Cream","Paper Frog","Shovel"],"acts_visited":["Exordium","TheCity"],"potions_floor_usage":[],"damage_taken":[{"damage":0.0,"enemies":"Small Slimes","floor":1.0,"turns":2.0},{"damage":9.0,"enemies":"Jaw Worm","floor":2.0,"turns":3.0},{"damage":2.0,"enemies":"2 Louse","floor":4.0,"turns":2.0},{"damage":14.0,"enemies":"Red Slaver","floor":10.0,"turns":2.0},{"damage":23.0,"enemies":"Exordium Thugs","floor":11.0,"turns":3.0},{"damage":1.0,"enemies":"Looter","floor":13.0,"turns":2.0},{"damage":21.0,"enemies":"Lagavulin","floor":14.0,"turns":4.0},{"damage":23.0,"enemies":"Slime Boss","floor":16.0,"turns":8.0},{"damage":28.0,"enemies":"Spheric Guardian","floor":18.0,"turns":5.0},{"damage":21.0,"enemies":"Shell Parasite","floor":20.0,"turns":5.0},{"damage":17.0,"enemies":"3 Cultists","floor":21.0,"turns":4.0},{"damage":36.0,"enemies":"Slavers","floor":23.0,"turns":10.0},{"damage":4,"enemies":"Snake Plant","floor":27,"turns":6},{"damage":0,"enemies":"Chosen and Byrds","floor":29,"turns":6},{"damage":12,"enemies":"Gremlin Leader","floor":31,"turns":6},{"damage":55,"enemies":"Automaton","floor":33,"turns":6}],"seed_played":"-6934522372026593590","potions_obtained":[{"floor":2.0,"key":"BloodPotion"},{"floor":4.0,"key":"Regen Potion"},{"floor":10.0,"key":"SpeedPotion"},{"floor":21.0,"key":"Ancient Potion"},{"floor":27,"key":"Ancient Potion"},{"floor":29,"key":"SneckoOil"}],"is_trial":false,"path_per_floor":["M","M","?","M","T","R","?","R","T","M","M","R","M","E","R","B",null,"M","?","M","M","?","E","R","?","T","M","R","M","R","E","R","B"],"character_chosen":"IRONCLAD","items_purchased":[],"campfire_rested":2,"item_purchase_floors":[],"current_hp_per_floor":[80,71,71,69,69,69,69,69,69,55,32,56,55,34,34,11,80,59,59,45,28,28,12,12,7,7,9,22,30,30,20,20,0,0],"gold":34,"neow_bonus":"BOSS_RELIC","is_daily":false,"chose_seed":false,"campfire_upgraded":6,"win_rate":0.0,"timestamp":1610523542,"path_taken":["M","M","?","M","?","R","?","R","T","M","M","R","?","E","R","BOSS","M","?","M","M","?","E","R","?","T","M","R","M","R","E","R","BOSS"],"items_purchased_type":[],"build_version":"2020-12-22","purchased_purges":0,"victory":false,"max_hp_per_floor":[80,80,80,80,80,80,80,80,80,80,80,80,80,80,80,80,80,80,80,82,82,41,41,41,46,46,46,46,46,46,48,48,48,48],"card_choices":[{"not_picked":["Armaments","Combust"],"picked":"Sword Boomerang","floor":1.0},{"not_picked":["Shockwave","Armaments"],"picked":"Cleave","floor":2.0},{"not_picked":["Wild Strike","Cleave"],"picked":"Pommel Strike","floor":4.0},{"not_picked":["Sword Boomerang","Fire Breathing+1","Twin Strike"],"picked":"SKIP","floor":10.0},{"not_picked":["Clash","Cleave","Bloodletting"],"picked":"SKIP","floor":11.0},{"not_picked":["Twin Strike","Immolate"],"picked":"Dropkick","floor":13.0},{"not_picked":["Spot Weakness","Headbutt"],"picked":"Uppercut","floor":14.0},{"not_picked":["Impervious","Juggernaut+1"],"picked":"Reaper","floor":16.0},{"not_picked":["Headbutt","Cleave+1"],"picked":"Iron Wave","floor":18.0},{"not_picked":["Bloodletting","Sword Boomerang","Entrench+1"],"picked":"Singing Bowl","floor":20.0},{"not_picked":["Body Slam","Dropkick"],"picked":"Shrug It Off","floor":21.0},{"not_picked":["Entrench","Evolve+1"],"picked":"Armaments","floor":23.0},{"not_picked":["Iron Wave","Havoc+1"],"picked":"Evolve+1","floor":27},{"not_picked":["Twin Strike","Blood for Blood+1"],"picked":"Heavy Blade+1","floor":29},{"not_picked":["Armaments","Twin Strike","Flex"],"picked":"Singing Bowl","floor":31}],"player_experience":899305,"relics_obtained":[{"floor":5.0,"key":"Frozen Egg 2"},{"floor":9.0,"key":"Shuriken"},{"floor":14.0,"key":"Omamori"},{"floor":17.0,"key":"Potion Belt"},{"floor":17.0,"key":"Singing Bowl"},{"floor":17.0,"key":"Gambling Chip"},{"floor":23.0,"key":"Ice Cream"},{"floor":26.0,"key":"Paper Frog"},{"floor":31,"key":"Shovel"}],"event_choices":[{"cards_removed":["Strike_R"],"damage_healed":0.0,"max_hp_gain":0.0,"max_hp_loss":0.0,"gold_gain":0.0,"event_name":"The Cleric","player_choice":"Card Removal","floor":3.0,"gold_loss":50.0,"damage_taken":0.0},{"damage_healed":0.0,"max_hp_gain":0.0,"max_hp_loss":0.0,"gold_gain":0.0,"event_name":"Match and Keep!","player_choice":"1 cards matched","floor":7.0,"gold_loss":0.0,"damage_taken":0.0,"cards_obtained":["Seeing Red"]},{"damage_healed":0.0,"max_hp_gain":0.0,"max_hp_loss":0.0,"gold_gain":99.0,"event_name":"Nest","player_choice":"Stole From Cult","floor":19.0,"gold_loss":0.0,"damage_taken":0.0},{"damage_healed":0.0,"max_hp_gain":0.0,"max_hp_loss":41.0,"gold_gain":0.0,"event_name":"Ghosts","player_choice":"Became a Ghost","floor":22.0,"gold_loss":0.0,"damage_taken":0.0,"cards_obtained":["Ghostly","Ghostly","Ghostly","Ghostly","Ghostly"]},{"damage_healed":0.0,"max_hp_gain":5.0,"max_hp_loss":0.0,"gold_gain":0.0,"event_name":"Forgotten Altar","player_choice":"Shed Blood","floor":25.0,"gold_loss":0.0,"damage_taken":10.0}],"is_beta":false,"boss_relics":[{"not_picked":["SlaversCollar","Fusion Hammer"],"picked":"Calling Bell"}],"items_purged_floors":[],"is_endless":false,"potions_floor_spawned":[2,4,10,11,21,27,29],"killed_by":"Automaton","ascension_level":2}}