{"host":"8rwnpls8n88jrgbg","time":1610549713,"event":{"mods":["AchievementEnabler","BaseMod","Colored Map","Colored Powertips","DeckTracker","Keyboard Shortcuts","Minty Spire (QoL Compilation)","Relic Stats","StSLib","SuperFastMode"],"gold_per_floor":[364,364,364,389,62,62,105,105,105,138,161,72,86,102,102,192,192,212,212,212,225,71,71,109,109,109,142,158,172,37,71,71,176,176,206,225,249,249,282,282,318,318,366,384,384,274,274,315,315,315,315],"floor_reached":50,"language":"KOR","playtime":4562,"items_purged":["Tactician"],"score":1311,"play_id":"372edca6-018b-4763-9076-c1b6f91714f0","local_time":"20210113235513","is_ascension_mode":true,"campfire_choices":[{"data":"Blade Dance","floor":6,"key":"SMITH"},{"data":"Accuracy","floor":8,"key":"SMITH"},{"data":"Footwork","floor":15,"key":"SMITH"},{"data":"Phantasmal Killer","floor":23,"key":"SMITH"},{"data":"Dodge and Roll","floor":25,"key":"SMITH"},{"data":"Adrenaline","floor":32,"key":"SMITH"},{"floor":40,"key":"RECALL"},{"data":"Acrobatics","floor":42,"key":"SMITH"},{"data":"Acrobatics","floor":45,"key":"SMITH"},{"data":"Reflex","floor":47,"key":"SMITH"},{"data":"Calculated Gamble","floor":49,"key":"SMITH"}],"circlet_count":0,"master_deck":["AscendersBane","Survivor","Neutralize+1","Blade Dance+1","Quick Slash","Accuracy+1","Unload","Venomology","Die Die Die","Tactician+1","Footwork+1","Infinite Blades","Acrobatics+1","Caltrops","Sucker Punch","Endless Agony","Phantasmal Killer+1","Deflect","Leg Sweep+1","Grand Finale","Dodge and Roll+1","PiercingWail","Calculated Gamble+1","Cloak And Dagger","Calculated Gamble+1","Adrenaline+1","Dodge and Roll+1","Acrobatics+1","Storm of Steel","Reflex+1","Tactician+1","PiercingWail+1"],"relics":["Ring of the Snake","Golden Idol","Ancient Tea Set","Potion Belt","Toy Ornithopter","Pen Nib","Pandora\u0027s Box","Paper Crane","Prayer Wheel","Meat on the Bone","CeramicFish","HoveringKite","War Paint","Anchor"],"acts_visited":["Exordium","TheCity","TheBeyond"],"potions_floor_usage":[10,11,16,16,18,18,18,18,21,24,24,27,27,31,31,33,37,39,39,41,41,48,50,50,50,50],"damage_taken":[{"damage":3,"enemies":"2 Louse","floor":1,"turns":4},{"damage":0,"enemies":"Small Slimes","floor":4,"turns":3},{"damage":15,"enemies":"3 Sentries","floor":7,"turns":6},{"damage":22,"enemies":"Lagavulin","floor":10,"turns":5},{"damage":3,"enemies":"Jaw Worm","floor":11,"turns":4},{"damage":1,"enemies":"Large Slime","floor":13,"turns":3},{"damage":0,"enemies":"Red Slaver","floor":14,"turns":2},{"damage":24,"enemies":"Slime Boss","floor":16,"turns":8},{"damage":5,"enemies":"Shell Parasite","floor":18,"turns":4},{"damage":0,"enemies":"Chosen","floor":21,"turns":2},{"damage":12,"enemies":"Gremlin Leader","floor":24,"turns":5},{"damage":15,"enemies":"Slavers","floor":27,"turns":3},{"damage":0,"enemies":"Centurion and Healer","floor":28,"turns":4},{"damage":12,"enemies":"Snake Plant","floor":29,"turns":5},{"damage":10,"enemies":"Book of Stabbing","floor":31,"turns":4},{"damage":0,"enemies":"Collector","floor":33,"turns":4},{"damage":5,"enemies":"Orb Walker","floor":35,"turns":3},{"damage":0,"enemies":"3 Darklings","floor":36,"turns":2},{"damage":4,"enemies":"4 Shapes","floor":37,"turns":5},{"damage":17,"enemies":"Transient","floor":39,"turns":6},{"damage":39,"enemies":"Giant Head","floor":41,"turns":6},{"damage":0,"enemies":"Sphere and 2 Shapes","floor":44,"turns":4},{"damage":2,"enemies":"Nemesis","floor":48,"turns":7},{"damage":73,"enemies":"Time Eater","floor":50,"turns":13}],"seed_played":"-8849631898253708013","potions_obtained":[{"floor":7,"key":"EssenceOfSteel"},{"floor":10,"key":"Regen Potion"},{"floor":14,"key":"EntropicBrew"},{"floor":16,"key":"Block Potion"},{"floor":21,"key":"SkillPotion"},{"floor":24,"key":"Dexterity Potion"},{"floor":31,"key":"PowerPotion"},{"floor":33,"key":"SteroidPotion"},{"floor":35,"key":"Weak Potion"},{"floor":37,"key":"Regen Potion"},{"floor":39,"key":"SteroidPotion"}],"is_trial":false,"path_per_floor":["M","?","?","M","$","R","E","R","T","E","M","$","M","M","R","B",null,"M","?","?","M","$","R","E","R","T","E","M","M","$","E","R","B",null,"M","M","M","?","M","R","E","R","T","M","R","?","R","E","R","B"],"character_chosen":"THE_SILENT","items_purchased":["Accuracy","Unload","Ancient Tea Set","Footwork","Dodge and Roll","PiercingWail","Regen Potion","Acrobatics"],"campfire_rested":0,"item_purchase_floors":[5,5,5,12,22,22,30,30],"current_hp_per_floor":[56,38,38,38,38,38,23,23,23,6,20,20,19,19,19,5,42,49,49,49,54,54,54,42,42,42,37,37,37,37,48,48,53,54,49,49,50,50,41,41,32,32,32,32,32,32,32,35,35,0,0],"gold":315,"neow_bonus":"TWO_FIFTY_GOLD","is_daily":false,"chose_seed":false,"campfire_upgraded":10,"win_rate":0.0,"timestamp":1610549713,"path_taken":["M","?","?","M","$","R","E","R","T","E","M","$","M","M","R","BOSS","M","?","?","M","$","R","E","R","T","E","?","M","$","E","R","BOSS","M","M","M","?","?","R","E","R","T","M","R","?","R","E","R","BOSS"],"items_purchased_type":["Card","Card","Relic","Card","Card","Card","Potion","Card"],"build_version":"2020-12-22","purchased_purges":1,"victory":false,"max_hp_per_floor":[60,60,54,54,54,54,54,54,54,54,54,54,54,54,54,54,54,54,54,54,54,54,54,54,54,54,54,54,54,54,54,54,54,54,54,54,54,54,54,54,54,54,54,54,54,54,54,54,54,54,54],"relic_stats":{"counters":[24,112],"Golden Idol":139,"CeramicFish":36,"HoveringKite":[33],"Pandora\u0027s Box":["Caltrops","Sucker Punch","Endless Agony","Phantasmal Killer","Tactician","Deflect","Leg Sweep","Catalyst","Flechettes","Grand Finale"],"Prayer Wheel":7,"Pen Nib":[28],"War Paint":["Tactician","Dodge and Roll"],"obtain_stats":[{"Potion Belt":7,"Golden Idol":3,"CeramicFish":31,"HoveringKite":34,"Pen Nib":10,"Paper Crane":24,"War Paint":41,"Ancient Tea Set":5,"Anchor":48,"Pandora\u0027s Box":17,"Prayer Wheel":26,"Toy Ornithopter":9,"Ring of the Snake":0,"Meat on the Bone":27},{"Potion Belt":3,"Golden Idol":1,"CeramicFish":15,"HoveringKite":16,"Pen Nib":4,"Paper Crane":11,"War Paint":21,"Ancient Tea Set":2,"Anchor":23,"Pandora\u0027s Box":8,"Prayer Wheel":11,"Toy Ornithopter":3,"Ring of the Snake":0,"Meat on the Bone":12},{"Potion Belt":13,"Golden Idol":4,"CeramicFish":62,"HoveringKite":66,"Pen Nib":18,"Paper Crane":46,"War Paint":88,"Ancient Tea Set":7,"Anchor":99,"Pandora\u0027s Box":35,"Prayer Wheel":46,"Toy Ornithopter":13,"Ring of the Snake":0,"Meat on the Bone":49}],"Toy Ornithopter":106,"Ring of the Snake":[49],"Meat on the Bone":24},"card_choices":[{"not_picked":["Underhanded Strike","Deflect"],"picked":"Blade Dance","floor":1},{"not_picked":["Crippling Poison","Leg Sweep"],"picked":"Quick Slash","floor":4},{"not_picked":["Dodge and Roll","Infinite Blades"],"picked":"Venomology","floor":7},{"not_picked":["Caltrops","Grand Finale"],"picked":"Die Die Die","floor":10},{"not_picked":["Bane","Poisoned Stab"],"picked":"Tactician","floor":11},{"not_picked":["Slice","Underhanded Strike"],"picked":"Infinite Blades","floor":13},{"not_picked":["Caltrops","Calculated Gamble"],"picked":"Acrobatics","floor":14},{"not_picked":["Sucker Punch","Outmaneuver","Masterful Stab"],"picked":"SKIP","floor":18},{"not_picked":["Concentrate+1","Sucker Punch","Slice"],"picked":"SKIP","floor":21},{"not_picked":["Deadly Poison","Skewer","Sucker Punch"],"picked":"SKIP","floor":24},{"not_picked":["Reflex","Underhanded Strike"],"picked":"Calculated Gamble","floor":27},{"not_picked":["Backflip","Outmaneuver"],"picked":"Cloak And Dagger","floor":28},{"not_picked":["Poisoned Stab","Footwork"],"picked":"Calculated Gamble+1","floor":28},{"not_picked":["Slice","Finisher"],"picked":"Adrenaline","floor":29},{"not_picked":["PiercingWail","Deflect"],"picked":"Dodge and Roll","floor":29},{"not_picked":["Sucker Punch","Dodge and Roll","Dagger Spray+1"],"picked":"SKIP","floor":31},{"not_picked":["Grand Finale","After Image"],"picked":"Storm of Steel","floor":33},{"not_picked":["Sucker Punch+1","Acrobatics"],"picked":"Reflex","floor":35},{"not_picked":["Underhanded Strike","Flying Knee","Sucker Punch"],"picked":"SKIP","floor":35},{"not_picked":["Slice+1","Dodge and Roll","Escape Plan"],"picked":"SKIP","floor":36},{"not_picked":["Cloak And Dagger+1","Tools of the Trade","PiercingWail"],"picked":"SKIP","floor":36},{"not_picked":["Escape Plan","Predator","Sucker Punch"],"picked":"SKIP","floor":37},{"not_picked":["All Out Attack","Distraction+1","PiercingWail"],"picked":"SKIP","floor":37},{"not_picked":["PiercingWail","Dash"],"picked":"Tactician+1","floor":39},{"not_picked":["Prepared","Poisoned Stab"],"picked":"PiercingWail+1","floor":39},{"not_picked":["Backflip","Concentrate","Slice"],"picked":"SKIP","floor":41},{"not_picked":["Catalyst","Riddle With Holes","Poisoned Stab"],"picked":"SKIP","floor":44},{"not_picked":["Bouncing Flask","Deflect","Envenom"],"picked":"SKIP","floor":44},{"not_picked":["PiercingWail+1","Escape Plan+1","Deflect"],"picked":"SKIP","floor":48}],"player_experience":1497142,"relics_obtained":[{"floor":7,"key":"Potion Belt"},{"floor":9,"key":"Toy Ornithopter"},{"floor":10,"key":"Pen Nib"},{"floor":24,"key":"Paper Crane"},{"floor":26,"key":"Prayer Wheel"},{"floor":27,"key":"Meat on the Bone"},{"floor":31,"key":"CeramicFish"},{"floor":41,"key":"War Paint"},{"floor":48,"key":"Anchor"}],"event_choices":[{"damage_healed":0,"gold_gain":0,"player_choice":"Entered Light","damage_taken":18,"max_hp_gain":0,"max_hp_loss":0,"event_name":"Shining Light","floor":2,"gold_loss":0,"cards_upgraded":["Neutralize","Strike_G"]},{"damage_healed":0,"gold_gain":0,"player_choice":"Lose Max HP","damage_taken":0,"relics_obtained":["Golden Idol"],"max_hp_gain":0,"max_hp_loss":6,"event_name":"Golden Idol","floor":3,"gold_loss":0},{"damage_healed":0,"gold_gain":0,"player_choice":"Ignored","damage_taken":0,"max_hp_gain":0,"max_hp_loss":0,"event_name":"Cursed Tome","floor":19,"gold_loss":0},{"cards_removed":["Flechettes"],"damage_healed":0,"gold_gain":0,"player_choice":"Elegance","damage_taken":0,"max_hp_gain":0,"max_hp_loss":0,"event_name":"Back to Basics","floor":20,"gold_loss":0},{"damage_healed":0,"gold_gain":0,"player_choice":"0 cards matched","damage_taken":0,"max_hp_gain":0,"max_hp_loss":0,"event_name":"Match and Keep!","floor":38,"gold_loss":0,"cards_obtained":[]},{"damage_healed":0,"gold_gain":0,"player_choice":"0 cards matched","damage_taken":0,"max_hp_gain":0,"max_hp_loss":0,"event_name":"Match and Keep!","floor":38,"gold_loss":0,"cards_obtained":[]},{"cards_removed":["Catalyst"],"damage_healed":0,"gold_gain":0,"player_choice":"Upgrade and Remove","damage_taken":0,"max_hp_gain":0,"max_hp_loss":0,"event_name":"Designer","floor":46,"gold_loss":110,"cards_upgraded":["Leg Sweep"]}],"is_beta":false,"boss_relics":[{"not_picked":["Ectoplasm","Ring of the Serpent"],"picked":"Pandora\u0027s Box"},{"not_picked":["Snecko Eye","Sozu"],"picked":"HoveringKite"}],"items_purged_floors":[22],"is_endless":false,"potions_floor_spawned":[7,10,14,16,21,24,31,33,35,37,39],"killed_by":"Time Eater","ascension_level":20}}