{"host":"a8v0czv88scrgx5i","time":1610530435,"event":{"mods":["2.2 Compatiblity","Act Like it!","Arknights The Spire","Aspiration","Astrologer","Bard","BaseMod","Beaked The Cultist","Better Third Choice","BetterRewards","Colored Map","Colored Powertips","Curses Come First","Dota2Spire","Downfall","Friendly Minions","GifTheSpireLib","GungeonMod","Hermit","Hubris","Infinite Spire","Luminous","Marisa????????","Minty Spire (QoL Compilation)","READ ME - Guardian Mod","Rare Cards Sparkle","Relic Sorter","Replay The Spire","Shade Mod","Shop Mod","StSLib","The Animator","The Blackbeard","The Bug Knight","The Construct","The Cursed","The Disciple","The Elementalist","The Hierophant","The Jungle","The Marked","The Mystic","The Necromancer","The Runesmith","The Servant 0.9.4","The Spell Scribe","vexMod"],"gold_per_floor":[112,129,141,156,172,206,206,167,167,167,167,224,224,271,271,370,370,370,280,280,280,280,280,280,280],"floor_reached":24,"language":"ENG","playtime":1721,"items_purged":[],"score":228,"play_id":"b5b9c9d3-5f96-4a2b-84dd-2282e73d2cb5","local_time":"20210113043355","is_ascension_mode":false,"campfire_choices":[{"floor":7,"key":"REST"},{"floor":10,"key":"REST"},{"data":"ats:Magnetic Hammer","floor":13,"key":"SMITH"},{"floor":15,"key":"REST"}],"circlet_count":0,"master_deck":["ats:Strike C+1","ats:Strike G+1","ats:Strike S+1","ats:Strike V+1","ats:Armor Crushing Shot+1","ats:Defend+1","ats:Defend+1","ats:Defend+1","ats:Defend+1","ats:Emotion Absorption+1","ats:Flexible Camouflage","ats:Sword Rain","ats:Shadow Assault","ats:Song Of Battle","ats:Disruption Kick","ats:Revitalization","Decay","ats:Magnetic Hammer+1","ats:Cat Scratch","ats:Disruption Kick","ats:Cat Scratch+1","ats:Shell Defense","ats:Assault Order+1","ats:Spore Proliferation"],"relics":["ats:Sanity","ats:Originium","Dota2Spire:HandOfMidas","construct:FoamFinger","ats:Hidden Killer","Ectoplasm","theJungle:ParSnip","White Beast Statue"],"acts_visited":["Exordium","Exordium"],"potions_floor_usage":[6,6,16,16],"damage_taken":[{"damage":7,"enemies":"2 Louse","floor":1,"turns":4},{"damage":2,"enemies":"Small Slimes","floor":2,"turns":4},{"damage":1,"enemies":"Cultist","floor":3,"turns":4},{"damage":9,"enemies":"Blue Slaver","floor":4,"turns":3},{"damage":28,"enemies":"Exordium Wildlife","floor":5,"turns":5},{"damage":22,"enemies":"Gremlin Nob","floor":6,"turns":7},{"damage":32,"enemies":"3 Sentries","floor":12,"turns":5},{"damage":17,"enemies":"Large Slime","floor":14,"turns":5},{"damage":31,"enemies":"Fading Forest","floor":16,"turns":11},{"damage":22,"enemies":"theJungle:GiantWrat","floor":18,"turns":8},{"damage":26,"enemies":"theJungle:Flameango_and_Byrd","floor":20,"turns":6},{"damage":12,"enemies":"theJungle:2_Flameangoes","floor":22,"turns":8},{"damage":23,"enemies":"theJungle:Cassacara","floor":23,"turns":9},{"damage":18,"enemies":"theJungle:Lyon","floor":24,"turns":2}],"seed_played":"-4733725494614845293","potions_obtained":[{"floor":2,"key":"Guardian:BlockOnCardUsePotion"},{"floor":4,"key":"Weak Potion"},{"floor":6,"key":"AttackPotion"},{"floor":14,"key":"DistilledChaos"},{"floor":18,"key":"Dexterity Potion"},{"floor":23,"key":"Milkshake"}],"is_trial":false,"path_per_floor":["M","M","M","M","M","E","R","?","T","R","?","E","R","M","R","B",null,"M","?","M","?","M","E","M"],"character_chosen":"DOCTOR_CLASS","items_purchased":[],"campfire_rested":3,"item_purchase_floors":[],"current_hp_per_floor":[72,70,69,60,32,10,33,33,33,56,56,24,24,7,30,25,79,60,60,39,39,35,17,0,0],"gold":280,"neow_bonus":"TEN_PERCENT_HP_BONUS","is_daily":false,"chose_seed":false,"campfire_upgraded":1,"win_rate":0.0,"timestamp":1610530435,"path_taken":["M","M","M","M","M","E","R","?","T","R","?","E","R","?","R","BOSS","M","?","M","?","M","E","M"],"items_purchased_type":[],"build_version":"2020-12-22","purchased_purges":0,"victory":false,"max_hp_per_floor":[79,79,79,79,79,79,79,79,79,79,79,79,79,79,79,79,79,79,79,79,79,79,79,79,79],"card_choices":[{"not_picked":["ats:Leaping Hammer","ats:Assault Order"],"picked":"ats:Flexible Camouflage","floor":1},{"not_picked":["ats:Assault Order","ats:Consecutive Shot Auto"],"picked":"ats:Sword Rain","floor":2},{"not_picked":["ats:Spore Proliferation","ats:Curse Doll"],"picked":"ats:Shadow Assault","floor":3},{"not_picked":["ats:LN2 Cannon","ats:Chain Hook"],"picked":"ats:Song Of Battle","floor":4},{"not_picked":["ats:Assault Order","ats:Part Time Job"],"picked":"ats:Disruption Kick","floor":5},{"not_picked":["ats:Red Shift","ats:Collapsing Strike"],"picked":"ats:Revitalization","floor":6},{"not_picked":["ats:Encircling Forest","ats:Counter Healing Mode"],"picked":"ats:Magnetic Hammer","floor":12},{"not_picked":["ats:Sword Rain","ats:Powerful Strike"],"picked":"ats:Cat Scratch","floor":14},{"not_picked":["ats:Soul Rend","ats:Ambush"],"picked":"ats:Disruption Kick","floor":16},{"not_picked":["ats:Childhood Dance","ats:Leaping Hammer"],"picked":"ats:Cat Scratch+1","floor":18},{"not_picked":["ats:Explosion Area Strengthen","ats:Chain Hook"],"picked":"ats:Shell Defense","floor":20},{"not_picked":["ats:Shell Defense","ats:Explosion Area Strengthen+1"],"picked":"ats:Assault Order+1","floor":22},{"not_picked":["ats:Chain Hook","ats:Burning Ground"],"picked":"ats:Spore Proliferation","floor":23}],"player_experience":962612,"relics_obtained":[{"floor":6,"key":"ats:Originium"},{"floor":6,"key":"Dota2Spire:HandOfMidas"},{"floor":9,"key":"construct:FoamFinger"},{"floor":12,"key":"ats:Originium"},{"floor":12,"key":"ats:Hidden Killer"},{"floor":23,"key":"ats:Originium"},{"floor":23,"key":"White Beast Statue"}],"event_choices":[{"damage_healed":0,"gold_gain":0,"player_choice":"Left","damage_taken":0,"max_hp_gain":0,"max_hp_loss":0,"event_name":"betterThird:BetterGoop","floor":8,"gold_loss":39},{"damage_healed":0,"gold_gain":0,"player_choice":"Cursed","damage_taken":0,"max_hp_gain":0,"max_hp_loss":0,"event_name":"Wheel of Change","floor":11,"gold_loss":0,"cards_obtained":["Decay"]}],"is_beta":false,"boss_relics":[{"not_picked":["aspiration:FutureDiary","ReplayTheSpireMod:SealedPack"],"picked":"Ectoplasm"}],"items_purged_floors":[],"is_endless":false,"potions_floor_spawned":[2,4,6,14,18,23],"killed_by":"theJungle:Lyon","ascension_level":0}}