{"host":"0ttaavwaei2fh9kw","time":1610509622,"event":{"mods":["Act Like it!","Aspiration","BaseMod","Chen","Colored Map","Decade(王小明)","Downfall","Gensokyo","Hallownest","Hubris","Infinite Spire","KinomotoSakuraMod(木之本樱)","KomeijiMod","Lobotomy","LobotomyExtend","Marisa（F雨　魔理沙）","Minty Spire (QoL Compilation)","Prisma Mod","Reimu（博丽灵梦）","Replay The Spire","Spicy Shops","StSLib","The Servant 0.9.4","WarShipGirlsR/战舰少女R mod","Youmu（魂魄妖梦）"],"gold_per_floor":[174,193,63,77,97,130,130,157,157,157,176,176,176,393,393,797,797,812,812,912,912,931,931,951,951,951],"floor_reached":25,"language":"ZHS","playtime":1299,"items_purged":[],"score":238,"play_id":"1762d160-9f9a-45f5-a1c3-c2041c7d7240","local_time":"20210113114702","is_ascension_mode":false,"campfire_choices":[{"data":"QueenOfMidnight","floor":12.0,"key":"SMITH"},{"floor":15,"key":"REST"},{"data":"ScarletDestiny","floor":23,"key":"SMITH"}],"circlet_count":0,"master_deck":["Strike_Remiria","Strike_Remiria","Strike_Remiria","Strike_Remiria","Defend_Remirira","Defend_Remirira","Defend_Remirira","Defend_Remirira","Absorbed","Scratch","CherryBlossoms","StigmaNizer","AllTheWorldInNightmare+1","ScarletDestiny+1","QueenOfMidnight+1","HeartBreak_Remiria","QueenOfMidnight","Sneak Up+1","Phantasmal Killer","DemonLordWalk+1"],"relics":["ThirstyCrossSpe","CogitoBucket","LetterFromLob","Tea:ReiMu","Mango","ReplayTheSpireMod:Ninjato","Replay:Kaleidoscope","aspiration:SilentSkillbook","aspiration:DSix","hubris:GlazedTorus","Gensokyo:RedStar"],"acts_visited":["Gensokyo:Gensokyo","Gensokyo:Gensokyoer"],"potions_floor_usage":[14,24,25],"damage_taken":[{"damage":0.0,"enemies":"Gensokyo:Python","floor":1.0,"turns":4.0},{"damage":6.0,"enemies":"Gensokyo:Gryphon","floor":2.0,"turns":3.0},{"damage":17.0,"enemies":"Gensokyo:2_Kodama","floor":4.0,"turns":5.0},{"damage":24.0,"enemies":"Gensokyo:Kitsune","floor":5.0,"turns":3.0},{"damage":25.0,"enemies":"Gensokyo:Aya","floor":6.0,"turns":6.0},{"damage":27.0,"enemies":"Gensokyo:Mamizou","floor":8.0,"turns":9.0},{"damage":13.0,"enemies":"Gensokyo:VengefulSpirit","floor":11.0,"turns":3.0},{"damage":13,"enemies":"Gensokyo:CorruptedTreant","floor":14,"turns":4},{"damage":25,"enemies":"Gensokyo:Reimu","floor":16,"turns":8},{"damage":22,"enemies":"Gensokyo:2_Gloops","floor":18,"turns":5},{"damage":22,"enemies":"Gensokyo:2_Gloops","floor":20,"turns":7},{"damage":46,"enemies":"Gensokyo:3_Dogs","floor":22,"turns":6},{"damage":20,"enemies":"Gensokyo:Slime_Group","floor":24,"turns":5},{"damage":15,"enemies":"Gensokyo:Reisen","floor":25,"turns":2}],"seed_played":"-9062564184153585415","potions_obtained":[{"floor":2.0,"key":"SpeedPotion"},{"floor":4.0,"key":"hexamod:EctoCoolerPotion"},{"floor":5.0,"key":"Fire Potion"},{"floor":18,"key":"Fire Potion"},{"floor":24,"key":"hexamod:EctoCoolerPotion"}],"is_trial":false,"path_per_floor":["M","M","COS","M","M","E","?","E","T","?","M","R","?","M","R","B",null,"M","?","?","?","M","R","M","E"],"character_chosen":"RemiriaScarlet","items_purchased":[],"campfire_rested":1,"item_purchase_floors":[],"current_hp_per_floor":[100,94,94,77,53,28,28,16,16,31,18,18,18,5,39,14,114,92,92,70,70,28,28,8,0,0],"gold":951,"neow_bonus":"","is_daily":false,"chose_seed":false,"campfire_upgraded":2,"win_rate":0.0,"timestamp":1610509622,"path_taken":["M","M","COS","M","M","E","?","E","T","?","?","R","?","M","R","BOSS","M","?","?","?","?","R","M","E"],"items_purchased_type":[],"build_version":"2020-12-22","purchased_purges":0,"victory":false,"max_hp_per_floor":[100,100,100,100,100,100,100,114,114,114,114,114,114,114,114,114,114,114,114,114,114,114,114,114,114,114],"card_choices":[{"not_picked":["CrumblingArmor","Scorched"],"picked":"CherryBlossoms","floor":1.0},{"not_picked":["ServantFlier","BloodySuit"],"picked":"StigmaNizer","floor":1.0},{"not_picked":["BodyStrengthen","CombatMeter","CruelSlaughter"],"picked":"SKIP","floor":2.0},{"not_picked":["BodyStrengthen+1","DemonsDinnerFork_Remiria+1"],"picked":"AllTheWorldInNightmare+1","floor":4.0},{"not_picked":["ServantFlier","RocketKickup","Warpath"],"picked":"SKIP","floor":4.0},{"not_picked":["FateConcerto","RedtheNightlessCastle"],"picked":"ScarletDestiny","floor":5.0},{"not_picked":["BloodCleaner","DoubleEdge","NightDance"],"picked":"SKIP","floor":5.0},{"not_picked":["ServantFlier","Cripple","BloodySuit"],"picked":"SKIP","floor":6.0},{"not_picked":["BloodPact","DemonsDinnerFork_Remiria","Feint"],"picked":"SKIP","floor":8.0},{"not_picked":["Rewrite","Exsanguinate"],"picked":"QueenOfMidnight","floor":11.0},{"not_picked":["TricksterDevil","PainBurst"],"picked":"HeartBreak_Remiria","floor":14},{"not_picked":["RemiliaStretch_Remiria","FitfulNightmare"],"picked":"QueenOfMidnight","floor":16},{"not_picked":["Hidden Blade","Impregnable+1","FastHealing"],"picked":"Sneak Up+1","floor":18},{"not_picked":["Offensive","Heel Hook","Outmaneuver"],"picked":"Phantasmal Killer","floor":20},{"not_picked":["Poisoned Stab","CombatMeter","All Out Attack"],"picked":"DemonLordWalk+1","floor":22},{"not_picked":["ServantFlier","Dodge and Roll","BloodCollect+1","hubris:SlightOfHand"],"picked":"SKIP","floor":24}],"player_experience":193341,"relics_obtained":[{"floor":1.0,"key":"LetterFromLob"},{"floor":6.0,"key":"Tea:ReiMu"},{"floor":8.0,"key":"Mango"},{"floor":9.0,"key":"ReplayTheSpireMod:Ninjato"},{"floor":20,"key":"aspiration:DSix"},{"floor":20,"key":"hubris:GlazedTorus"}],"event_choices":[],"is_beta":false,"boss_relics":[{"not_picked":["Replay:Drink Me","hubris:VirtuousBlindfold"],"picked":"aspiration:SilentSkillbook"}],"items_purged_floors":[],"is_endless":false,"potions_floor_spawned":[2,4,5,6,18,24],"killed_by":"Gensokyo:Reisen","ascension_level":0}}