{"host":"2sr8q4b3ioepghas","time":1610522316,"event":{"mods":["BaseMod","Bestiary","Colored Map","Curses Come First","FTL Soundtrack","Minty Spire (QoL Compilation)","Permanent Neow","Quick Restart","Rare Cards Sparkle","StSLib","UnlockEverythingMod"],"gold_per_floor":[109,125,135,155,155,155,180,192,192,192,226,239,253,253,253],"floor_reached":14,"language":"ENG","playtime":459,"items_purged":[],"score":208,"play_id":"a7435362-d0cb-4ae4-9c9e-1454b796f1a5","local_time":"20210113171836","is_ascension_mode":true,"campfire_choices":[{"floor":6,"key":"REST"},{"floor":10,"key":"REST"}],"circlet_count":0,"master_deck":["AscendersBane","Strike_B","Strike_B","Defend_B","Defend_B","Defend_B","Zap","Dualcast","Ball Lightning","Cold Snap","Meteor Strike","Ball Lightning","Seek","Glacier","Barrage"],"relics":["Empty Cage","Ginger","Lizard Tail","Kunai"],"acts_visited":["Exordium"],"potions_floor_usage":[8,11],"damage_taken":[{"damage":7,"enemies":"Cultist","floor":1,"turns":4},{"damage":4,"enemies":"Jaw Worm","floor":2,"turns":4},{"damage":13,"enemies":"Small Slimes","floor":3,"turns":4},{"damage":4,"enemies":"Exordium Wildlife","floor":4,"turns":3},{"damage":23,"enemies":"Gremlin Nob","floor":7,"turns":4},{"damage":4,"enemies":"2 Fungi Beasts","floor":8,"turns":4},{"damage":28,"enemies":"Lagavulin","floor":11,"turns":8},{"damage":13,"enemies":"Lots of Slimes","floor":12,"turns":4},{"damage":12,"enemies":"3 Louse","floor":13,"turns":4},{"damage":27,"enemies":"3 Sentries","floor":14,"turns":4}],"seed_played":"-3527453391096246689","potions_obtained":[{"floor":3,"key":"Swift Potion"},{"floor":7,"key":"ColorlessPotion"},{"floor":8,"key":"Weak Potion"}],"is_trial":false,"path_per_floor":["M","M","M","M","?","R","E","M","T","R","E","M","M","E"],"character_chosen":"DEFECT","items_purchased":[],"campfire_rested":2,"item_purchase_floors":[],"current_hp_per_floor":[57,53,40,36,29,50,27,23,23,44,16,3,27,0,0],"gold":253,"neow_bonus":"BOSS_RELIC","is_daily":false,"chose_seed":false,"campfire_upgraded":0,"win_rate":0.0,"timestamp":1610522316,"path_taken":["M","?","M","M","?","R","E","M","T","R","E","M","M","E"],"items_purchased_type":[],"build_version":"2020-12-22","purchased_purges":0,"victory":false,"max_hp_per_floor":[71,71,71,71,71,71,71,71,71,71,71,71,71,71,71],"card_choices":[{"not_picked":["Barrage","Hello World","Tempest"],"picked":"SKIP","floor":1},{"not_picked":["Conserve Battery","Steam Power","Recycle"],"picked":"SKIP","floor":2},{"not_picked":["Turbo","Compile Driver"],"picked":"Ball Lightning","floor":3},{"not_picked":["Gash","Streamline"],"picked":"Cold Snap","floor":4},{"not_picked":["Blizzard","Hologram"],"picked":"Meteor Strike","floor":7},{"not_picked":["Cold Snap","Coolheaded"],"picked":"Ball Lightning","floor":8},{"not_picked":["Steam","Leap"],"picked":"Seek","floor":11},{"not_picked":["Aggregate","Go for the Eyes"],"picked":"Glacier","floor":12},{"not_picked":["Leap","Beam Cell"],"picked":"Barrage","floor":13}],"player_experience":49008,"relics_obtained":[{"floor":7,"key":"Ginger"},{"floor":9,"key":"Lizard Tail"},{"floor":11,"key":"Kunai"}],"event_choices":[{"cards_removed":["Strike_B"],"damage_healed":0,"gold_gain":0,"player_choice":"Card Removal","damage_taken":7,"max_hp_gain":0,"max_hp_loss":0,"event_name":"Golden Wing","floor":5,"gold_loss":0}],"is_beta":false,"boss_relics":[],"items_purged_floors":[],"is_endless":false,"potions_floor_spawned":[3,7,8],"killed_by":"3 Sentries","ascension_level":20}}