{"host":"1bf4lopb4xlrny0j","time":1610542320,"event":{"mods":["Act Like it!","Aspiration","BaseMod","Colored Powertips","Gensokyo","Hubris","Minty Spire (QoL Compilation)","Replay The Spire","Spicy Shops","StSLib"],"gold_per_floor":[118,136,154,173,192,192,254,254,277,294,294,294,308,323,323,427,427,444,444,444,221,235,235,247,247,247,281,281,306,316,328,328,328,328],"floor_reached":33,"language":"ZHS","playtime":2015,"items_purged":[],"score":305,"play_id":"7a5dec42-637c-424c-b6f2-e198a931ff07","local_time":"20210113205200","is_ascension_mode":true,"campfire_choices":[{"data":"Neutralize","floor":6.0,"key":"SMITH"},{"floor":8.0,"key":"REST"},{"data":"Noxious Fumes","floor":23.0,"key":"SMITH"},{"data":"Deadly Poison","floor":25,"key":"SMITH"},{"data":"Catalyst","floor":32,"key":"SMITH"}],"circlet_count":0,"master_deck":["Strike_G","Strike_G","Strike_G","Strike_G","Strike_G","Defend_G+1","Defend_G+1","Defend_G","Defend_G","Defend_G","Survivor","Neutralize+1","Deadly Poison+1","Deadly Poison+1","Noxious Fumes+1","Clumsy","Pain","Catalyst+1","Footwork","Poisoned Stab+1","Catalyst+1"],"relics":["Ring of the Snake","NeowsBlessing","aspiration:HiddenCompartment","aspiration:Lifesprig","Gensokyo:NagashiBinaDoll","Gensokyo:LunaticRedEyes","Painkiller Herb","hubris:EmptyBottle","War Paint","Meat on the Bone","hubris:SlimyHat"],"acts_visited":["Exordium","Gensokyo:Gensokyo"],"potions_floor_usage":[24,24],"damage_taken":[{"damage":0.0,"enemies":"Gensokyo:Python","floor":1.0,"turns":1.0},{"damage":0.0,"enemies":"Gensokyo:2_Kodama","floor":2.0,"turns":1.0},{"damage":0.0,"enemies":"Gensokyo:3_Fairies","floor":3.0,"turns":1.0},{"damage":8.0,"enemies":"Gensokyo:Python_and_Kodama","floor":4.0,"turns":5.0},{"damage":21.0,"enemies":"Gensokyo:Gryphon_and_Rabbit","floor":5.0,"turns":6.0},{"damage":3.0,"enemies":"Gensokyo:VengefulSpirit","floor":10.0,"turns":4.0},{"damage":16.0,"enemies":"Gensokyo:CorruptedTreant","floor":13.0,"turns":4.0},{"damage":14.0,"enemies":"Gensokyo:Gryphon_and_Rabbit","floor":14.0,"turns":5.0},{"damage":20.0,"enemies":"Gensokyo:Kokoro","floor":16.0,"turns":8.0},{"damage":18.0,"enemies":"Gensokyo:Chomper","floor":18.0,"turns":4.0},{"damage":5.0,"enemies":"Gensokyo:CosmicMonolith","floor":22.0,"turns":4.0},{"damage":0,"enemies":"Gensokyo:Swordslinger","floor":24,"turns":2},{"damage":14,"enemies":"Gensokyo:Tenshi","floor":27,"turns":4},{"damage":13,"enemies":"Gensokyo:Koishi","floor":29,"turns":5},{"damage":29,"enemies":"Gensokyo:Mirror_and_Dog","floor":30,"turns":4},{"damage":3,"enemies":"Gensokyo:Monolith_and_Dog","floor":31,"turns":4},{"damage":160,"enemies":"Gensokyo:Eternal_Rivals","floor":33,"turns":9}],"seed_played":"-7186527699610449283","potions_obtained":[{"floor":3.0,"key":"FairyPotion"},{"floor":4.0,"key":"Adrenaline Potion"},{"floor":7.0,"key":"Regen Potion"},{"floor":10.0,"key":"Strength Potion"},{"floor":14.0,"key":"SteroidPotion"},{"floor":29,"key":"Death Potion"},{"floor":30,"key":"BlessingOfTheForge"}],"is_trial":false,"path_per_floor":["M","M","M","M","M","R","?","R","T","M","?","?","M","M","R","B",null,"?","?","?","COS","?","T","?","T","T","E","?","E","?","?","T","B"],"character_chosen":"THE_SILENT","items_purchased":[],"campfire_rested":1,"item_purchase_floors":[],"current_hp_per_floor":[70,70,70,62,41,41,13,34,34,31,31,31,15,16,37,17,70,52,52,52,52,47,47,47,47,47,33,33,32,15,24,24,0,0],"gold":328,"neow_bonus":"THREE_ENEMY_KILL","is_daily":false,"chose_seed":false,"campfire_upgraded":4,"win_rate":0.0,"timestamp":1610542320,"path_taken":["M","M","M","M","M","R","?","R","T","?","?","?","M","M","R","BOSS","?","?","?","COS","?","T","?","T","T","E","?","E","?","?","T","BOSS"],"items_purchased_type":[],"build_version":"2020-12-22","purchased_purges":0,"victory":false,"max_hp_per_floor":[70,70,70,70,70,70,70,70,70,70,70,70,70,70,70,70,70,70,70,70,70,70,70,70,70,70,70,70,70,70,70,70,70,70],"card_choices":[{"not_picked":["Dodge and Roll","Outmaneuver"],"picked":"Deadly Poison","floor":1.0},{"not_picked":["ReplayTheSpireMod:Shiv Toss","Backstab","Atom Bomb"],"picked":"SKIP","floor":2.0},{"not_picked":["Cloak And Dagger","Masterful Stab","Outmaneuver"],"picked":"SKIP","floor":3.0},{"not_picked":["Bane","Underhanded Strike"],"picked":"Deadly Poison","floor":4.0},{"not_picked":["Acrobatics","Riddle With Holes","Finisher"],"picked":"SKIP","floor":5.0},{"not_picked":["Flechettes","hubris:SlightOfHand"],"picked":"Noxious Fumes","floor":7.0},{"not_picked":["Choke","Finisher","Backflip"],"picked":"SKIP","floor":10.0},{"not_picked":["Blade Dance","hubris:SlightOfHand","Well Laid Plans"],"picked":"SKIP","floor":13.0},{"not_picked":["Venomology","Predator"],"picked":"Catalyst","floor":14.0},{"not_picked":["Flying Knee","Outmaneuver"],"picked":"Footwork","floor":18.0},{"not_picked":["Dagger Throw","Infinite Blades","Bane+1"],"picked":"SKIP","floor":22.0},{"not_picked":["Quick Slash","ReplayTheSpireMod:Shiv Toss","Outmaneuver"],"picked":"SKIP","floor":24},{"not_picked":["Prepared+1","Reflex+1","ReplayTheSpireMod:Exploit Weakness"],"picked":"SKIP","floor":27},{"not_picked":["Expertise+1","Dodge and Roll"],"picked":"Poisoned Stab+1","floor":29},{"not_picked":["Choke","Slice+1"],"picked":"Catalyst","floor":30},{"not_picked":["Slice","Quick Slash","Backflip+1"],"picked":"SKIP","floor":31}],"player_experience":246579,"relics_obtained":[{"floor":7.0,"key":"aspiration:HiddenCompartment"},{"floor":9.0,"key":"aspiration:Lifesprig"},{"floor":26,"key":"War Paint"},{"floor":27,"key":"Meat on the Bone"},{"floor":29,"key":"hubris:SlimyHat"}],"event_choices":[],"is_beta":false,"boss_relics":[{"not_picked":["Replay:Bronze Core","Astrolabe"],"picked":"Painkiller Herb"}],"items_purged_floors":[],"is_endless":false,"potions_floor_spawned":[3,4,10,14,16,29,30,31],"killed_by":"Gensokyo:Eternal_Rivals","ascension_level":2}}