{"host":"25beq07qjecnigqh","time":1610553149,"event":{"mods":["BaseMod","Minty Spire (QoL Compilation)"],"gold_per_floor":[116,116,126,141,32,62,76,76,99,117,133,133,149,165,165,165,165],"floor_reached":16,"language":"ZHS","playtime":963,"items_purged":["Strike_P"],"score":106,"play_id":"19ad70a1-e9f2-4e21-b872-c07423124ba7","local_time":"20210113235229","is_ascension_mode":false,"campfire_choices":[{"floor":8,"key":"REST"},{"data":"Adaptation","floor":12,"key":"SMITH"},{"floor":15,"key":"REST"}],"circlet_count":0,"master_deck":["Strike_P","Strike_P","Strike_P","Defend_P","Defend_P","Defend_P","Eruption","Vigilance","Nirvana","SandsOfTime","SandsOfTime","Adaptation+1","FollowUp","CutThroughFate","Collect","Wallop"],"relics":["PureWater","Tiny Chest","Strawberry"],"acts_visited":["Exordium"],"potions_floor_usage":[7,7,7,7,10,16],"damage_taken":[{"damage":0,"enemies":"2 Louse","floor":1,"turns":2},{"damage":0,"enemies":"Small Slimes","floor":3,"turns":2},{"damage":7,"enemies":"Jaw Worm","floor":4,"turns":4},{"damage":28,"enemies":"3 Sentries","floor":6,"turns":7},{"damage":6,"enemies":"Looter","floor":7,"turns":2},{"damage":14,"enemies":"Gremlin Gang","floor":10,"turns":5},{"damage":11,"enemies":"Blue Slaver","floor":11,"turns":4},{"damage":26,"enemies":"Exordium Thugs","floor":13,"turns":4},{"damage":5,"enemies":"Gremlin Gang","floor":14,"turns":6},{"damage":35,"enemies":"Hexaghost","floor":16,"turns":7}],"seed_played":"388977965297668911","potions_obtained":[{"floor":6,"key":"EntropicBrew"},{"floor":7,"key":"LiquidBronze"},{"floor":11,"key":"SmokeBomb"},{"floor":13,"key":"GamblersBrew"}],"is_trial":false,"path_per_floor":["M","?","M","M","$","E","M","R","T","M","M","R","M","M","R","B"],"character_chosen":"WATCHER","items_purchased":["Adaptation"],"campfire_rested":2,"item_purchase_floors":[5],"current_hp_per_floor":[79,72,72,65,65,37,31,54,61,47,36,36,10,5,30,0,0],"gold":165,"neow_bonus":"TEN_PERCENT_HP_BONUS","is_daily":false,"chose_seed":false,"campfire_upgraded":1,"win_rate":0.0,"timestamp":1610553149,"path_taken":["M","?","M","M","$","E","M","R","T","M","M","R","M","M","R","BOSS"],"items_purchased_type":["Card"],"build_version":"2020-12-22","purchased_purges":1,"victory":false,"max_hp_per_floor":[79,79,79,79,79,79,79,79,86,86,86,86,86,86,86,86,86],"card_choices":[{"not_picked":["Consecrate","SashWhip"],"picked":"Nirvana","floor":1},{"not_picked":["CrushJoints","BowlingBash"],"picked":"SandsOfTime","floor":3},{"not_picked":["Indignation","Perseverance"],"picked":"SandsOfTime","floor":4},{"not_picked":["BowlingBash","Prostrate","SignatureMove"],"picked":"SKIP","floor":6},{"not_picked":["JustLucky","WreathOfFlame"],"picked":"FollowUp","floor":7},{"not_picked":["Weave","FlurryOfBlows"],"picked":"CutThroughFate","floor":10},{"not_picked":["JustLucky","Prostrate"],"picked":"Collect","floor":11},{"not_picked":["FollowUp","SashWhip"],"picked":"Wallop","floor":13},{"not_picked":["CutThroughFate","FlyingSleeves","ClearTheMind"],"picked":"SKIP","floor":14}],"player_experience":61134,"relics_obtained":[{"floor":6,"key":"Tiny Chest"},{"floor":9,"key":"Strawberry"}],"event_choices":[{"cards_removed":["Defend_P"],"damage_healed":0,"gold_gain":0,"player_choice":"Card Removal","damage_taken":7,"max_hp_gain":0,"max_hp_loss":0,"event_name":"Golden Wing","floor":2,"gold_loss":0}],"is_beta":false,"boss_relics":[],"items_purged_floors":[5],"is_endless":false,"potions_floor_spawned":[6,7,11,13],"killed_by":"Hexaghost","ascension_level":0}}