{"host":"xwog71r75u8mqwn1","time":1610581821,"event":{"mods":["BaseMod","Evolution","Minty Spire (QoL Compilation)","StSLib"],"gold_per_floor":[112,112,112,131,7,7,35,35,86,96,128,128,142,161,161,266,266,282,296,314,71,71,71,90,90,90,90,101,11,36,56,56,56,56],"floor_reached":33,"language":"ENG","playtime":1361,"items_purged":["Strike_R","Strike_R"],"score":468,"play_id":"ac60d848-8c7a-4a6e-aa0d-000a34eb9e8b","local_time":"20210113175021","is_ascension_mode":true,"campfire_choices":[{"data":"Body Slam","floor":6,"key":"SMITH"},{"data":"Body Slam","floor":8,"key":"SMITH"},{"data":"Body Slam","floor":15,"key":"SMITH"},{"data":"Power Through","floor":23,"key":"SMITH"},{"data":"Entrench","floor":25,"key":"SMITH"},{"floor":32,"key":"REST"}],"circlet_count":0,"master_deck":["AscendersBane","Strike_R","Strike_R","Defend_R+1","Defend_R","Defend_R","Defend_R","Bash","Bludgeon","Body Slam+1","Body Slam+1","Shrug It Off","Entrench+1","Power Through+1","Body Slam+1","Berserk","Body Slam+1","Warcry","Flame Barrier","Power Through"],"relics":["Burning Blood","EVO:Axolotl","Lizard Tail","Gremlin Horn","Strawberry","Omamori","Philosopher\u0027s Stone","Orrery","Mercury Hourglass","Juzu Bracelet","Ginger"],"acts_visited":["Exordium","TheCity"],"potions_floor_usage":[7,16,16,30,30,33,33],"damage_taken":[{"damage":8,"enemies":"2 Louse","floor":1,"turns":3},{"damage":14,"enemies":"Jaw Worm","floor":4,"turns":3},{"damage":6,"enemies":"Lagavulin","floor":7,"turns":4},{"damage":3,"enemies":"Cultist","floor":10,"turns":3},{"damage":28,"enemies":"3 Sentries","floor":11,"turns":8},{"damage":2,"enemies":"2 Fungi Beasts","floor":13,"turns":3},{"damage":7,"enemies":"Looter","floor":14,"turns":3},{"damage":3,"enemies":"Slime Boss","floor":16,"turns":7},{"damage":20,"enemies":"2 Thieves","floor":18,"turns":4},{"damage":15,"enemies":"Shell Parasite","floor":19,"turns":4},{"damage":0,"enemies":"Snake Plant","floor":20,"turns":3},{"damage":20,"enemies":"Cultist and Chosen","floor":24,"turns":5},{"damage":11,"enemies":"3 Cultists","floor":28,"turns":5},{"damage":35,"enemies":"Gremlin Leader","floor":30,"turns":6},{"damage":4,"enemies":"Snecko","floor":31,"turns":5},{"damage":97,"enemies":"Collector","floor":33,"turns":9}],"seed_played":"-183596149007014548","potions_obtained":[{"floor":1,"key":"DistilledChaos"},{"floor":10,"key":"FearPotion"},{"floor":13,"key":"Energy Potion"},{"floor":19,"key":"PowerPotion"},{"floor":28,"key":"Explosive Potion"},{"floor":30,"key":"Explosive Potion"},{"floor":31,"key":"ElixirPotion"}],"is_trial":false,"path_per_floor":["M","?","?","M","$","R","E","R","T","M","E","?","M","M","R","B",null,"M","M","M","$","?","R","M","R","T","?","M","?","E","M","R","B"],"character_chosen":"IRONCLAD","items_purchased":["Shrug It Off","Orrery"],"campfire_rested":1,"item_purchase_floors":[5,21],"current_hp_per_floor":[70,52,78,70,70,70,70,70,77,80,58,58,62,61,61,64,81,67,58,64,64,64,64,50,50,50,50,45,45,16,18,44,0,0],"gold":56,"neow_bonus":"THREE_RARE_CARDS","is_daily":false,"chose_seed":false,"campfire_upgraded":5,"win_rate":0.0,"timestamp":1610581821,"path_taken":["M","?","?","M","$","R","E","R","T","M","E","?","M","M","R","BOSS","M","?","M","$","?","R","M","R","T","?","M","?","E","M","R","BOSS"],"items_purchased_type":["Card","Relic"],"build_version":"2020-12-22","purchased_purges":2,"victory":false,"max_hp_per_floor":[80,80,80,80,80,80,80,80,87,87,87,87,87,87,87,87,87,87,87,87,87,87,87,87,87,87,87,87,87,87,87,87,87,87],"card_choices":[{"not_picked":["Exhume","Brutality"],"picked":"Bludgeon","floor":0},{"not_picked":["True Grit","Havoc"],"picked":"Body Slam","floor":1},{"not_picked":["Headbutt","Rupture"],"picked":"Body Slam","floor":4},{"not_picked":["Twin Strike","Perfected Strike","Fire Breathing"],"picked":"SKIP","floor":7},{"not_picked":["Disarm","Perfected Strike"],"picked":"Entrench","floor":10},{"not_picked":["Havoc","Metallicize","Cleave"],"picked":"SKIP","floor":11},{"not_picked":["Rampage","Uppercut"],"picked":"Power Through","floor":13},{"not_picked":["Thunderclap","Rupture"],"picked":"Body Slam","floor":14},{"not_picked":["Exhume","Feed"],"picked":"Berserk","floor":16},{"not_picked":["Wild Strike+1","Twin Strike"],"picked":"Body Slam+1","floor":18},{"not_picked":["Iron Wave","Cleave"],"picked":"Warcry","floor":19},{"not_picked":["Twin Strike","Body Slam"],"picked":"Flame Barrier","floor":20},{"not_picked":["Anger+1","Fire Breathing+1","Iron Wave"],"picked":"SKIP","floor":24},{"not_picked":["Clothesline","Flex","Pummel"],"picked":"SKIP","floor":28},{"not_picked":["Armaments","Warcry"],"picked":"Power Through","floor":30},{"not_picked":["Second Wind","Heavy Blade","Carnage"],"picked":"SKIP","floor":31}],"player_experience":2453912,"relics_obtained":[{"floor":7,"key":"Gremlin Horn"},{"floor":9,"key":"Strawberry"},{"floor":11,"key":"Omamori"},{"floor":26,"key":"Juzu Bracelet"},{"floor":30,"key":"Ginger"}],"event_choices":[{"damage_healed":0,"gold_gain":0,"player_choice":"Success","damage_taken":18,"relics_obtained":["Lizard Tail"],"max_hp_gain":0,"max_hp_loss":0,"event_name":"Scrap Ooze","floor":2,"gold_loss":0},{"damage_healed":26,"gold_gain":0,"player_choice":"Banana","damage_taken":0,"max_hp_gain":0,"max_hp_loss":0,"event_name":"Big Fish","floor":3,"gold_loss":0},{"cards_removed":["Decay"],"damage_healed":0,"gold_gain":0,"player_choice":"Purged","damage_taken":0,"max_hp_gain":0,"max_hp_loss":0,"event_name":"Purifier","floor":12,"gold_loss":0},{"damage_healed":0,"gold_gain":0,"player_choice":"Stole Relic","damage_taken":0,"relics_obtained":["Mercury Hourglass"],"max_hp_gain":0,"max_hp_loss":0,"event_name":"Addict","floor":22,"gold_loss":0,"cards_obtained":["Shame"]},{"damage_healed":0,"gold_gain":0,"player_choice":"Ignored","damage_taken":0,"max_hp_gain":0,"max_hp_loss":0,"event_name":"Vampires","floor":27,"gold_loss":0},{"cards_removed":["Strike_R"],"damage_healed":0,"gold_gain":0,"player_choice":"Upgrade and Remove","damage_taken":0,"max_hp_gain":0,"max_hp_loss":0,"event_name":"Designer","floor":29,"gold_loss":90,"cards_upgraded":["Defend_R"]}],"is_beta":false,"boss_relics":[{"not_picked":["SacredBark","Runic Cube"],"picked":"Philosopher\u0027s Stone"}],"items_purged_floors":[5,21],"is_endless":false,"potions_floor_spawned":[1,10,13,14,19,28,30,31],"killed_by":"Collector","ascension_level":12}}