{"host":"kqe6w2igxc79vo14","time":1610538616,"event":{"mods":["AchievementEnabler","BaseMod","Downfall","Minty Spire (QoL Compilation)","Quick Restart","StSLib"],"gold_per_floor":[0,12,12,24,79,94,94,125,141,141,141,158,158,189,204,299,299,299,317,163,180,199,229,254,29,48,48,48,48,72,88,103,201,201,201,111,131,143,57,82,158,183,183,216,216,251,251,251,265,265],"floor_reached":51,"language":"ENG","playtime":4547,"items_purged":["hexamod:Defend"],"score":841,"play_id":"4531c712-ddf3-4ed2-8fd6-fa8fcdee716a","local_time":"20210113135016","is_ascension_mode":false,"campfire_choices":[{"data":"hexamod:SoulSteal","floor":1.0,"key":"SMITH"},{"data":"hexamod:PhantomCloak","floor":13.0,"key":"SMITH"},{"floor":18.0,"key":"RECALL"},{"floor":25.0,"key":"REST"},{"floor":29.0,"key":"REST"},{"floor":35.0,"key":"REST"},{"floor":43.0,"key":"REST"},{"floor":45,"key":"REST"},{"floor":47,"key":"REST"}],"circlet_count":0,"master_deck":["hexamod:Strike","hexamod:Defend","hexamod:Defend","hexamod:Defend","hexamod:Sear+1","hexamod:Float+1","hexamod:SoulSteal+1","hexamod:TimeOfNeed","hexamod:BurningTouch+1","hexamod:BurningTouch","hexamod:PhantomCloak+1","hexamod:ThermalTransfer+1","hexamod:ShieldOfDarkness","hexamod:ThermalTransfer+1","hexamod:WildfireWeapon","hexamod:HeatMetal+1","hexamod:ExtraCrispy+1","hexamod:TimeOfNeed+1","hexamod:Hexaguard","hexamod:GhostLash+1","hexamod:GhostShield+1","hexamod:Haunt","hexamod:HeatShield","hexamod:TimeWarp+1"],"relics":["hexamod:SpiritBrand","StrikeDummy","Thread and Needle","Molten Egg 2","PreservedInsect","Pantograph","hexamod:InflammatoryLetter","Fusion Hammer","Torii","downfall:HeartBlessingRed","downfall:HeartBlessingGreen","downfall:HeartBlessingBlue","MutagenicStrength","hexamod:TheBrokenSeal","Busted Crown","Letter Opener","hexamod:TheBrokenSeal","Strawberry","Oddly Smooth Stone"],"acts_visited":["Exordium","TheCity","TheBeyond"],"potions_floor_usage":[],"damage_taken":[{"damage":0.0,"enemies":"Small Slimes","floor":2.0,"turns":3.0},{"damage":1.0,"enemies":"Jaw Worm","floor":4.0,"turns":3.0},{"damage":2.0,"enemies":"Gremlin Nob","floor":5.0,"turns":3.0},{"damage":0.0,"enemies":"2 Louse","floor":6.0,"turns":3.0},{"damage":5.0,"enemies":"Lagavulin","floor":8.0,"turns":7.0},{"damage":7.0,"enemies":"2 Fungi Beasts","floor":9.0,"turns":3.0},{"damage":0.0,"enemies":"Large Slime","floor":12.0,"turns":4.0},{"damage":0.0,"enemies":"Gremlin Nob","floor":14.0,"turns":3.0},{"damage":0.0,"enemies":"Blue Slaver","floor":15.0,"turns":3.0},{"damage":7.0,"enemies":"downfall:Silent","floor":16.0,"turns":10.0},{"damage":0.0,"enemies":"Chosen","floor":19.0,"turns":5.0},{"damage":0.0,"enemies":"downfall:FleeingMerchant","floor":20.0,"turns":4.0},{"damage":1.0,"enemies":"3 Byrds","floor":21.0,"turns":4.0},{"damage":30.0,"enemies":"3 Cultists","floor":22.0,"turns":6.0},{"damage":18.0,"enemies":"Book of Stabbing","floor":23.0,"turns":6.0},{"damage":18.0,"enemies":"Centurion and Healer","floor":26.0,"turns":4.0},{"damage":32.0,"enemies":"Cultist and Chosen","floor":30.0,"turns":8.0},{"damage":0.0,"enemies":"Snake Plant","floor":31.0,"turns":3.0},{"damage":9.0,"enemies":"Shelled Parasite and Fungi","floor":32.0,"turns":5.0},{"damage":41.0,"enemies":"downfall:Watcher","floor":33.0,"turns":9.0},{"damage":0.0,"enemies":"downfall:FleeingMerchant","floor":36.0,"turns":4.0},{"damage":14.0,"enemies":"3 Darklings","floor":37.0,"turns":4.0},{"damage":8.0,"enemies":"3 Shapes","floor":38.0,"turns":3.0},{"damage":2.0,"enemies":"downfall:FleeingMerchant","floor":39.0,"turns":4.0},{"damage":6.0,"enemies":"Spire Growth","floor":40.0,"turns":6.0},{"damage":15.0,"enemies":"Writhing Mass","floor":42.0,"turns":8.0},{"damage":0,"enemies":"Giant Head","floor":44,"turns":6},{"damage":0,"enemies":"Reptomancer","floor":46,"turns":4},{"damage":0,"enemies":"Jaw Worm Horde","floor":49,"turns":3},{"damage":14,"enemies":"downfall:Ironclad","floor":50,"turns":10}],"seed_played":"-4737152251318537161","potions_obtained":[{"floor":2.0,"key":"Ancient Potion"},{"floor":5.0,"key":"LiquidMemories"},{"floor":8.0,"key":"Slimebound:ThreeZeroPotion"},{"floor":22.0,"key":"sneckomod:MuddlingPotion"},{"floor":26.0,"key":"Strength Potion"},{"floor":37.0,"key":"Swift Potion"},{"floor":40.0,"key":"DuplicationPotion"},{"floor":46,"key":"Energy Potion"}],"is_trial":false,"path_per_floor":["R","M","?","M","?","M","T","E","M","T","?","M","R","E","M","B",null,"R","M","$","M","M","E","T","R","M","?","?","R","M","M","M","B",null,"R","$","M","M","$","M","T","M","R","E","R","E","R","?","M","B",null],"character_chosen":"THE_SPIRIT","items_purchased":["hexamod:FifthSeal","hexamod:Haunt"],"campfire_rested":6,"item_purchase_floors":[20,39],"current_hp_per_floor":[70,70,58,57,55,55,55,50,50,50,50,57,57,64,70,70,70,70,70,70,70,40,29,29,63,45,45,45,69,82,82,73,49,90,90,90,76,68,73,74,74,100,100,107,107,107,107,107,107,93],"gold":265,"neow_bonus":"TRANSFORM_TWO_CARDS","is_daily":false,"chose_seed":false,"campfire_upgraded":2,"win_rate":0.0,"timestamp":1610538616,"path_taken":["R","M","?","M","?","M","T","E","M","?","?","M","R","E","M","BOSS","R","M","$","M","M","E","T","R","M","?","?","R","M","M","M","BOSS","R","$","M","M","$","M","T","M","R","E","R","E","R","?","M","BOSS"],"items_purchased_type":["Card","Card"],"build_version":"2020-12-22","purchased_purges":1,"victory":true,"max_hp_per_floor":[70,70,70,70,70,70,70,70,70,70,70,70,70,70,70,70,70,70,70,70,70,70,70,70,80,80,80,80,80,90,90,90,90,90,90,90,90,90,90,90,90,100,100,107,107,107,107,107,107,107],"card_choices":[{"not_picked":["hexamod:ShieldOfDarkness","hexamod:SwordOfDarkness"],"picked":"hexamod:BurningTouch","floor":2.0},{"not_picked":["hexamod:ShieldOfDarkness","hexamod:NightmareGuise"],"picked":"hexamod:BurningTouch","floor":4.0},{"not_picked":["hexamod:Hexaguard","hexamod:SpectersWail"],"picked":"hexamod:PhantomCloak","floor":6.0},{"not_picked":["hexamod:TimeOfNeed","hexamod:FastForward"],"picked":"hexamod:FirstSeal","floor":8.0},{"not_picked":["hexamod:Again","hexamod:SwordOfDarkness+1","hexamod:GhostflameBarrier"],"picked":"SKIP","floor":9.0},{"not_picked":["hexamod:SpectersWail+1","hexamod:BacktrackSmack+1"],"picked":"hexamod:ThermalTransfer+1","floor":12.0},{"not_picked":["hexamod:BurningTouch","hexamod:FirstSeal"],"picked":"hexamod:ShieldOfDarkness","floor":14.0},{"not_picked":["hexamod:NightmareStrike+1","hexamod:Again"],"picked":"hexamod:ThermalTransfer+1","floor":15.0},{"not_picked":["hexamod:HexaLevel","hexamod:ParanormalForm"],"picked":"hexamod:WildfireWeapon","floor":16.0},{"not_picked":["hexamod:GhostLash+1","hexamod:NightmareGuise"],"picked":"hexamod:HeatMetal+1","floor":19.0},{"not_picked":["hexamod:NightmareStrike+1","hexamod:Hexaguard","hexamod:RainOfEmbers+1"],"picked":"SKIP","floor":20.0},{"not_picked":["hexamod:SecondSeal","hexamod:FirstSeal"],"picked":"hexamod:SixthSeal","floor":21.0},{"not_picked":["hexamod:Hexaguard+1","hexamod:GhostShield+1"],"picked":"hexamod:ExtraCrispy+1","floor":21.0},{"not_picked":["hexamod:SecondSeal","hexamod:SixthSeal"],"picked":"hexamod:ThirdSeal","floor":22.0},{"not_picked":["hexamod:SkipABeat+1","hexamod:Firestarter+1","hexamod:SpectersWail+1"],"picked":"SKIP","floor":22.0},{"not_picked":["hexamod:Again","hexamod:HauntingEcho+1"],"picked":"hexamod:TimeOfNeed","floor":23.0},{"not_picked":["hexamod:ThirdSeal","hexamod:FirstSeal"],"picked":"hexamod:SecondSeal","floor":23.0},{"not_picked":["hexamod:BacktrackSmack+1","hexamod:SearingWound","hexamod:ExtraCrispy"],"picked":"SKIP","floor":23.0},{"not_picked":["hexamod:SixthSeal","hexamod:ThirdSeal"],"picked":"hexamod:FourthSeal","floor":26.0},{"not_picked":["hexamod:NightmareStrike+1","hexamod:Firestarter+1"],"picked":"hexamod:Hexaguard","floor":26.0},{"not_picked":["hexamod:TurnItUp","hexamod:Hexaguard","hexamod:ChargedBarrage"],"picked":"SKIP","floor":26.0},{"not_picked":["hexamod:NightmareGuise","hexamod:AdvancingGuard+1"],"picked":"hexamod:GhostLash+1","floor":30.0},{"not_picked":["hexamod:ThermalTransfer+1","hexamod:ShieldOfDarkness"],"picked":"hexamod:GhostShield","floor":31.0},{"not_picked":["hexamod:HauntingEcho+1","hexamod:InspiringFlames","hexamod:BacktrackSmack+1"],"picked":"SKIP","floor":32.0},{"not_picked":["hexamod:GhostflameInferno","hexamod:UnleashSpirits+1"],"picked":"hexamod:FifthSeal","floor":33.0},{"not_picked":[],"picked":"hexamod:FirstSeal","floor":36.0},{"not_picked":[],"picked":"hexamod:SecondSeal","floor":37.0},{"not_picked":["hexamod:GhostShield"],"picked":"SKIP","floor":37.0},{"not_picked":[],"picked":"hexamod:SixthSeal","floor":38.0},{"not_picked":["hexamod:FastForward+1"],"picked":"SKIP","floor":38.0},{"not_picked":[],"picked":"hexamod:FourthSeal","floor":39.0},{"not_picked":["hexamod:InspiringFlames+1"],"picked":"SKIP","floor":39.0},{"not_picked":[],"picked":"hexamod:ThirdSeal","floor":40.0},{"not_picked":[],"picked":"hexamod:HeatShield","floor":40.0},{"not_picked":["hexamod:NightmareGuise+1"],"picked":"SKIP","floor":42.0},{"not_picked":["hexamod:SkipABeat"],"picked":"SKIP","floor":44},{"not_picked":[],"picked":"hexamod:TimeWarp+1","floor":46},{"not_picked":["hexamod:Again+1"],"picked":"SKIP","floor":49}],"player_experience":884548,"relics_obtained":[{"floor":5.0,"key":"Thread and Needle"},{"floor":7.0,"key":"Molten Egg 2"},{"floor":8.0,"key":"PreservedInsect"},{"floor":10.0,"key":"Pantograph"},{"floor":14.0,"key":"hexamod:InflammatoryLetter"},{"floor":23.0,"key":"Torii"},{"floor":41.0,"key":"Letter Opener"},{"floor":44,"key":"Strawberry"},{"floor":46,"key":"Oddly Smooth Stone"}],"event_choices":[{"damage_healed":0.0,"max_hp_gain":0.0,"max_hp_loss":0.0,"gold_gain":0.0,"event_name":"Scrap Ooze","player_choice":"Success","floor":3.0,"gold_loss":0.0,"damage_taken":12.0,"relics_obtained":["StrikeDummy"]},{"cards_removed":["hexamod:Strike"],"damage_healed":0.0,"max_hp_gain":0.0,"max_hp_loss":0.0,"gold_gain":0.0,"event_name":"The Cleric","player_choice":"Card Removal","floor":11.0,"gold_loss":0.0,"damage_taken":0.0},{"damage_healed":0.0,"max_hp_gain":0.0,"max_hp_loss":0.0,"gold_gain":0.0,"event_name":"Drug Dealer","player_choice":"Inject Mutagens","floor":28.0,"gold_loss":0.0,"damage_taken":0.0,"relics_obtained":["MutagenicStrength"]}],"is_beta":false,"boss_relics":[{"not_picked":["Snecko Eye","Coffee Dripper"],"picked":"Fusion Hammer"},{"not_picked":["Runic Pyramid","Calling Bell"],"picked":"Busted Crown"}],"items_purged_floors":[36],"is_endless":false,"potions_floor_spawned":[2,5,8,16,22,26,31,37,38,40,46],"ascension_level":0}}