{"host":"6bsan6hkua32tfq7","time":1610504535,"event":{"mods":["BaseMod","Better Third Choice","Colored Map","Highlight Path","Minty Spire (QoL Compilation)","StSLib"],"gold_per_floor":[110,130,143,162,17,17,44,44,70,70,111,131,131,156,156,249,249,274,274,274,30,46,59,59,98,98,118,18,18,39,52,52,148,148,164,164,225,558,576,576,603,603,603,632,632,632,660,676,676,676,676,676],"floor_reached":51,"language":"ENG","playtime":2653,"items_purged":["Strike_G+1","Strike_G+1"],"score":1555,"play_id":"fe16c3e3-06f3-4df3-8d66-82ed589e9427","local_time":"20210113032215","is_ascension_mode":true,"campfire_choices":[{"data":"All Out Attack","floor":6.0,"key":"SMITH"},{"data":"Terror","floor":8.0,"key":"SMITH"},{"data":"Malaise","floor":13.0,"key":"SMITH"},{"data":"Bouncing Flask","floor":15.0,"key":"SMITH"},{"floor":24.0,"key":"REST"},{"floor":29.0,"key":"REST"},{"floor":32.0,"key":"REST"},{"floor":40.0,"key":"REST"},{"floor":42.0,"key":"REST"},{"floor":46.0,"key":"REST"},{"floor":49,"key":"RECALL"}],"circlet_count":0,"master_deck":["AscendersBane","Strike_G+1","Strike_G+1","Strike_G+1","Defend_G+1","Defend_G+1","Defend_G+1","Defend_G+1","Defend_G+1","Survivor","Neutralize","All Out Attack+1","Blade Dance","Malaise+1","Blade Dance","Flying Knee","Infinite Blades","Terror+1","Bouncing Flask+1","Slice","After Image","Wraith Form v2","Dagger Spray","Footwork","Cloak And Dagger","Night Terror","Adrenaline","Caltrops+1","Reflex","Caltrops+1","Noxious Fumes"],"relics":["Ring of the Snake","Omamori","Vajra","Juzu Bracelet","Bag of Preparation","WristBlade","Enchiridion","Akabeko","Bottled Tornado","Black Star","CaptainsWheel","Mango","Calipers","Toy Ornithopter","Potion Belt","Happy Flower","PreservedInsect"],"acts_visited":["Exordium","TheCity","TheBeyond"],"potions_floor_usage":[50,51,51,51],"damage_taken":[{"damage":0.0,"enemies":"Jaw Worm","floor":1.0,"turns":5.0},{"damage":0.0,"enemies":"2 Louse","floor":2.0,"turns":2.0},{"damage":1.0,"enemies":"Small Slimes","floor":3.0,"turns":2.0},{"damage":13.0,"enemies":"3 Louse","floor":4.0,"turns":2.0},{"damage":13.0,"enemies":"Lagavulin","floor":7.0,"turns":5.0},{"damage":2.0,"enemies":"3 Sentries","floor":11.0,"turns":3.0},{"damage":3.0,"enemies":"Looter","floor":12.0,"turns":3.0},{"damage":0.0,"enemies":"2 Fungi Beasts","floor":14.0,"turns":1.0},{"damage":26.0,"enemies":"Slime Boss","floor":16.0,"turns":8.0},{"damage":7.0,"enemies":"3 Byrds","floor":18.0,"turns":4.0},{"damage":0.0,"enemies":"Chosen","floor":22.0,"turns":2.0},{"damage":0.0,"enemies":"Centurion and Healer","floor":23.0,"turns":3.0},{"damage":9.0,"enemies":"Gremlin Leader","floor":25.0,"turns":7.0},{"damage":1.0,"enemies":"Sentry and Sphere","floor":27.0,"turns":5.0},{"damage":0.0,"enemies":"3 Cultists","floor":30.0,"turns":3.0},{"damage":10.0,"enemies":"Chosen and Byrds","floor":31.0,"turns":4.0},{"damage":24.0,"enemies":"Automaton","floor":33.0,"turns":12.0},{"damage":11.0,"enemies":"3 Darklings","floor":35.0,"turns":6.0},{"damage":12.0,"enemies":"2 Orb Walkers","floor":37.0,"turns":5.0},{"damage":7.0,"enemies":"Orb Walker","floor":39.0,"turns":3.0},{"damage":40.0,"enemies":"Nemesis","floor":41.0,"turns":7.0},{"damage":8.0,"enemies":"Reptomancer","floor":44.0,"turns":6.0},{"damage":29.0,"enemies":"Giant Head","floor":47.0,"turns":8.0},{"damage":12.0,"enemies":"3 Darklings","floor":48.0,"turns":4.0},{"damage":0,"enemies":"Donu and Deca","floor":50,"turns":12},{"damage":66,"enemies":"Awakened One","floor":51,"turns":5}],"seed_played":"-1942766175108625189","potions_obtained":[{"floor":2.0,"key":"SkillPotion"},{"floor":4.0,"key":"Explosive Potion"},{"floor":11.0,"key":"AttackPotion"},{"floor":22.0,"key":"Weak Potion"},{"floor":23.0,"key":"DuplicationPotion"},{"floor":25.0,"key":"DuplicationPotion"},{"floor":35.0,"key":"FairyPotion"},{"floor":41.0,"key":"EntropicBrew"},{"floor":47.0,"key":"Regen Potion"}],"is_trial":false,"path_per_floor":["M","M","M","M","$","R","E","R","T","?","E","M","R","M","R","B",null,"M","?","?","$","M","M","R","E","T","M","$","R","M","M","R","B",null,"M","?","?","?","M","R","E","R","T","E","?","R","E","M","R","B","B"],"character_chosen":"THE_SILENT","items_purchased":["Flying Knee","Infinite Blades","Footwork","DistilledChaos"],"campfire_rested":6,"item_purchase_floors":[5,5,21,21],"current_hp_per_floor":[59,59,58,45,45,45,32,32,32,32,30,27,27,27,27,1,45,38,38,17,17,17,17,35,26,26,25,25,43,43,33,51,27,52,41,41,29,29,22,39,31,52,52,44,44,65,36,43,43,48,0,0],"gold":676,"neow_bonus":"RANDOM_COMMON_RELIC","is_daily":false,"chose_seed":false,"campfire_upgraded":4,"win_rate":0.0,"timestamp":1610504535,"path_taken":["M","M","M","M","$","R","E","R","T","?","E","M","R","M","R","BOSS","M","?","?","$","M","M","R","E","T","M","$","R","M","M","R","BOSS","M","?","?","?","M","R","E","R","T","E","?","R","E","M","R","BOSS","BOSS"],"items_purchased_type":["Card","Card","Card","Potion"],"build_version":"2020-12-22","purchased_purges":2,"victory":false,"max_hp_per_floor":[66,66,66,66,66,66,66,66,66,60,60,60,60,60,60,60,60,60,60,60,60,60,60,60,60,60,60,60,60,60,60,60,60,60,60,57,57,57,57,57,71,71,71,71,71,71,71,71,71,71,71,71],"card_choices":[{"not_picked":["Deadly Poison","Calculated Gamble"],"picked":"All Out Attack","floor":1.0},{"not_picked":["Underhanded Strike","Backflip"],"picked":"Blade Dance","floor":2.0},{"not_picked":["Crippling Poison","Bane"],"picked":"Malaise","floor":3.0},{"not_picked":["Acrobatics","Skewer"],"picked":"Blade Dance","floor":4.0},{"not_picked":["Distraction","Cloak And Dagger"],"picked":"Terror","floor":7.0},{"not_picked":["Setup","Skewer"],"picked":"Bouncing Flask","floor":11.0},{"not_picked":["Dagger Throw","Dodge and Roll"],"picked":"Slice","floor":12.0},{"not_picked":["Dodge and Roll","Prepared"],"picked":"After Image","floor":14.0},{"not_picked":["Envenom","A Thousand Cuts"],"picked":"Wraith Form v2","floor":16.0},{"not_picked":["All Out Attack","Finisher"],"picked":"Dagger Spray","floor":18.0},{"not_picked":["Cloak And Dagger","Heel Hook","Deadly Poison"],"picked":"SKIP","floor":22.0},{"not_picked":["Heel Hook","Deadly Poison"],"picked":"Cloak And Dagger","floor":22.0},{"not_picked":["Dagger Spray+1","Concentrate+1","Dagger Throw"],"picked":"SKIP","floor":23.0},{"not_picked":["Eviscerate","Tactician","Cloak And Dagger"],"picked":"SKIP","floor":25.0},{"not_picked":["Acrobatics","Poisoned Stab","Prepared"],"picked":"SKIP","floor":27.0},{"not_picked":["All Out Attack","Prepared"],"picked":"Night Terror","floor":30.0},{"not_picked":["All Out Attack","Bane","Poisoned Stab"],"picked":"SKIP","floor":31.0},{"not_picked":["All Out Attack","Bane","Poisoned Stab"],"picked":"SKIP","floor":31.0},{"not_picked":["Night Terror","Malaise"],"picked":"Adrenaline","floor":33.0},{"not_picked":["Dodge and Roll","Prepared","Underhanded Strike"],"picked":"SKIP","floor":35.0},{"not_picked":["Distraction","Prepared"],"picked":"Caltrops+1","floor":37.0},{"not_picked":["Backflip","Choke","Masterful Stab+1"],"picked":"SKIP","floor":39.0},{"not_picked":["Eviscerate+1","Outmaneuver"],"picked":"Reflex","floor":41.0},{"not_picked":["Dodge and Roll","Finisher"],"picked":"Caltrops+1","floor":44.0},{"not_picked":["Skewer","Finisher"],"picked":"Noxious Fumes","floor":47.0},{"not_picked":["Prepared+1","Dodge and Roll","Deadly Poison+1"],"picked":"SKIP","floor":48.0}],"player_experience":5264136,"relics_obtained":[{"floor":7.0,"key":"Vajra"},{"floor":9.0,"key":"Juzu Bracelet"},{"floor":11.0,"key":"Bag of Preparation"},{"floor":20.0,"key":"Enchiridion"},{"floor":25.0,"key":"Akabeko"},{"floor":26.0,"key":"Bottled Tornado"},{"floor":37.0,"key":"CaptainsWheel"},{"floor":41.0,"key":"Mango"},{"floor":41.0,"key":"Calipers"},{"floor":44.0,"key":"Toy Ornithopter"},{"floor":44.0,"key":"Potion Belt"},{"floor":47.0,"key":"Happy Flower"},{"floor":47.0,"key":"PreservedInsect"}],"event_choices":[{"damage_healed":0.0,"max_hp_gain":0.0,"max_hp_loss":6.0,"gold_gain":0.0,"event_name":"Golden Idol","player_choice":"Lose Max HP","floor":10.0,"gold_loss":0.0,"damage_taken":0.0,"relics_obtained":["Golden Idol"]},{"damage_healed":0.0,"max_hp_gain":0.0,"max_hp_loss":10.0,"gold_gain":0.0,"event_name":"betterThird:BetterWriting","player_choice":"Simplicity","floor":19.0,"gold_loss":0.0,"damage_taken":0.0},{"damage_healed":0.0,"max_hp_gain":0.0,"max_hp_loss":0.0,"gold_gain":0.0,"event_name":"Cursed Tome","player_choice":"Obtained Book","floor":20.0,"gold_loss":0.0,"damage_taken":21.0},{"damage_healed":0.0,"max_hp_gain":0.0,"max_hp_loss":3.0,"gold_gain":0.0,"event_name":"Winding Halls","player_choice":"Max HP","floor":36.0,"gold_loss":0.0,"damage_taken":0.0},{"damage_healed":0.0,"max_hp_gain":0.0,"max_hp_loss":0.0,"gold_gain":0.0,"event_name":"Mysterious Sphere","player_choice":"Fight","floor":37.0,"gold_loss":0.0,"damage_taken":0.0},{"damage_healed":0.0,"max_hp_gain":0.0,"max_hp_loss":0.0,"gold_gain":333.0,"event_name":"The Moai Head","player_choice":"Gave Idol","floor":38.0,"relics_lost":["Golden Idol"],"gold_loss":0.0,"damage_taken":0.0},{"damage_healed":0.0,"max_hp_gain":0.0,"max_hp_loss":0.0,"gold_gain":0.0,"event_name":"Tomb of Lord Red Mask","player_choice":"Ignored","floor":45.0,"gold_loss":0.0,"damage_taken":0.0}],"is_beta":false,"boss_relics":[{"not_picked":["Sozu","SlaversCollar"],"picked":"WristBlade"},{"not_picked":["Empty Cage","Pandora\u0027s Box"],"picked":"Black Star"}],"items_purged_floors":[21,28],"is_endless":false,"potions_floor_spawned":[2,4,11,22,23,25,31,35,41,47],"killed_by":"Awakened One","ascension_level":20}}