{"host":"fnk117zi8wf5078t","time":1610524361,"event":{"mods":["AchievementEnabler","BaseMod","Colored Map","Minty Spire (QoL Compilation)","Rare Cards Sparkle","SuperFastMode","everything is the same but u backflip on backflip"],"gold_per_floor":[111,129,73,91,34,34,54,85,85,96,96,111,140,159,159,159,159],"floor_reached":16,"language":"KOR","playtime":498,"items_purged":[],"score":308,"play_id":"94cccffb-b985-434d-9349-6b2f786af13c","local_time":"20210113165241","is_ascension_mode":true,"campfire_choices":[{"floor":6,"key":"REST"},{"floor":11,"key":"REST"},{"floor":15,"key":"REST"}],"circlet_count":0,"master_deck":["AscendersBane","Strike_R","Strike_R","Strike_R","Strike_R","Strike_R","Defend_R","Defend_R","Defend_R","Defend_R","Bash","Power Through","Rampage","Headbutt","Pommel Strike","Wild Strike","Ghostly Armor","Sever Soul","Dark Embrace","Corruption"],"relics":["Burning Blood","Potion Belt","Singing Bowl","Odd Mushroom"],"acts_visited":["Exordium"],"potions_floor_usage":[8,14],"damage_taken":[{"damage":6,"enemies":"2 Louse","floor":1,"turns":4},{"damage":15,"enemies":"Small Slimes","floor":2,"turns":4},{"damage":4,"enemies":"Jaw Worm","floor":4,"turns":4},{"damage":6,"enemies":"Blue Slaver","floor":7,"turns":5},{"damage":33,"enemies":"Gremlin Nob","floor":8,"turns":5},{"damage":15,"enemies":"Large Slime","floor":10,"turns":5},{"damage":7,"enemies":"3 Louse","floor":12,"turns":3},{"damage":26,"enemies":"The Mushroom Lair","floor":13,"turns":5},{"damage":15,"enemies":"Gremlin Gang","floor":14,"turns":3},{"damage":0,"enemies":"The Guardian","floor":16,"turns":1}],"seed_played":"-5384378417047640336","potions_obtained":[{"floor":4,"key":"Block Potion"},{"floor":10,"key":"SneckoOil"},{"floor":12,"key":"Fire Potion"},{"floor":14,"key":"AttackPotion"}],"is_trial":false,"path_per_floor":["M","M","$","M","$","R","M","E","T","M","R","M","?","M","R","B"],"character_chosen":"IRONCLAD","items_purchased":["Headbutt","Wild Strike"],"campfire_rested":3,"item_purchase_floors":[3,5],"current_hp_per_floor":[50,41,41,43,43,65,65,38,38,29,51,50,30,23,46,46,46],"gold":159,"neow_bonus":"THREE_RARE_CARDS","is_daily":false,"chose_seed":false,"campfire_upgraded":0,"win_rate":0.0,"timestamp":1610524361,"path_taken":["M","M","$","M","$","R","M","E","T","M","R","M","?","M","R","BOSS"],"items_purchased_type":["Card","Card"],"build_version":"2020-12-22","purchased_purges":0,"victory":false,"max_hp_per_floor":[75,75,75,75,75,75,75,75,75,75,75,75,75,77,77,77,77],"card_choices":[{"not_picked":["Bludgeon","Corruption"],"picked":"Berserk","floor":0.0},{"not_picked":["Cleave","Flex"],"picked":"Power Through","floor":1},{"not_picked":["Hemokinesis","Feel No Pain"],"picked":"Rampage","floor":2},{"not_picked":["Anger","Combust"],"picked":"Pommel Strike","floor":4},{"not_picked":["Metallicize","Body Slam","Pommel Strike"],"picked":"SKIP","floor":7},{"not_picked":["Twin Strike","Warcry"],"picked":"Ghostly Armor","floor":8},{"not_picked":["Flex","Twin Strike"],"picked":"Sever Soul","floor":10},{"not_picked":["Spot Weakness","Dual Wield"],"picked":"Dark Embrace","floor":12},{"not_picked":["Flex","True Grit"],"picked":"Corruption","floor":13},{"not_picked":["Sword Boomerang","Twin Strike","Disarm"],"picked":"Singing Bowl","floor":14}],"player_experience":386796,"relics_obtained":[{"floor":8,"key":"Potion Belt"},{"floor":9,"key":"Singing Bowl"},{"floor":13,"key":"Odd Mushroom"}],"event_choices":[{"damage_healed":0,"gold_gain":0,"player_choice":"Fought Mushrooms","damage_taken":0,"max_hp_gain":0,"max_hp_loss":0,"event_name":"Mushrooms","floor":13,"gold_loss":0}],"is_beta":false,"boss_relics":[],"items_purged_floors":[],"is_endless":false,"potions_floor_spawned":[4,10,12,14],"killed_by":"The Guardian","ascension_level":20}}