{"host":"amnup8uv961nil3y","time":1610554159,"event":{"mods":["Act Like it!","Aspiration","BaseMod","Bestiary","Better Altar","Better Match","Better Sensory Stone","Better Synergies","Better Third Choice","Block Reminder","Challenge The Spire","Colored Map","Colored Powertips","Colorless Booster Pack","Conspire","DeckTracker","Disable Question Mark Monsters","Elementarium","Energized Spire","Evolution","GifTheSpireLib","Halation","HexUI Lib","Highlight Path","Hubris","Infinite Spire","Lotus Mark","Menagerie","Minty Spire (QoL Compilation)","Pale of the Ancients","Potion Indicator Mod","Quarter Circle Forward PUNCH!","Relic Stats","Replay The Spire","Reworked Bosses","Shop Mod","Small Relic Pack","Spicy Shops","Spikes Relics","StSLib","Stuff the Spire","Swap Starting Deck Mod","Trackpad","Useless Jewels Mod","Wandering Minibosses","vexMod"],"gold_per_floor":[110,110,128,128,922,922,952,952,1001,1011,1039,1039,628,628,628,732,732,749,749,764,764,776,776,808,808,808,823,823,823,858,877,911,911,911,1008,1008,1027,1027,1002,1050,1050,1050,1077,1077,1101,1129,1129,1149,1165,1180,1180,1180],"floor_reached":53,"language":"ENG","playtime":3269,"items_purged":[],"score":1205,"play_id":"66f3638e-93e1-4428-8331-405c09c4f1f9","local_time":"20210113160919","is_ascension_mode":true,"campfire_choices":[{"floor":6.0,"key":"REST"},{"data":"Scrawl","floor":8.0,"key":"SMITH"},{"floor":15.0,"key":"DIG"},{"floor":23.0,"key":"DIG"},{"floor":29.0,"key":"DIG"},{"data":"Scrawl","floor":34,"key":"SMITH"},{"data":"Metamorphosis","floor":34,"key":"SMITH"},{"floor":34,"key":"DIG"},{"data":"Prostrate","floor":42,"key":"SMITH"},{"data":"StuffTheSpire:Harmony","floor":42,"key":"SMITH"},{"floor":42,"key":"DIG"},{"data":"Collect","floor":44,"key":"SMITH"},{"data":"Prostrate","floor":44,"key":"SMITH"},{"floor":44,"key":"DIG"},{"data":"Prostrate","floor":47,"key":"SMITH"},{"data":"Prostrate","floor":47,"key":"SMITH"},{"floor":47,"key":"DIG"},{"data":"CutThroughFate","floor":51,"key":"SMITH"},{"data":"Beam Cell","floor":51,"key":"SMITH"},{"floor":51,"key":"DIG"}],"circlet_count":0,"master_deck":["StuffTheSpire:BrainWave+1","ReachHeaven+1","ReachHeaven+1","ReachHeaven+1","Prostrate+1","Prostrate+1","Prostrate+1","Prostrate+1","Prostrate+1","Pray+1","ClearTheMind+1","WindmillStrike","Scrawl+1","DeceiveReality","InnerPeace+1","StuffTheSpire:Harmony+1","LessonLearned+1","Metamorphosis+1","Scrawl+1","J.A.X.+1","Ragnarok+1","FlurryOfBlows+1","CutThroughFate+1","Beam Cell+1","Replay:ManipulateFuture+1","LessonLearned+1","Bludgeon","Swivel","Intolerance","Collect+1","Halt+1","Doubt","Prostrate+1"],"relics":["PureWater","EVO:Axolotl","trackpad:BiPhaseBiplane","wanderingMiniBosses:MasterThiefsPresence","trackpad:ToughGloves","Shovel","StuffTheSpire:CocoNut","Cursed Key","Replay:Blank Codex","aspiration:TomeofQuesting","qcfpunch:Red_Beret","Replay:Arrowhead","qcfpunch:School_Backpack","Tiny Chest","halation:PenCase","hubris:BundleOfHerbs","Replay:Drink Me","RetroEgg","vexMod:CursedCompass","Replay:PocketPolymizer","qcfpunch:Wild_Herbs_Ointment","Garlic","qcfpunch:Broken_Tusk","Replay:Wax Seal","Anchor","qcfpunch:Chain_With_Nametags","RollingBoulder","SpikesRelics:ToyHorsey"],"acts_visited":["Exordium","TheCity","TheBeyond"],"potions_floor_usage":[],"damage_taken":[{"damage":0.0,"enemies":"Cultist","floor":1.0,"turns":2.0},{"damage":0.0,"enemies":"2 Louse","floor":3.0,"turns":1.0},{"damage":0.0,"enemies":"Small Slimes","floor":5.0,"turns":5.0},{"damage":7.0,"enemies":"Gremlin Nob","floor":7.0,"turns":3.0},{"damage":0.0,"enemies":"Looter","floor":10.0,"turns":2.0},{"damage":0.0,"enemies":"3 Sentries","floor":11.0,"turns":1.0},{"damage":0.0,"enemies":"Slime Boss","floor":16.0,"turns":3.0},{"damage":0.0,"enemies":"Spheric Guardian","floor":18.0,"turns":2.0},{"damage":0.0,"enemies":"3 Byrds","floor":20.0,"turns":3.0},{"damage":10.0,"enemies":"Snecko","floor":22.0,"turns":4.0},{"damage":0.0,"enemies":"Book of Stabbing","floor":24.0,"turns":2.0},{"damage":4.0,"enemies":"Sentry and Sphere","floor":27.0,"turns":3.0},{"damage":5.0,"enemies":"Nightmare","floor":30.0,"turns":4.0},{"damage":3.0,"enemies":"Snake Plant","floor":31.0,"turns":2.0},{"damage":3.0,"enemies":"Book of Stabbing","floor":32.0,"turns":2.0},{"damage":3,"enemies":"bossMod:newChamp","floor":35,"turns":3},{"damage":8,"enemies":"3 Shapes","floor":37,"turns":2},{"damage":3,"enemies":"2 Orb Walkers","floor":40,"turns":2},{"damage":3,"enemies":"Nemesis","floor":43,"turns":3},{"damage":0,"enemies":"R_Hoarder","floor":46,"turns":1},{"damage":0,"enemies":"3 Darklings","floor":48,"turns":2},{"damage":0,"enemies":"Writhing Mass","floor":49,"turns":1},{"damage":0,"enemies":"Maw","floor":50,"turns":3},{"damage":0,"enemies":"Replay:Hell Engine","floor":52,"turns":3}],"seed_played":"-5786615607957401256","potions_obtained":[{"floor":5.0,"key":"Toxic Potion"},{"floor":7.0,"key":"conspire:TimeTravelPotion"},{"floor":16.0,"key":"Fruit Juice"},{"floor":20.0,"key":"Elixir"},{"floor":24.0,"key":"LiquidMemories"},{"floor":33.0,"key":"Regen Potion"},{"floor":33.0,"key":"AttackPotion"}],"is_trial":false,"path_per_floor":["M","$","M","?","M","R","E","R","T","M","E","?","$","?","R","B",null,"M","?","M","?","M","R","E","PTL","PTL","M","T","R","NM","M","E","?","R","B",null,"M","AVR","?","?","T","R","E","R","T","E","R","M","M","M","R","B",null],"character_chosen":"WATCHER","items_purchased":["trackpad:BiPhaseBiplane","LessonLearned","Fruit Juice","Metamorphosis"],"campfire_rested":1,"item_purchase_floors":[2,13,13,13],"current_hp_per_floor":[33,23,23,47,47,68,61,61,61,61,61,61,66,66,73,78,88,89,73,78,78,74,74,77,77,77,78,78,78,79,79,79,79,79,81,67,59,59,59,59,59,59,65,65,65,65,65,67,67,67,67,67],"gold":1180,"neow_bonus":"","is_daily":false,"chose_seed":false,"campfire_upgraded":11,"win_rate":0.0,"timestamp":1610554159,"path_taken":["M","?","M","?","M","R","E","R","T","M","E","?","$","?","R","BOSS","M","?","M","?","M","R","E","PTL","PTL","M","T","R","NM","M","E","?","R","BOSS","M","AVR","?","?","?","R","E","R","T","E","R","?","M","M","R","BOSS"],"items_purchased_type":["Relic","Card","Potion","Card"],"build_version":"2020-12-22","purchased_purges":0,"victory":true,"max_hp_per_floor":[72,72,72,72,72,72,72,72,72,72,72,72,77,77,84,84,89,89,89,89,89,89,89,89,89,89,89,89,89,89,89,89,89,89,89,67,67,67,67,67,67,67,67,67,67,67,67,67,67,67,67,67],"relic_stats":{"Shovel":8,"counters":[24,59],"Tiny Chest":1,"Cursed Key":3,"obtain_stats":[{"Replay:PocketPolymizer":40,"RetroEgg":38,"aspiration:TomeofQuesting":23,"EVO:Axolotl":0,"qcfpunch:Red_Beret":24,"Cursed Key":17,"qcfpunch:Wild_Herbs_Ointment":41,"trackpad:ToughGloves":7,"Shovel":11,"SpikesRelics:ToyHorsey":51,"Tiny Chest":30,"RollingBoulder":47,"Replay:Wax Seal":44,"trackpad:BiPhaseBiplane":2,"Replay:Drink Me":36,"qcfpunch:Chain_With_Nametags":46,"Replay:Blank Codex":19,"wanderingMiniBosses:MasterThiefsPresence":5,"Replay:Arrowhead":28,"Anchor":45,"qcfpunch:Broken_Tusk":43,"qcfpunch:School_Backpack":29,"halation:PenCase":32,"StuffTheSpire:CocoNut":15,"hubris:BundleOfHerbs":34,"vexMod:CursedCompass":38,"Garlic":42,"PureWater":0,"Toy Ornithopter":9},{"Replay:PocketPolymizer":18,"RetroEgg":17,"aspiration:TomeofQuesting":10,"EVO:Axolotl":0,"qcfpunch:Red_Beret":11,"Cursed Key":7,"qcfpunch:Wild_Herbs_Ointment":18,"trackpad:ToughGloves":4,"Shovel":6,"SpikesRelics:ToyHorsey":23,"Tiny Chest":13,"RollingBoulder":20,"Replay:Wax Seal":19,"trackpad:BiPhaseBiplane":1,"Replay:Drink Me":16,"qcfpunch:Chain_With_Nametags":20,"Replay:Blank Codex":8,"wanderingMiniBosses:MasterThiefsPresence":3,"Replay:Arrowhead":12,"Anchor":19,"qcfpunch:Broken_Tusk":19,"qcfpunch:School_Backpack":12,"halation:PenCase":15,"StuffTheSpire:CocoNut":6,"hubris:BundleOfHerbs":15,"vexMod:CursedCompass":17,"Garlic":18,"PureWater":0,"Toy Ornithopter":4},{"Replay:PocketPolymizer":46,"RetroEgg":44,"aspiration:TomeofQuesting":26,"EVO:Axolotl":0,"qcfpunch:Red_Beret":28,"Cursed Key":17,"qcfpunch:Wild_Herbs_Ointment":46,"trackpad:ToughGloves":11,"Shovel":14,"SpikesRelics:ToyHorsey":56,"Tiny Chest":35,"RollingBoulder":50,"Replay:Wax Seal":49,"trackpad:BiPhaseBiplane":2,"Replay:Drink Me":42,"qcfpunch:Chain_With_Nametags":50,"Replay:Blank Codex":19,"wanderingMiniBosses:MasterThiefsPresence":8,"Replay:Arrowhead":31,"Anchor":49,"qcfpunch:Broken_Tusk":49,"qcfpunch:School_Backpack":31,"halation:PenCase":39,"StuffTheSpire:CocoNut":14,"hubris:BundleOfHerbs":39,"vexMod:CursedCompass":44,"Garlic":46,"PureWater":0,"Toy Ornithopter":11}]},"card_choices":[{"not_picked":["BowlingBash","CarveReality"],"picked":"ClearTheMind","floor":1.0},{"not_picked":["EmptyBody","Crescendo"],"picked":"Evaluate","floor":3.0},{"not_picked":["Conclude","WreathOfFlame"],"picked":"WindmillStrike","floor":5.0},{"not_picked":["SashWhip","Crescendo"],"picked":"Scrawl","floor":7.0},{"not_picked":["Consecrate","Replay:ManipulateFuture"],"picked":"DeceiveReality","floor":10.0},{"not_picked":["WaveOfTheHand","Evaluate"],"picked":"InnerPeace","floor":11.0},{"not_picked":["StuffTheSpire:Perfection","StuffTheSpire:Brawn"],"picked":"StuffTheSpire:Harmony","floor":12.0},{"not_picked":["DevaForm","Blasphemy"],"picked":"Scrawl","floor":16.0},{"not_picked":["Protect","Adaptation","SashWhip"],"picked":"SKIP","floor":18.0},{"not_picked":["InnerPeace+1","Crescendo","ClearTheMind"],"picked":"SKIP","floor":20.0},{"not_picked":["Crescendo","WaveOfTheHand"],"picked":"Ragnarok","floor":22.0},{"not_picked":["EmptyMind+1","SashWhip"],"picked":"FlurryOfBlows+1","floor":24.0},{"not_picked":["WindmillStrike","Meditate","Replay:AtTheReady+1"],"picked":"SKIP","floor":27.0},{"not_picked":["StuffTheSpire:Plugnplay","Lockon","hubris:PowerSurge"],"picked":"SKIP","floor":30.0},{"not_picked":["Replay:AtTheReady","MentalFortress","WindmillStrike"],"picked":"SKIP","floor":30.0},{"not_picked":["Tantrum","FlurryOfBlows"],"picked":"CutThroughFate","floor":31.0},{"not_picked":["lotusMarks:OnTheHunt","Flying Knee","lotusMarks:LotusSlash"],"picked":"SKIP","floor":31.0},{"not_picked":["lotusMarks:OnTheHunt","Flying Knee","lotusMarks:LotusSlash"],"picked":"SKIP","floor":31.0},{"not_picked":["Sweeping Beam","Stack"],"picked":"Beam Cell","floor":32.0},{"not_picked":["CarveReality","Nirvana"],"picked":"Replay:ManipulateFuture+1","floor":32.0},{"not_picked":["Vault","Judgement"],"picked":"LessonLearned","floor":35},{"not_picked":["Replay:Many Hands","Impervious"],"picked":"Bludgeon","floor":35},{"not_picked":["Protect","FlyingSleeves"],"picked":"Swivel","floor":37},{"not_picked":["Sucker Punch+1","StuffTheSpire:Python+1","StuffTheSpire:ClusterCrunch"],"picked":"SKIP","floor":37},{"not_picked":["WreathOfFlame","Perseverance","Meditate"],"picked":"SKIP","floor":43},{"not_picked":["MentalFortress+1","FollowUp+1"],"picked":"Halt","floor":46},{"not_picked":["Replay:BluntJabs","Replay:ManipulateFuture"],"picked":"Prostrate","floor":48},{"not_picked":["Replay:Vibes+1","ConjureBlade","Wallop+1"],"picked":"SKIP","floor":49},{"not_picked":["MentalFortress","FollowUp","EmptyFist"],"picked":"SKIP","floor":50}],"player_experience":362990,"relics_obtained":[{"floor":5.0,"key":"wanderingMiniBosses:MasterThiefsPresence"},{"floor":7.0,"key":"trackpad:ToughGloves"},{"floor":9.0,"key":"Toy Ornithopter"},{"floor":11.0,"key":"Shovel"},{"floor":15.0,"key":"StuffTheSpire:CocoNut"},{"floor":19.0,"key":"Replay:Blank Codex"},{"floor":23.0,"key":"aspiration:TomeofQuesting"},{"floor":24.0,"key":"qcfpunch:Red_Beret"},{"floor":28.0,"key":"Replay:Arrowhead"},{"floor":29.0,"key":"qcfpunch:School_Backpack"},{"floor":30.0,"key":"Tiny Chest"},{"floor":32.0,"key":"halation:PenCase"},{"floor":34,"key":"hubris:BundleOfHerbs"},{"floor":40,"key":"Replay:PocketPolymizer"},{"floor":41,"key":"qcfpunch:Wild_Herbs_Ointment"},{"floor":42,"key":"Garlic"},{"floor":43,"key":"qcfpunch:Broken_Tusk"},{"floor":44,"key":"Replay:Wax Seal"},{"floor":45,"key":"Anchor"},{"floor":46,"key":"qcfpunch:Chain_With_Nametags"},{"floor":47,"key":"RollingBoulder"},{"floor":51,"key":"SpikesRelics:ToyHorsey"}],"event_choices":[{"damage_healed":24.0,"max_hp_gain":0.0,"max_hp_loss":0.0,"gold_gain":0.0,"event_name":"Big Fish","player_choice":"Banana","floor":4.0,"gold_loss":0.0,"damage_taken":0.0},{"damage_healed":0.0,"max_hp_gain":0.0,"max_hp_loss":0.0,"gold_gain":0.0,"event_name":"Cursed Tome","player_choice":"Obtained Book","floor":19.0,"gold_loss":0.0,"damage_taken":16.0},{"damage_healed":0.0,"max_hp_gain":0.0,"max_hp_loss":0.0,"gold_gain":0.0,"event_name":"Drug Dealer","player_choice":"Obtain J.A.X.","floor":21.0,"gold_loss":0.0,"damage_taken":0.0,"cards_obtained":["J.A.X."]},{"damage_healed":0.0,"max_hp_gain":0.0,"max_hp_loss":0.0,"gold_gain":0.0,"event_name":"Lab","player_choice":"Got Potions","floor":33.0,"gold_loss":0.0,"damage_taken":0.0},{"damage_healed":0,"gold_gain":0,"player_choice":"Fight","damage_taken":0,"max_hp_gain":0,"max_hp_loss":0,"event_name":"Mysterious Sphere","floor":40,"gold_loss":0}],"is_beta":false,"boss_relics":[{"not_picked":["hubris:ScarierMask","Runic Pyramid"],"picked":"Cursed Key"},{"not_picked":["halation:PlatinumPhoenix","vexMod:MysteryBossChallenge"],"picked":"Replay:Drink Me"}],"items_purged_floors":[],"is_endless":false,"potions_floor_spawned":[5,7,16,20,24,31,35,37,40,46,49,50],"ascension_level":6}}