{"host":"daa8jqyg4gqfaysm","time":1610523432,"event":{"mods":["BaseMod","Colored Powertips","Minty Spire (QoL Compilation)","StSLib"],"gold_per_floor":[112,126,126,16,32,63,63,63,63],"floor_reached":8,"language":"ENG","playtime":139,"items_purged":[],"score":112,"play_id":"d83a0448-d78b-4feb-b9b0-0a96ab91e9cd","local_time":"20210113153712","is_ascension_mode":true,"campfire_choices":[{"data":"Cloak And Dagger","floor":7,"key":"SMITH"}],"circlet_count":0,"master_deck":["AscendersBane","Strike_G","Strike_G","Strike_G","Strike_G","Strike_G","Defend_G","Defend_G","Defend_G","Defend_G","Defend_G","Survivor","Neutralize","Blade Dance","Cloak And Dagger+1","Slice","Cloak And Dagger","PiercingWail","Venomology"],"relics":["Ring of the Snake","NeowsBlessing","Pear"],"acts_visited":["Exordium"],"potions_floor_usage":[6,6,6,6],"damage_taken":[{"damage":0,"enemies":"Cultist","floor":1,"turns":1},{"damage":0,"enemies":"Small Slimes","floor":2,"turns":1},{"damage":0,"enemies":"Jaw Worm","floor":5,"turns":1},{"damage":29,"enemies":"Lagavulin","floor":6,"turns":6},{"damage":36,"enemies":"Gremlin Nob","floor":8,"turns":4}],"seed_played":"-395010686506154497","potions_obtained":[{"floor":2,"key":"SpeedPotion"},{"floor":3,"key":"GamblersBrew"},{"floor":3,"key":"EntropicBrew"}],"is_trial":false,"path_per_floor":["M","M","?","$","M","E","R","E"],"character_chosen":"THE_SILENT","items_purchased":["Slice","Cloak And Dagger"],"campfire_rested":0,"item_purchase_floors":[4,4],"current_hp_per_floor":[59,59,59,59,59,40,40,4,4],"gold":63,"neow_bonus":"THREE_ENEMY_KILL","is_daily":false,"chose_seed":false,"campfire_upgraded":1,"win_rate":0.0,"timestamp":1610523432,"path_taken":["M","M","?","?","?","E","R","E"],"items_purchased_type":["Card","Card"],"build_version":"2020-12-22","purchased_purges":0,"victory":false,"max_hp_per_floor":[66,66,66,66,66,76,76,76,76],"card_choices":[{"not_picked":["Bane","Predator"],"picked":"Blade Dance","floor":1},{"not_picked":["Prepared","Quick Slash"],"picked":"Cloak And Dagger","floor":2},{"not_picked":["Cloak And Dagger","Catalyst"],"picked":"PiercingWail","floor":5},{"not_picked":["Cloak And Dagger","PiercingWail"],"picked":"Venomology","floor":6}],"player_experience":810416,"relics_obtained":[{"floor":6,"key":"Pear"}],"event_choices":[{"damage_healed":0,"gold_gain":0,"player_choice":"Got Potions","damage_taken":0,"max_hp_gain":0,"max_hp_loss":0,"event_name":"Lab","floor":3,"gold_loss":0}],"is_beta":false,"boss_relics":[],"items_purged_floors":[],"is_endless":false,"potions_floor_spawned":[2],"killed_by":"Gremlin Nob","ascension_level":20}}