{"host":"jggt5i9rbuoqvque","time":1610566595,"event":{"mods":["BaseMod","Colored Map","Minty Spire (QoL Compilation)","StSLib"],"gold_per_floor":[129,155,167,129,153,165,177,204,239,264,299,343,372,384,384],"floor_reached":14,"language":"KOR","playtime":272,"items_purged":[],"score":124,"play_id":"d4930a43-e3cf-40a2-a223-3750a8ee735b","local_time":"20210114043635","is_ascension_mode":true,"campfire_choices":[{"data":"Uppercut","floor":6.0,"key":"SMITH"}],"circlet_count":0,"master_deck":["Strike_R","Strike_R","Strike_R","Strike_R","Defend_R","Defend_R","Defend_R","Bash","Uppercut+1","Inflame"],"relics":["Burning Blood","MawBank","MealTicket","Bronze Scales","PreservedInsect"],"acts_visited":["Exordium"],"potions_floor_usage":[13],"damage_taken":[{"damage":6.0,"enemies":"Cultist","floor":1.0,"turns":4.0},{"damage":12.0,"enemies":"Jaw Worm","floor":2.0,"turns":3.0},{"damage":4.0,"enemies":"Small Slimes","floor":5.0,"turns":4.0},{"damage":16.0,"enemies":"2 Fungi Beasts","floor":8.0,"turns":4.0},{"damage":9.0,"enemies":"3 Louse","floor":10.0,"turns":3.0},{"damage":30,"enemies":"Lagavulin","floor":12,"turns":5},{"damage":15,"enemies":"Exordium Thugs","floor":13,"turns":4},{"damage":15,"enemies":"3 Sentries","floor":14,"turns":2}],"seed_played":"-7393043096004345521","potions_obtained":[{"floor":2.0,"key":"Energy Potion"},{"floor":8.0,"key":"ElixirPotion"},{"floor":12,"key":"Swift Potion"}],"is_trial":false,"path_per_floor":["M","M","?","?","M","R","$","M","T","M","T","E","M","E"],"character_chosen":"IRONCLAD","items_purchased":[],"campfire_rested":0,"item_purchase_floors":[],"current_hp_per_floor":[72,66,59,59,61,61,61,51,51,48,48,24,15,0,0],"gold":384,"neow_bonus":"RANDOM_COMMON_RELIC","is_daily":false,"chose_seed":false,"campfire_upgraded":1,"win_rate":0.0,"timestamp":1610566595,"path_taken":["M","M","?","?","M","R","?","M","T","M","?","E","M","E"],"items_purchased_type":[],"build_version":"2020-12-22","purchased_purges":0,"victory":false,"max_hp_per_floor":[80,80,80,80,80,80,80,80,80,80,80,80,80,80,80],"card_choices":[{"not_picked":["Wild Strike","Bloodletting","Havoc"],"picked":"SKIP","floor":1.0},{"not_picked":["True Grit","Flame Barrier"],"picked":"Uppercut","floor":2.0},{"not_picked":["Thunderclap","Wild Strike"],"picked":"Inflame","floor":5.0},{"not_picked":["Twin Strike","Headbutt","Flex"],"picked":"SKIP","floor":8.0},{"not_picked":["Sword Boomerang","Body Slam","Cleave"],"picked":"SKIP","floor":10.0},{"not_picked":["Warcry","Flex","Rupture"],"picked":"SKIP","floor":12},{"not_picked":["Clash","Armaments","Warcry"],"picked":"SKIP","floor":13}],"player_experience":331165,"relics_obtained":[{"floor":9.0,"key":"MealTicket"},{"floor":11.0,"key":"Bronze Scales"},{"floor":12,"key":"PreservedInsect"}],"event_choices":[{"cards_removed":["Strike_R"],"damage_healed":0.0,"max_hp_gain":0.0,"max_hp_loss":0.0,"gold_gain":0.0,"event_name":"Golden Wing","player_choice":"Card Removal","floor":3.0,"gold_loss":0.0,"damage_taken":7.0},{"cards_removed":["Defend_R"],"damage_healed":0.0,"max_hp_gain":0.0,"max_hp_loss":0.0,"gold_gain":0.0,"event_name":"The Cleric","player_choice":"Card Removal","floor":4.0,"gold_loss":50.0,"damage_taken":0.0}],"is_beta":false,"boss_relics":[],"items_purged_floors":[],"is_endless":false,"potions_floor_spawned":[2,8,12],"killed_by":"3 Sentries","ascension_level":7}}