{"host":"5padt50u07xd1iby","time":1610530735,"event":{"mods":["AchievementEnabler","BaseMod","Colored Map","Colored Powertips","Downfall","Hubris","Minty Spire (QoL Compilation)","Shop Mod","StSLib","SuperFastMode"],"gold_per_floor":[118,129,129,147,166,166,166,199,225,260,272,272,285,285,285,285,285],"floor_reached":16,"language":"ENG","playtime":680,"items_purged":[],"score":137,"play_id":"95bca388-8143-4145-9e68-5c13c36edc69","local_time":"20210113103855","is_ascension_mode":false,"campfire_choices":[{"data":"Shrug It Off","floor":6,"key":"SMITH"},{"data":"Dual Wield","floor":15,"key":"SMITH"}],"circlet_count":0,"master_deck":["Strike_R","Strike_R","Strike_R","Strike_R","Strike_R","Defend_R","Defend_R","Defend_R","Defend_R","Bash","Shrug It Off+1","Warcry+1","Sword Boomerang","Rampage","Combust","Dual Wield+1","Clash","Infernal Blade"],"relics":["Burning Blood","Strawberry","Happy Flower","hubris:SlimyHat","Letter Opener","Frozen Egg 2"],"acts_visited":["Exordium"],"potions_floor_usage":[8,16],"damage_taken":[{"damage":5.0,"enemies":"2 Louse","floor":1.0,"turns":3.0},{"damage":2,"enemies":"Cultist","floor":2,"turns":4},{"damage":11,"enemies":"Jaw Worm","floor":4,"turns":5},{"damage":10,"enemies":"Exordium Wildlife","floor":5,"turns":4},{"damage":31,"enemies":"Lagavulin","floor":8,"turns":5},{"damage":24,"enemies":"Gremlin Nob","floor":10,"turns":4},{"damage":4,"enemies":"3 Louse","floor":11,"turns":3},{"damage":9,"enemies":"Large Slime","floor":13,"turns":4},{"damage":42,"enemies":"The Guardian","floor":16,"turns":9}],"seed_played":"-3655821427865934299","potions_obtained":[{"floor":4,"key":"BlessingOfTheForge"},{"floor":5,"key":"sneckomod:MuddlingPotion"},{"floor":8,"key":"Ancient Potion"},{"floor":13,"key":"SpeedPotion"}],"is_trial":false,"path_per_floor":["M","M","?","M","M","R","?","E","T","E","M","T","M","?","R","B"],"character_chosen":"IRONCLAD","items_purchased":[],"campfire_rested":0,"item_purchase_floors":[],"current_hp_per_floor":[88,88,88,83,79,79,86,61,61,43,45,45,42,42,42,0,0],"gold":285,"neow_bonus":"TEN_PERCENT_HP_BONUS","is_daily":false,"chose_seed":false,"campfire_upgraded":2,"win_rate":0.0,"timestamp":1610530735,"path_taken":["M","M","?","M","?","R","?","E","T","E","M","?","M","?","R","BOSS"],"items_purchased_type":[],"build_version":"2020-12-22","purchased_purges":0,"victory":false,"max_hp_per_floor":[88,88,88,88,88,88,95,95,95,95,95,95,95,95,95,95,95],"card_choices":[{"not_picked":["Clothesline","Anger"],"picked":"Shrug It Off","floor":1},{"not_picked":["Seeing Red","Thunderclap"],"picked":"Warcry","floor":2},{"not_picked":["Dark Embrace","Entrench"],"picked":"Sword Boomerang","floor":4},{"not_picked":["Iron Wave","Clothesline"],"picked":"Rampage","floor":5},{"not_picked":["True Grit","Rupture"],"picked":"Combust","floor":8},{"not_picked":["Flex","Blood for Blood"],"picked":"Dual Wield","floor":10},{"not_picked":["Rampage","Sever Soul"],"picked":"Clash","floor":11},{"not_picked":["Sword Boomerang","Intimidate"],"picked":"Infernal Blade","floor":13}],"player_experience":65341,"relics_obtained":[{"floor":8,"key":"Happy Flower"},{"floor":9,"key":"hubris:SlimyHat"},{"floor":10,"key":"Letter Opener"},{"floor":12,"key":"Frozen Egg 2"}],"event_choices":[{"damage_healed":0,"gold_gain":0,"player_choice":"Upgraded","damage_taken":0,"max_hp_gain":0,"max_hp_loss":0,"event_name":"Upgrade Shrine","floor":3,"gold_loss":0,"cards_upgraded":["Warcry"]},{"damage_healed":0,"gold_gain":0,"player_choice":"Box","damage_taken":0,"relics_obtained":["Strawberry"],"max_hp_gain":0,"max_hp_loss":0,"event_name":"Big Fish","floor":7,"gold_loss":0,"cards_obtained":["Regret"]},{"cards_removed":["Regret"],"damage_healed":0,"gold_gain":0,"player_choice":"Forget","damage_taken":0,"max_hp_gain":0,"max_hp_loss":0,"event_name":"Living Wall","floor":14,"gold_loss":0}],"is_beta":false,"boss_relics":[],"items_purged_floors":[],"is_endless":false,"potions_floor_spawned":[4,5,8,13],"killed_by":"The Guardian","ascension_level":0}}