{"host":"cvjufw5k2cirmttm","time":1610568137,"event":{"mods":["AchievementEnabler","BaseMod","Colored Map","Colored Powertips","Minty Spire (QoL Compilation)"],"gold_per_floor":[116,129,149,149,162,162,191,191,218,232,243,258,276,296,296,395,395,414,267,284,295,394,394,394,394,394,66,96,111,111,131,131,131,131],"floor_reached":33,"language":"RUS","playtime":1660,"items_purged":[],"score":273,"play_id":"ca586217-d374-47c1-aeff-0d1276cc05a8","local_time":"20210113230217","is_ascension_mode":false,"campfire_choices":[{"data":"Eruption","floor":6.0,"key":"SMITH"},{"floor":15.0,"key":"REST"},{"floor":23.0,"key":"REST"},{"floor":25.0,"key":"REST"},{"floor":32,"key":"REST"}],"circlet_count":0,"master_deck":["Strike_P","Strike_P","Strike_P","Strike_P","Defend_P","Defend_P","Defend_P","Defend_P","Eruption+1","Vigilance","EmptyBody","ReachHeaven","Vengeance","EmptyFist","Indignation+1","Judgement","Halt","InnerPeace","Adaptation+1","Consecrate+1"],"relics":["PureWater","NeowsBlessing","Vajra","Pen Nib","SlaversCollar","Omamori","MutagenicStrength","Torii","Frozen Egg 2","Orichalcum"],"acts_visited":[],"potions_floor_usage":[33],"damage_taken":[{"damage":0.0,"enemies":"Cultist","floor":1.0,"turns":1.0},{"damage":0.0,"enemies":"2 Louse","floor":2.0,"turns":2.0},{"damage":0.0,"enemies":"Small Slimes","floor":3.0,"turns":2.0},{"damage":8.0,"enemies":"Exordium Thugs","floor":5.0,"turns":4.0},{"damage":23.0,"enemies":"3 Sentries","floor":7.0,"turns":8.0},{"damage":0.0,"enemies":"Large Slime","floor":10.0,"turns":5.0},{"damage":3.0,"enemies":"Looter","floor":11.0,"turns":2.0},{"damage":11.0,"enemies":"Blue Slaver","floor":12.0,"turns":4.0},{"damage":0.0,"enemies":"2 Fungi Beasts","floor":13.0,"turns":2.0},{"damage":9.0,"enemies":"Lots of Slimes","floor":14.0,"turns":4.0},{"damage":28.0,"enemies":"The Guardian","floor":16.0,"turns":7.0},{"damage":2.0,"enemies":"Chosen","floor":18.0,"turns":4.0},{"damage":43.0,"enemies":"2 Thieves","floor":20.0,"turns":3.0},{"damage":14.0,"enemies":"Centurion and Healer","floor":21.0,"turns":4.0},{"damage":14.0,"enemies":"Slavers","floor":28.0,"turns":5.0},{"damage":7.0,"enemies":"Snecko","floor":29.0,"turns":4.0},{"damage":9.0,"enemies":"Cultist and Chosen","floor":31.0,"turns":5.0},{"damage":70,"enemies":"Champ","floor":33,"turns":5}],"seed_played":"8148757292337170020","potions_obtained":[{"floor":1.0,"key":"ColorlessPotion"},{"floor":2.0,"key":"Dexterity Potion"},{"floor":3.0,"key":"Regen Potion"},{"floor":20.0,"key":"SmokeBomb"},{"floor":21.0,"key":"Fire Potion"},{"floor":31.0,"key":"PowerPotion"}],"is_trial":false,"path_per_floor":["M","M","M","?","M","R","E","?","T","M","M","M","M","M","R","B",null,"M","$","M","M","?","R","?","R","T","$","E","M","$","M","R","B"],"character_chosen":"WATCHER","items_purchased":["Omamori","InnerPeace","Frozen Egg 2"],"campfire_rested":4,"item_purchase_floors":[19,27,27],"current_hp_per_floor":[72,72,72,72,64,64,41,41,41,41,38,27,27,18,39,20,72,70,70,27,13,13,34,34,55,55,55,41,34,34,25,46,0,0],"gold":131,"neow_bonus":"THREE_ENEMY_KILL","is_daily":false,"chose_seed":false,"campfire_upgraded":1,"win_rate":0.0,"timestamp":1610568137,"path_taken":["M","M","?","?","M","R","E","?","T","M","M","?","M","M","R","BOSS","M","$","M","M","?","R","?","R","T","?","E","M","$","M","R","BOSS"],"items_purchased_type":["Relic","Card","Relic"],"build_version":"2020-12-22","purchased_purges":0,"victory":false,"max_hp_per_floor":[72,72,72,72,72,72,72,72,72,72,72,72,72,72,72,72,72,72,72,72,72,72,72,72,72,72,72,72,72,72,72,72,72,72],"card_choices":[{"not_picked":["InnerPeace","ClearTheMind"],"picked":"EmptyBody","floor":1.0},{"not_picked":["Crescendo","FlurryOfBlows"],"picked":"ReachHeaven","floor":2.0},{"not_picked":["FollowUp","DeceiveReality"],"picked":"Vengeance","floor":3.0},{"not_picked":["ClearTheMind","Judgement"],"picked":"EmptyFist","floor":5.0},{"not_picked":["SashWhip","JustLucky"],"picked":"Indignation","floor":7.0},{"not_picked":["Adaptation","Evaluate","Weave"],"picked":"SKIP","floor":10.0},{"not_picked":["Vault","EmptyBody","FlyingSleeves"],"picked":"SKIP","floor":11.0},{"not_picked":["FlyingSleeves","Crescendo","PathToVictory"],"picked":"SKIP","floor":12.0},{"not_picked":["FollowUp","FlurryOfBlows","Evaluate"],"picked":"SKIP","floor":13.0},{"not_picked":["ConjureBlade","SignatureMove","Sanctity"],"picked":"SKIP","floor":14.0},{"not_picked":["Brilliance","DevaForm"],"picked":"Judgement","floor":16.0},{"not_picked":["ClearTheMind","Consecrate+1","EmptyFist"],"picked":"SKIP","floor":18.0},{"not_picked":["Study","SandsOfTime+1"],"picked":"Halt","floor":20.0},{"not_picked":["Halt","ThirdEye","Indignation"],"picked":"SKIP","floor":21.0},{"not_picked":["BowlingBash","CutThroughFate"],"picked":"Adaptation+1","floor":28.0},{"not_picked":["EmptyFist","Tantrum+1","CutThroughFate+1"],"picked":"SKIP","floor":29.0},{"not_picked":["EmptyBody","CrushJoints+1"],"picked":"Consecrate+1","floor":31.0}],"player_experience":85841,"relics_obtained":[{"floor":7.0,"key":"Vajra"},{"floor":9.0,"key":"Pen Nib"},{"floor":26.0,"key":"Torii"},{"floor":28.0,"key":"Orichalcum"}],"event_choices":[{"damage_healed":0.0,"max_hp_gain":0.0,"max_hp_loss":0.0,"gold_gain":0.0,"event_name":"The Cleric","player_choice":"Leave","floor":4.0,"gold_loss":0.0,"damage_taken":0.0},{"damage_healed":0.0,"max_hp_gain":0.0,"max_hp_loss":0.0,"gold_gain":0.0,"event_name":"Living Wall","player_choice":"Grow","floor":8.0,"gold_loss":0.0,"damage_taken":0.0,"cards_upgraded":["Indignation"]},{"damage_healed":0.0,"max_hp_gain":0.0,"max_hp_loss":0.0,"gold_gain":99.0,"event_name":"Nest","player_choice":"Stole From Cult","floor":22.0,"gold_loss":0.0,"damage_taken":0.0},{"damage_healed":0.0,"max_hp_gain":0.0,"max_hp_loss":0.0,"gold_gain":0.0,"event_name":"Drug Dealer","player_choice":"Inject Mutagens","floor":24.0,"gold_loss":0.0,"damage_taken":0.0,"relics_obtained":["MutagenicStrength"]}],"is_beta":false,"boss_relics":[{"not_picked":["Cursed Key","Tiny House"],"picked":"SlaversCollar"}],"items_purged_floors":[],"is_endless":false,"potions_floor_spawned":[1,2,3,11,12,14,20,21,31],"killed_by":"Champ","ascension_level":0}}