{"host":"9n6i2vl93jt4o42q","time":1610568904,"event":{"mods":["BaseMod","Minty Spire (QoL Compilation)","Relic Stats"],"gold_per_floor":[114,124,30,47,47,47,67,67,94,110,25,58,70,98,98,175,175,193,203,217,217,217,217],"floor_reached":22,"language":"ENG","playtime":1511,"items_purged":[],"score":396,"play_id":"174f72b4-a6ea-4ddd-a834-7f260b5cbcf9","local_time":"20210113211504","is_ascension_mode":true,"campfire_choices":[{"data":"Underhanded Strike","floor":6.0,"key":"SMITH"},{"data":"Acrobatics","floor":8.0,"key":"SMITH"},{"data":"Noxious Fumes","floor":15.0,"key":"SMITH"}],"circlet_count":0,"master_deck":["AscendersBane","Strike_G","Strike_G","Strike_G","Strike_G","Defend_G","Defend_G","Defend_G","Defend_G","Defend_G","Survivor","Neutralize","Backflip","Acrobatics+1","Tactician","Dagger Throw","Underhanded Strike+1","Crippling Poison","Bouncing Flask","Noxious Fumes+1","Sucker Punch","Predator","Adrenaline","Corpse Explosion","CurseOfTheBell","PiercingWail","Malaise","Dagger Throw"],"relics":["HoveringKite","MealTicket","Lantern","Du-Vu Doll","Calling Bell","Toy Ornithopter","Ornamental Fan","Calipers"],"acts_visited":["Exordium","TheCity"],"potions_floor_usage":[],"damage_taken":[{"damage":0.0,"enemies":"2 Louse","floor":1.0,"turns":5.0},{"damage":7.0,"enemies":"Cultist","floor":2.0,"turns":5.0},{"damage":1.0,"enemies":"Small Slimes","floor":4.0,"turns":5.0},{"damage":0.0,"enemies":"Exordium Thugs","floor":7.0,"turns":4.0},{"damage":0.0,"enemies":"Looter","floor":10.0,"turns":3.0},{"damage":26.0,"enemies":"Gremlin Nob","floor":12.0,"turns":4.0},{"damage":4.0,"enemies":"Large Slime","floor":13.0,"turns":5.0},{"damage":11.0,"enemies":"3 Sentries","floor":14.0,"turns":5.0},{"damage":4.0,"enemies":"Hexaghost","floor":16.0,"turns":8.0},{"damage":5.0,"enemies":"Chosen","floor":18.0,"turns":3.0},{"damage":21.0,"enemies":"2 Thieves","floor":19.0,"turns":3.0},{"damage":7.0,"enemies":"Sentry and Sphere","floor":20.0,"turns":4.0},{"damage":57,"enemies":"Chosen and Byrds","floor":22,"turns":5}],"seed_played":"9101151277234990092","potions_obtained":[{"floor":2.0,"key":"FairyPotion"},{"floor":7.0,"key":"ColorlessPotion"},{"floor":10.0,"key":"CultistPotion"},{"floor":13.0,"key":"Swift Potion"}],"is_trial":false,"path_per_floor":["M","M","$","M","?","R","M","R","T","M","$","E","M","E","R","B",null,"M","M","M","?","M"],"character_chosen":"THE_SILENT","items_purchased":["Tactician","Dagger Throw","Noxious Fumes"],"campfire_rested":0,"item_purchase_floors":[3,3,11],"current_hp_per_floor":[59,52,52,51,51,51,51,51,51,51,66,40,36,25,25,21,55,50,29,27,27,0,0],"gold":217,"neow_bonus":"BOSS_RELIC","is_daily":false,"chose_seed":false,"campfire_upgraded":3,"win_rate":0.0,"timestamp":1610568904,"path_taken":["M","M","$","M","?","R","M","R","T","M","$","E","?","E","R","BOSS","M","?","?","?","M"],"items_purchased_type":["Card","Card","Card"],"build_version":"2020-12-22","purchased_purges":0,"victory":false,"max_hp_per_floor":[66,66,66,66,66,66,66,66,66,66,66,66,66,66,66,66,66,66,66,66,66,66,66],"relic_stats":{"counters":[13,59],"Ornamental Fan":[12],"HoveringKite":[26],"MealTicket":15,"obtain_stats":[{"Du-Vu Doll":14,"Calling Bell":17,"Lantern":12,"Calipers":17,"Ornamental Fan":17,"HoveringKite":0,"MealTicket":9,"Toy Ornithopter":17,"Ring of the Snake":0},{"Du-Vu Doll":8,"Calling Bell":9,"Lantern":6,"Calipers":9,"Ornamental Fan":9,"HoveringKite":0,"MealTicket":4,"Toy Ornithopter":9,"Ring of the Snake":0},{"Du-Vu Doll":36,"Calling Bell":44,"Lantern":26,"Calipers":44,"Ornamental Fan":44,"HoveringKite":0,"MealTicket":19,"Toy Ornithopter":44,"Ring of the Snake":0}],"Toy Ornithopter":5},"card_choices":[{"not_picked":["Outmaneuver","Flechettes"],"picked":"Backflip","floor":1.0},{"not_picked":["Concentrate","Dodge and Roll"],"picked":"Acrobatics","floor":2.0},{"not_picked":["Skewer","Masterful Stab"],"picked":"Underhanded Strike","floor":4.0},{"not_picked":["Quick Slash","Distraction"],"picked":"Crippling Poison","floor":7.0},{"not_picked":["Cloak And Dagger","Setup"],"picked":"Bouncing Flask","floor":10.0},{"not_picked":["Flying Knee","Skewer"],"picked":"Sucker Punch","floor":12.0},{"not_picked":["Grand Finale","Slice"],"picked":"Predator","floor":13.0},{"not_picked":["Terror","Slice"],"picked":"Adrenaline","floor":14.0},{"not_picked":["Night Terror","Unload"],"picked":"Corpse Explosion","floor":16.0},{"not_picked":["Flying Knee","Blade Dance"],"picked":"PiercingWail","floor":18.0},{"not_picked":["Outmaneuver","Blur"],"picked":"Malaise","floor":19.0},{"not_picked":["Underhanded Strike","Deflect"],"picked":"Dagger Throw","floor":20.0}],"player_experience":2066489,"relics_obtained":[{"floor":9.0,"key":"MealTicket"},{"floor":12.0,"key":"Lantern"},{"floor":14.0,"key":"Du-Vu Doll"},{"floor":17.0,"key":"Toy Ornithopter"},{"floor":17.0,"key":"Ornamental Fan"},{"floor":17.0,"key":"Calipers"}],"event_choices":[{"cards_removed":["Strike_G"],"damage_healed":0.0,"max_hp_gain":0.0,"max_hp_loss":0.0,"gold_gain":0.0,"event_name":"Bonfire Elementals","player_choice":"Offered Basic","floor":5.0,"gold_loss":0.0,"damage_taken":0.0},{"damage_healed":0.0,"max_hp_gain":0.0,"max_hp_loss":0.0,"gold_gain":0.0,"event_name":"The Mausoleum","player_choice":"Ignored","floor":21.0,"gold_loss":0.0,"damage_taken":0.0}],"is_beta":false,"boss_relics":[{"not_picked":["WristBlade","Black Star"],"picked":"Calling Bell"}],"items_purged_floors":[],"is_endless":false,"potions_floor_spawned":[2,7,10,13,16,19],"killed_by":"Chosen and Byrds","ascension_level":20}}