{"host":"wshh0nphwn6jv7vj","time":1610533049,"event":{"mods":["BaseMod","Bestiary","Minty Spire (QoL Compilation)","Relic Stats"],"gold_per_floor":[114,114,125,139,139,170,170,189,212,228,255,47,197,147,147,218,218,232,74,74,86,136,136],"floor_reached":22,"language":"ENG","playtime":900,"items_purged":["Strike_B","Doubt","Strike_B"],"score":359,"play_id":"2b409b72-abaf-4c40-b060-a2f03377c931","local_time":"20210113051729","is_ascension_mode":true,"campfire_choices":[{"data":"Cold Snap","floor":7,"key":"SMITH"},{"floor":15,"key":"REST"}],"circlet_count":0,"master_deck":["AscendersBane","Defend_B","Defend_B","Defend_B","Defend_B","Zap","Dualcast","Amplify","Streamline","Melter","Cold Snap","Cold Snap+1","Rebound","Genetic Algorithm","Sunder","Coolheaded","Machine Learning","CurseOfTheBell","Conserve Battery","Loop","Turbo","Loop"],"relics":["Cracked Core","White Beast Statue","Mummified Hand","Dream Catcher","Smiling Mask","Blood Vial","Calling Bell","Orichalcum","Symbiotic Virus","Shovel","SsserpentHead"],"acts_visited":["Exordium","TheCity"],"potions_floor_usage":[6,10,11,11,11,16,18,21,21,22],"damage_taken":[{"damage":2,"enemies":"2 Louse","floor":1,"turns":3},{"damage":2,"enemies":"Jaw Worm","floor":3,"turns":3},{"damage":0,"enemies":"Small Slimes","floor":4,"turns":2},{"damage":22,"enemies":"Gremlin Nob","floor":6,"turns":5},{"damage":9,"enemies":"Looter","floor":8,"turns":2},{"damage":6,"enemies":"Exordium Thugs","floor":10,"turns":4},{"damage":7,"enemies":"3 Sentries","floor":11,"turns":5},{"damage":41,"enemies":"Hexaghost","floor":16,"turns":13},{"damage":41,"enemies":"3 Byrds","floor":18,"turns":6},{"damage":19,"enemies":"Shell Parasite","floor":21,"turns":5},{"damage":18,"enemies":"Shelled Parasite and Fungi","floor":22,"turns":2}],"seed_played":"-3735167255050800198","potions_obtained":[{"floor":1,"key":"SmokeBomb"},{"floor":3,"key":"PowerPotion"},{"floor":6,"key":"EntropicBrew"},{"floor":8,"key":"GamblersBrew"},{"floor":10,"key":"SkillPotion"},{"floor":11,"key":"ColorlessPotion"},{"floor":16,"key":"ColorlessPotion"},{"floor":18,"key":"EssenceOfSteel"},{"floor":21,"key":"Dexterity Potion"}],"is_trial":false,"path_per_floor":["M","?","M","M","T","E","R","M","T","M","E","$","?","$","R","B",null,"M","$","?","M","M"],"character_chosen":"DEFECT","items_purchased":["Blood Vial","Loop","Turbo"],"campfire_rested":1,"item_purchase_floors":[12,19,19],"current_hp_per_floor":[62,67,65,65,65,43,43,34,34,28,21,21,21,21,41,2,52,13,13,13,10,0,0],"gold":136,"neow_bonus":"TRANSFORM_TWO_CARDS","is_daily":false,"chose_seed":false,"campfire_upgraded":1,"win_rate":0.0,"timestamp":1610533049,"path_taken":["M","?","M","M","?","E","R","M","T","M","E","?","?","$","R","BOSS","M","$","?","M","?"],"items_purchased_type":["Relic","Card","Card"],"build_version":"2020-12-22","purchased_purges":3,"victory":false,"max_hp_per_floor":[64,69,69,69,69,69,69,69,69,69,69,69,69,69,69,69,69,69,69,69,69,69,69],"relic_stats":{"Blood Vial":8,"SsserpentHead":50,"Dream Catcher":1,"Shovel":0,"counters":[11,50],"Mummified Hand":[3],"Orichalcum":[24],"Smiling Mask":150,"obtain_stats":[{"Blood Vial":12,"Calling Bell":17,"SsserpentHead":20,"Dream Catcher":9,"Shovel":17,"Mummified Hand":6,"Orichalcum":17,"Cracked Core":0,"Smiling Mask":11,"Symbiotic Virus":17,"White Beast Statue":5},{"Blood Vial":7,"Calling Bell":8,"SsserpentHead":9,"Dream Catcher":5,"Shovel":8,"Mummified Hand":4,"Orichalcum":8,"Cracked Core":0,"Smiling Mask":7,"Symbiotic Virus":8,"White Beast Statue":3},{"Blood Vial":24,"Calling Bell":37,"SsserpentHead":43,"Dream Catcher":15,"Shovel":37,"Mummified Hand":13,"Orichalcum":37,"Cracked Core":0,"Smiling Mask":24,"Symbiotic Virus":37,"White Beast Statue":8}]},"card_choices":[{"not_picked":["Capacitor","Barrage"],"picked":"Melter","floor":1},{"not_picked":["Leap","Hologram"],"picked":"Cold Snap","floor":3},{"not_picked":["Leap","Coolheaded"],"picked":"Cold Snap","floor":4},{"not_picked":["Turbo","Conserve Battery"],"picked":"Rebound","floor":6},{"not_picked":["Fusion","Redo","Leap"],"picked":"SKIP","floor":8},{"not_picked":["Streamline","Lockon"],"picked":"Genetic Algorithm","floor":10},{"not_picked":["Hyperbeam","Stack"],"picked":"Sunder","floor":11},{"not_picked":["Barrage","Gash"],"picked":"Coolheaded","floor":15},{"not_picked":["Reboot","Core Surge"],"picked":"Machine Learning","floor":16},{"not_picked":["Compile Driver","Coolheaded"],"picked":"Conserve Battery","floor":18},{"not_picked":["Turbo","BootSequence"],"picked":"Loop","floor":21}],"player_experience":1568982,"relics_obtained":[{"floor":5,"key":"White Beast Statue"},{"floor":6,"key":"Mummified Hand"},{"floor":9,"key":"Dream Catcher"},{"floor":11,"key":"Smiling Mask"},{"floor":17,"key":"Orichalcum"},{"floor":17,"key":"Symbiotic Virus"},{"floor":17,"key":"Shovel"}],"event_choices":[{"damage_healed":0,"gold_gain":0,"player_choice":"Donut","damage_taken":0,"max_hp_gain":5,"max_hp_loss":0,"event_name":"Big Fish","floor":2,"gold_loss":0},{"damage_healed":0,"gold_gain":150,"player_choice":"AGREE","damage_taken":0,"max_hp_gain":0,"max_hp_loss":0,"event_name":"Liars Game","floor":13,"gold_loss":0,"cards_obtained":["Doubt"]},{"damage_healed":0,"gold_gain":0,"player_choice":"Trade","damage_taken":0,"relics_obtained":["SsserpentHead"],"max_hp_gain":0,"max_hp_loss":0,"event_name":"FaceTrader","floor":20,"gold_loss":0}],"is_beta":false,"boss_relics":[{"not_picked":["FrozenCore","Ectoplasm"],"picked":"Calling Bell"}],"items_purged_floors":[12,14,19],"is_endless":false,"potions_floor_spawned":[1,3,6,8,10,11,16,18,21],"killed_by":"Shelled Parasite and Fungi","ascension_level":17}}