{"host":"b995t17pt6d05w8c","time":1610553126,"event":{"mods":["AchievementEnabler","BaseMod","Colored Map","Minty Spire (QoL Compilation)","SuperFastMode"],"gold_per_floor":[113,131,145,145,145,145,70,111,136,136,180,198,211,255,255,353,353,366,366,416,416,250,250,265,265,289,310,329,342,342,358,376,376,474,474,487,424,757,113,113,113,146,156,182,34,67,67,67,83,83,83],"floor_reached":52,"language":"KOR","playtime":1367,"items_purged":["Strike_R","Strike_R","Strike_R","Strike_R","Strike_R"],"score":1584,"play_id":"77030a19-6387-414d-b50a-e97f58fb02d0","local_time":"20210114005206","is_ascension_mode":true,"campfire_choices":[{"data":"Bash","floor":6.0,"key":"SMITH"},{"floor":10.0,"key":"REST"},{"data":"Rage","floor":15.0,"key":"SMITH"},{"data":"Barricade","floor":23.0,"key":"SMITH"},{"data":"Entrench","floor":25.0,"key":"SMITH"},{"data":"Evolve","floor":33.0,"key":"SMITH"},{"data":"True Grit","floor":41.0,"key":"SMITH"},{"data":"Feel No Pain","floor":47.0,"key":"SMITH"},{"data":"Power Through","floor":50,"key":"SMITH"}],"circlet_count":0,"master_deck":["AscendersBane","Defend_R","Defend_R","Defend_R","Defend_R+1","Second Wind+1","Twin Strike","Shockwave","Shrug It Off","Evolve+1","Rage+1","Spot Weakness","Barricade+1","Feel No Pain+1","Entrench+1","Battle Trance","Power Through+1","Fiend Fire","True Grit+1","Body Slam+1","Parasite"],"relics":["Burning Blood","Bronze Scales","Bag of Preparation","Blood Vial","The Courier","Akabeko","Sozu","Membership Card","Red Skull","Snecko Eye","Art of War","Bag of Marbles","Meat on the Bone","Happy Flower","War Paint","Lantern","Pear","Oddly Smooth Stone","Champion Belt","Boot","Centennial Puzzle","Mercury Hourglass"],"acts_visited":["Exordium","TheCity","TheBeyond"],"potions_floor_usage":[],"damage_taken":[{"damage":0.0,"enemies":"2 Louse","floor":1.0,"turns":3.0},{"damage":1.0,"enemies":"Cultist","floor":2.0,"turns":3.0},{"damage":3.0,"enemies":"Jaw Worm","floor":3.0,"turns":4.0},{"damage":24.0,"enemies":"Gremlin Nob","floor":8.0,"turns":4.0},{"damage":20.0,"enemies":"Lagavulin","floor":11.0,"turns":6.0},{"damage":0.0,"enemies":"2 Fungi Beasts","floor":12.0,"turns":3.0},{"damage":8.0,"enemies":"Exordium Wildlife","floor":13.0,"turns":5.0},{"damage":14.0,"enemies":"3 Sentries","floor":14.0,"turns":9.0},{"damage":29.0,"enemies":"The Guardian","floor":16.0,"turns":9.0},{"damage":18.0,"enemies":"2 Thieves","floor":18.0,"turns":4.0},{"damage":28.0,"enemies":"Spheric Guardian","floor":24.0,"turns":6.0},{"damage":7.0,"enemies":"Chosen and Byrds","floor":27.0,"turns":9.0},{"damage":2.0,"enemies":"3 Cultists","floor":28.0,"turns":6.0},{"damage":9.0,"enemies":"Snake Plant","floor":29.0,"turns":5.0},{"damage":3.0,"enemies":"Cultist and Chosen","floor":31.0,"turns":6.0},{"damage":0.0,"enemies":"Centurion and Healer","floor":32.0,"turns":9.0},{"damage":0.0,"enemies":"Champ","floor":34.0,"turns":18.0},{"damage":0.0,"enemies":"3 Darklings","floor":36.0,"turns":7.0},{"damage":0.0,"enemies":"Nemesis","floor":42.0,"turns":9.0},{"damage":0.0,"enemies":"Orb Walker","floor":43.0,"turns":6.0},{"damage":0.0,"enemies":"Giant Head","floor":46.0,"turns":7.0},{"damage":3,"enemies":"Writhing Mass","floor":49,"turns":5},{"damage":21,"enemies":"Donu and Deca","floor":51,"turns":7}],"seed_played":"-3282454697682900605","potions_obtained":[{"floor":1.0,"key":"LiquidMemories"},{"floor":3.0,"key":"Fire Potion"},{"floor":8.0,"key":"DistilledChaos"},{"floor":13.0,"key":"SpeedPotion"}],"is_trial":false,"path_per_floor":["M","M","M","?","?","R","$","E","T","R","E","M","M","E","R","B",null,"M","?","?","?","$","R","M","R","T","M","M","M","?","M","M","R","B",null,"M","$","?","$","?","R","E","M","T","$","E","R","?","M","R","B",null],"character_chosen":"IRONCLAD","items_purchased":["Membership Card","Art of War","Bag of Marbles","Meat on the Bone","Happy Flower","True Grit","War Paint","Lantern","Pear","Oddly Smooth Stone","Centennial Puzzle"],"campfire_rested":1,"item_purchase_floors":[22,39,39,39,39,39,39,39,39,39,45],"current_hp_per_floor":[74,75,75,49,45,45,45,27,27,49,37,45,45,39,39,18,61,51,51,51,51,51,51,31,31,31,32,38,37,37,42,50,50,58,71,75,75,75,85,81,81,81,81,81,81,81,81,81,81,81,66],"gold":83,"neow_bonus":"RANDOM_COMMON_RELIC","is_daily":false,"chose_seed":false,"campfire_upgraded":8,"win_rate":0.0,"timestamp":1610553126,"path_taken":["M","M","M","?","?","R","$","E","T","R","E","M","?","E","R","BOSS","M","?","?","?","?","R","M","R","T","M","M","M","?","?","?","R","BOSS","M","$","?","$","?","R","E","M","T","?","E","R","?","M","R","BOSS"],"items_purchased_type":["Relic","Relic","Relic","Relic","Relic","Card","Relic","Relic","Relic","Relic","Relic"],"build_version":"2020-12-22","purchased_purges":5,"victory":true,"max_hp_per_floor":[75,75,75,75,75,75,75,75,75,75,75,75,75,75,75,75,75,75,75,75,75,75,75,75,75,75,75,75,75,75,75,75,75,75,75,75,75,75,85,81,81,81,81,81,81,81,81,81,81,81,81],"card_choices":[{"not_picked":["Rage","Burning Pact"],"picked":"Second Wind","floor":1.0},{"not_picked":["Warcry","Flex"],"picked":"Twin Strike","floor":2.0},{"not_picked":["Rupture","Infernal Blade","Second Wind"],"picked":"SKIP","floor":3.0},{"not_picked":["Dark Embrace","Clothesline"],"picked":"Shockwave","floor":8.0},{"not_picked":["Headbutt","Wild Strike"],"picked":"Shrug It Off","floor":11.0},{"not_picked":["Pummel","Rupture"],"picked":"Evolve","floor":12.0},{"not_picked":["Clash","Intimidate"],"picked":"Rage","floor":13.0},{"not_picked":["Shrug It Off","Second Wind"],"picked":"Spot Weakness","floor":14.0},{"not_picked":["Demon Form","Bludgeon"],"picked":"Barricade","floor":16.0},{"not_picked":["Hemokinesis","Pommel Strike"],"picked":"Feel No Pain","floor":18.0},{"not_picked":["Rage","Armaments"],"picked":"Battle Trance","floor":24.0},{"not_picked":["Sever Soul","Perfected Strike","Clothesline"],"picked":"SKIP","floor":27.0},{"not_picked":["Cleave","Demon Form","Flex+1"],"picked":"SKIP","floor":28.0},{"not_picked":["Carnage","Iron Wave"],"picked":"Power Through","floor":29.0},{"not_picked":["Wild Strike","Headbutt","Armaments"],"picked":"SKIP","floor":31.0},{"not_picked":["Combust","Cleave","True Grit"],"picked":"SKIP","floor":32.0},{"not_picked":["Feed","Bludgeon"],"picked":"Fiend Fire","floor":34.0},{"not_picked":["Spot Weakness","Pommel Strike","Blood for Blood"],"picked":"SKIP","floor":36.0},{"not_picked":["True Grit+1","Reckless Charge","Dual Wield+1"],"picked":"SKIP","floor":42.0},{"not_picked":["Twin Strike","Thunderclap"],"picked":"Body Slam+1","floor":43.0},{"not_picked":["Feed","Heavy Blade+1","Burning Pact"],"picked":"SKIP","floor":46.0},{"not_picked":["Dropkick","Searing Blow","Anger"],"picked":"SKIP","floor":49}],"player_experience":125065,"relics_obtained":[{"floor":8.0,"key":"Bag of Preparation"},{"floor":9.0,"key":"Blood Vial"},{"floor":11.0,"key":"The Courier"},{"floor":14.0,"key":"Akabeko"},{"floor":26.0,"key":"Red Skull"},{"floor":42.0,"key":"Champion Belt"},{"floor":44.0,"key":"Boot"},{"floor":46.0,"key":"Mercury Hourglass"}],"event_choices":[{"damage_healed":0.0,"max_hp_gain":0.0,"max_hp_loss":0.0,"gold_gain":0.0,"event_name":"Golden Idol","player_choice":"Take Damage","floor":4.0,"gold_loss":0.0,"damage_taken":26.0,"relics_obtained":["Golden Idol"]},{"damage_healed":0.0,"max_hp_gain":0.0,"max_hp_loss":0.0,"gold_gain":0.0,"event_name":"The Woman in Blue","player_choice":"Bought 0 Potions","floor":5.0,"gold_loss":0.0,"damage_taken":0.0},{"damage_healed":0.0,"max_hp_gain":0.0,"max_hp_loss":0.0,"gold_gain":0.0,"event_name":"Cursed Tome","player_choice":"Ignored","floor":19.0,"gold_loss":0.0,"damage_taken":0.0},{"damage_healed":0.0,"max_hp_gain":0.0,"max_hp_loss":0.0,"gold_gain":50.0,"event_name":"Nest","player_choice":"Stole From Cult","floor":20.0,"gold_loss":0.0,"damage_taken":0.0},{"damage_healed":0.0,"max_hp_gain":0.0,"max_hp_loss":0.0,"gold_gain":0.0,"event_name":"The Library","player_choice":"Read","floor":21.0,"gold_loss":0.0,"damage_taken":0.0,"cards_obtained":["Entrench"]},{"damage_healed":0.0,"max_hp_gain":0.0,"max_hp_loss":0.0,"gold_gain":0.0,"event_name":"The Mausoleum","player_choice":"Ignored","floor":30.0,"gold_loss":0.0,"damage_taken":0.0},{"damage_healed":0.0,"max_hp_gain":0.0,"max_hp_loss":0.0,"gold_gain":333.0,"event_name":"The Moai Head","player_choice":"Gave Idol","floor":38.0,"relics_lost":["Golden Idol"],"gold_loss":0.0,"damage_taken":0.0},{"damage_healed":0.0,"max_hp_gain":0.0,"max_hp_loss":4.0,"gold_gain":0.0,"event_name":"Winding Halls","player_choice":"Max HP","floor":40.0,"gold_loss":0.0,"damage_taken":0.0},{"cards_removed":["Bash"],"damage_healed":0.0,"max_hp_gain":0.0,"max_hp_loss":0.0,"gold_gain":0.0,"event_name":"Falling","player_choice":"Removed Attack","floor":48.0,"gold_loss":0.0,"damage_taken":0.0}],"is_beta":false,"boss_relics":[{"not_picked":["Empty Cage","Fusion Hammer"],"picked":"Sozu"},{"not_picked":["Calling Bell","Runic Cube"],"picked":"Snecko Eye"}],"items_purged_floors":[7,22,37,39,45],"is_endless":false,"potions_floor_spawned":[1,3,8,13,27,31,34,36,46],"ascension_level":15}}