{"host":"oigynbtg272c19pw","time":1610558825,"event":{"mods":["BaseMod","Colored Map","Minty Spire (QoL Compilation)","Relic Stats","StSLib"],"gold_per_floor":[109,259,259,76,93,93,111,111,134,146,146,158,191,266,266,343,343,322,339,339,339],"floor_reached":20,"playtime":1020,"items_purged":["Strike_R"],"score":348,"play_id":"e0e56cfc-566b-438b-b137-9a3898460a1e","local_time":"20210113182705","is_ascension_mode":true,"campfire_choices":[{"data":"Searing Blow","floor":6,"key":"SMITH"},{"data":"Searing Blow+1","floor":8,"key":"SMITH"},{"data":"Searing Blow+2","floor":11,"key":"SMITH"},{"data":"Searing Blow+3","floor":15,"key":"SMITH"}],"circlet_count":0,"master_deck":["AscendersBane","Strike_R","Strike_R","Strike_R","Strike_R","Defend_R","Defend_R","Defend_R","Defend_R","Bash","Flex","Searing Blow+4","Shrug It Off","Metallicize","Thunderclap","Shrug It Off","Double Tap","Second Wind"],"relics":["Burning Blood","Omamori","Shuriken","Cursed Key"],"acts_visited":["Exordium","TheCity"],"potions_floor_usage":[13,16],"damage_taken":[{"damage":11,"enemies":"Jaw Worm","floor":1,"turns":6},{"damage":10,"enemies":"Small Slimes","floor":5,"turns":4},{"damage":1,"enemies":"Cultist","floor":7,"turns":4},{"damage":1,"enemies":"2 Fungi Beasts","floor":10,"turns":3},{"damage":15,"enemies":"Exordium Thugs","floor":12,"turns":4},{"damage":21,"enemies":"3 Sentries","floor":13,"turns":10},{"damage":12,"enemies":"Slime Boss","floor":16,"turns":10},{"damage":14,"enemies":"2 Thieves","floor":18,"turns":4},{"damage":7,"enemies":"Chosen","floor":19,"turns":5},{"damage":62,"enemies":"Masked Bandits","floor":20,"turns":5}],"seed_played":"-4062823559132499030","potions_obtained":[{"floor":5,"key":"DuplicationPotion"},{"floor":7,"key":"Swift Potion"},{"floor":13,"key":"LiquidMemories"}],"is_trial":false,"path_per_floor":["M","?","?","$","M","R","M","R","T","M","R","M","E","?","R","B",null,"M","M","?"],"character_chosen":"IRONCLAD","items_purchased":["Searing Blow","Shrug It Off"],"campfire_rested":0,"item_purchase_floors":[4,4],"current_hp_per_floor":[70,70,63,63,59,59,64,64,64,69,69,60,45,34,34,28,69,61,60,0,0],"gold":339,"neow_bonus":"TEN_PERCENT_HP_BONUS","is_daily":false,"chose_seed":false,"campfire_upgraded":4,"win_rate":0.0,"timestamp":1610558825,"path_taken":["M","?","?","$","M","R","M","R","T","M","R","M","E","?","R","BOSS","M","M","?"],"items_purchased_type":["Card","Card"],"build_version":"2020-12-13","purchased_purges":1,"victory":false,"max_hp_per_floor":[82,82,82,82,82,82,82,82,82,82,82,82,82,82,82,82,82,82,82,82,82],"relic_stats":{"counters":[10,55],"Shuriken":[2],"Cursed Key":0,"obtain_stats":[{"Shuriken":13,"Omamori":9,"Cursed Key":17,"Burning Blood":0},{"Shuriken":6,"Omamori":3,"Cursed Key":7,"Burning Blood":0},{"Shuriken":31,"Omamori":14,"Cursed Key":41,"Burning Blood":0}],"Burning Blood":54},"card_choices":[{"not_picked":["Body Slam","Twin Strike"],"picked":"Flex","floor":1},{"not_picked":["Wild Strike","Pommel Strike"],"picked":"Metallicize","floor":5},{"not_picked":["Berserk","Twin Strike","Body Slam"],"picked":"SKIP","floor":7},{"not_picked":["Whirlwind","Warcry"],"picked":"Thunderclap","floor":10},{"not_picked":["Flame Barrier","Rupture"],"picked":"Shrug It Off","floor":12},{"not_picked":["Sword Boomerang","Blood for Blood","Evolve"],"picked":"SKIP","floor":13},{"not_picked":["Exhume","Limit Break"],"picked":"Double Tap","floor":16},{"not_picked":["Anger","Fire Breathing"],"picked":"Second Wind","floor":18},{"not_picked":["Anger","Blood for Blood","Iron Wave"],"picked":"SKIP","floor":19}],"player_experience":1379644,"relics_obtained":[{"floor":9,"key":"Omamori"},{"floor":13,"key":"Shuriken"}],"event_choices":[{"damage_healed":0,"gold_gain":150,"player_choice":"AGREE","damage_taken":0,"max_hp_gain":0,"max_hp_loss":0,"event_name":"Liars Game","floor":2,"gold_loss":0,"cards_obtained":["Doubt"]},{"cards_removed":["Doubt"],"damage_healed":0,"gold_gain":0,"player_choice":"Card Removal","damage_taken":7,"max_hp_gain":0,"max_hp_loss":0,"event_name":"Golden Wing","floor":3,"gold_loss":0},{"damage_healed":0,"gold_gain":75,"player_choice":"Gather Gold","damage_taken":11,"max_hp_gain":0,"max_hp_loss":0,"event_name":"World of Goop","floor":14,"gold_loss":0},{"damage_healed":0,"gold_gain":0,"player_choice":"Fought Bandits","damage_taken":0,"max_hp_gain":0,"max_hp_loss":0,"event_name":"Masked Bandits","floor":20,"gold_loss":0}],"is_beta":false,"boss_relics":[{"not_picked":["Black Blood","Coffee Dripper"],"picked":"Cursed Key"}],"items_purged_floors":[4],"is_endless":false,"potions_floor_spawned":[5,7,10,13],"killed_by":"Masked Bandits","ascension_level":20}}