{"host":"18wi9kpcl4eah7pe","time":1610559578,"event":{"mods":["BaseMod","Colored Powertips","Downfall","Minty Spire (QoL Compilation)","StSLib"],"gold_per_floor":[199,211,228,228,328,23,47,47,81,100,118,43,28,62,74,177,177,27,42,42,55,40,57,109,109,109,109,137,148,148,148,168,265,265,265,278,278,298,298,134,134,134,304,304,304,318,75,89,108,108,108,143,29,29,29,29,29],"floor_reached":55,"language":"ENG","playtime":4994,"items_purged":[],"score":754,"play_id":"d0db886c-baa7-49a2-9ac4-ae5081a53959","local_time":"20210113113938","is_ascension_mode":true,"campfire_choices":[{"floor":1.0,"key":"RECALL"},{"data":"champ:DefensiveStyle","floor":8.0,"key":"SMITH"},{"floor":12.0,"key":"REST"},{"data":"champ:EnGarde","floor":18.0,"key":"SMITH"},{"floor":27.0,"key":"REST"},{"floor":30.0,"key":"REST"},{"data":"champ:SteelEdge","floor":35.0,"key":"SMITH"},{"floor":42.0,"key":"REST"},{"floor":54.0,"key":"REST"}],"circlet_count":0,"master_deck":["champ:Strike+1","champ:Strike+1","champ:Strike+1","champ:Strike+1","champ:Defend+1","champ:Defend+1","champ:Defend+1","champ:Execute+1","champ:Taunt+1","champ:Backstep+1","champ:DefensiveStyle+1","champ:TornadoPunch+1","champ:SkillfulDodge+1","champ:SwordSigil+1","champ:Balance+1","champ:EnGarde+1","champ:ShieldSlam+1","champ:Encircle+1","champ:IronFortress+1","champ:LastStand+1","champ:FaceSlap+1","champ:GladiatorsShout+1","champ:RisingSlash+1","champ:Riposte+1","champ:EndlessRage+1","champ:DefensiveShout+1","champ:Circumvent+1","champ:SteelEdge+1","champ:ArenaPreparation+1","expansioncontent:DarkVoid+1","champ:CalledShot+1","champ:RapidStrikes+1","champ:GladiatorStyle","Parasite","champ:BringItOn","champ:FlashCut","champ:BringItOn","champ:Lariat+1","champ:BerserkerStyle","champ:Shatter"],"relics":["champ:ChampionCrown","Matryoshka","Mummified Hand","Ginger","champ:FightingForDummies","Lantern","champ:BerserkersGuideToSlaughter","MutagenicStrength","Whetstone","SlaversCollar","Sling","Bottled Flame","Boot","Red Mask","downfall:RedIOUUpgrade","Shuriken","Bottled Tornado"],"acts_visited":["Exordium","TheCity","TheBeyond","TheEnding"],"potions_floor_usage":[],"damage_taken":[{"damage":6.0,"enemies":"Jaw Worm","floor":2.0,"turns":5.0},{"damage":14.0,"enemies":"2 Louse","floor":3.0,"turns":3.0},{"damage":10.0,"enemies":"downfall:FleeingMerchant","floor":6.0,"turns":4.0},{"damage":38.0,"enemies":"Lagavulin","floor":9.0,"turns":8.0},{"damage":0.0,"enemies":"Small Slimes","floor":10.0,"turns":2.0},{"damage":1.0,"enemies":"Exordium Thugs","floor":11.0,"turns":4.0},{"damage":4.0,"enemies":"downfall:FleeingMerchant","floor":13.0,"turns":4.0},{"damage":15.0,"enemies":"Gremlin Nob","floor":14.0,"turns":4.0},{"damage":12.0,"enemies":"Red Slaver","floor":15.0,"turns":3.0},{"damage":33.0,"enemies":"downfall:Silent","floor":16.0,"turns":11.0},{"damage":12.0,"enemies":"Shell Parasite","floor":19.0,"turns":5.0},{"damage":17.0,"enemies":"Centurion and Healer","floor":21.0,"turns":5.0},{"damage":8.0,"enemies":"downfall:FleeingMerchant","floor":22.0,"turns":5.0},{"damage":29.0,"enemies":"Cultist and Chosen","floor":23.0,"turns":5.0},{"damage":26.0,"enemies":"Slavers","floor":28.0,"turns":6.0},{"damage":23.0,"enemies":"3 Cultists","floor":29.0,"turns":5.0},{"damage":17.0,"enemies":"Centurion and Healer","floor":32.0,"turns":6.0},{"damage":74.0,"enemies":"downfall:Watcher","floor":33.0,"turns":10.0},{"damage":3.0,"enemies":"3 Shapes","floor":36.0,"turns":3.0},{"damage":5.0,"enemies":"Orb Walker","floor":38.0,"turns":2.0},{"damage":9.0,"enemies":"downfall:FleeingMerchant","floor":40.0,"turns":4.0},{"damage":9.0,"enemies":"downfall:FleeingMerchant","floor":43.0,"turns":4.0},{"damage":10.0,"enemies":"Writhing Mass","floor":46.0,"turns":5.0},{"damage":9.0,"enemies":"4 Shapes","floor":48.0,"turns":4.0},{"damage":42.0,"enemies":"Maw","floor":49.0,"turns":7.0},{"damage":53.0,"enemies":"downfall:Ironclad","floor":50.0,"turns":11.0},{"damage":50.0,"enemies":"downfall:CharBossMerchant","floor":52.0,"turns":6.0},{"damage":99,"enemies":"downfall:NeowBoss","floor":55,"turns":18}],"seed_played":"-8360229994964320096","potions_obtained":[{"floor":3.0,"key":"Fire Potion"},{"floor":11.0,"key":"BlessingOfTheForge"},{"floor":14.0,"key":"GamblersBrew"},{"floor":15.0,"key":"Dexterity Potion"},{"floor":19.0,"key":"FairyPotion"},{"floor":21.0,"key":"AttackPotion"},{"floor":29.0,"key":"SteroidPotion"},{"floor":48.0,"key":"SpeedPotion"},{"floor":49.0,"key":"SteroidPotion"},{"floor":52.0,"key":"Explosive Potion"}],"is_trial":false,"path_per_floor":["R","M","M","?","?","$","T","R","E","M","M","R","$","E","M","B",null,"R","M","?","M","$","M","T","?","?","R","E","M","R","?","M","B",null,"R","M","?","M","?","$","T","R","$","?","?","M","$","M","M","B",null,"E","$","R","B"],"character_chosen":"THE_CHAMP","items_purchased":["Matryoshka","champ:SkillfulDodge","Sling","champ:GladiatorStyle","Boot","Shuriken","champ:BerserkerStyle","champ:Shatter"],"campfire_rested":5,"item_purchase_floors":[6,6,40,43,43,47,53,53],"current_hp_per_floor":[90,89,80,80,80,80,80,80,52,52,51,78,74,64,57,35,90,100,95,95,82,79,55,55,55,55,85,61,45,75,75,60,32,100,100,97,97,92,92,93,93,100,96,96,96,96,96,100,74,33,100,60,60,90,0,0,0],"gold":29,"neow_bonus":"HUNDRED_GOLD","is_daily":false,"chose_seed":false,"campfire_upgraded":3,"win_rate":0.0,"timestamp":1610559578,"path_taken":["R","M","M","?","?","$","T","R","E","M","M","R","?","E","M","BOSS","R","M","?","M","?","M","T","?","?","R","E","?","R","?","M","BOSS","R","M","?","M","?","$","T","R","$","?","?","M","$","?","M","BOSS","E","$","R","BOSS"],"items_purchased_type":["Relic","Card","Relic","Card","Relic","Relic","Card","Card"],"build_version":"2020-12-22","purchased_purges":0,"victory":false,"max_hp_per_floor":[90,90,90,90,90,90,90,90,90,90,90,90,90,90,90,90,90,100,100,100,100,100,100,100,100,100,100,100,100,100,100,100,100,100,100,100,100,100,100,100,100,100,100,100,100,100,100,100,100,100,100,100,100,100,100,100,100],"card_choices":[{"not_picked":["champ:GutPunch","champ:BladeFlurry"],"picked":"champ:Backstep","floor":2.0},{"not_picked":["champ:BerserkerStyle","champ:HeartStrike"],"picked":"champ:DefensiveStyle","floor":3.0},{"not_picked":["champ:EndlessRage","champ:RageSigil"],"picked":"champ:TornadoPunch","floor":6.0},{"not_picked":["champ:Control","champ:PerfectedStrike"],"picked":"champ:SwordSigil","floor":9.0},{"not_picked":["champ:BladeFlurry","champ:FightOn"],"picked":"champ:Balance","floor":10.0},{"not_picked":["champ:RapidStrikes","champ:DefensiveShout"],"picked":"champ:EnGarde","floor":11.0},{"not_picked":["champ:Balance","champ:HeartStrike"],"picked":"champ:ShieldSlam","floor":13.0},{"not_picked":["champ:FightOn","champ:StanceDance"],"picked":"champ:Encircle","floor":14.0},{"not_picked":["champ:FocusedDefense","champ:Encircle"],"picked":"champ:IronFortress","floor":15.0},{"not_picked":["champ:MurderStrike","champ:EnchantSword"],"picked":"champ:LastStand","floor":16.0},{"not_picked":["champ:ShieldSigil+1","champ:FocusedBerserking"],"picked":"champ:FaceSlap","floor":19.0},{"not_picked":["champ:FocusedDefense+1","champ:TornadoPunch+1"],"picked":"champ:GladiatorsShout","floor":21.0},{"not_picked":["champ:HoldFirm","champ:AdrenalArmor"],"picked":"champ:RisingSlash+1","floor":22.0},{"not_picked":["champ:ShieldSigil","champ:Haymaker"],"picked":"champ:Riposte","floor":23.0},{"not_picked":["champ:Shatter","champ:RageSigil"],"picked":"champ:EndlessRage","floor":28.0},{"not_picked":["champ:TornadoPunch","champ:BladeFlurry"],"picked":"champ:DefensiveShout","floor":29.0},{"not_picked":["champ:FocusedDefense","champ:TornadoPunch+1"],"picked":"champ:Circumvent+1","floor":32.0},{"not_picked":["champ:SwordThrow","champ:HeavySlash"],"picked":"champ:SteelEdge","floor":33.0},{"not_picked":["champ:BladeFlurry+1","champ:GladiatorsShout+1"],"picked":"champ:ArenaPreparation+1","floor":36.0},{"not_picked":["expansioncontent:DefensiveStance","expansioncontent:TimeRipple"],"picked":"expansioncontent:DarkVoid","floor":37.0},{"not_picked":["champ:Backstep","champ:BladeFlurry+1"],"picked":"champ:CalledShot+1","floor":38.0},{"not_picked":["champ:Haymaker","champ:Circumvent+1"],"picked":"champ:RapidStrikes+1","floor":40.0},{"not_picked":["champ:PerfectedStrike+1","champ:EndlessRage"],"picked":"champ:EnragedBash+1","floor":43.0},{"not_picked":["champ:FlashCut","champ:VampiricStrike"],"picked":"champ:BringItOn","floor":46.0},{"not_picked":["champ:Shatter","champ:DeathBlow"],"picked":"champ:FlashCut","floor":48.0},{"not_picked":["champ:FightOn","champ:RisingSlash"],"picked":"champ:BringItOn","floor":49.0},{"not_picked":["champ:TornadoPunch+1","champ:CrookedStrike+1"],"picked":"champ:Lariat+1","floor":52.0}],"player_experience":902778,"relics_obtained":[{"floor":7.0,"key":"Mummified Hand"},{"floor":9.0,"key":"Ginger"},{"floor":14.0,"key":"Dream Catcher"},{"floor":24.0,"key":"champ:FightingForDummies"},{"floor":24.0,"key":"Lantern"},{"floor":28.0,"key":"Whetstone"},{"floor":41.0,"key":"Bottled Flame"},{"floor":52.0,"key":"Bottled Tornado"}],"event_choices":[{"damage_healed":0.0,"max_hp_gain":0.0,"max_hp_loss":0.0,"gold_gain":0.0,"event_name":"Drug Dealer","player_choice":"Inject Mutagens","floor":26.0,"gold_loss":0.0,"damage_taken":0.0,"relics_obtained":["MutagenicStrength"]},{"damage_healed":0.0,"max_hp_gain":0.0,"max_hp_loss":0.0,"gold_gain":0.0,"event_name":"Upgrade Shrine","player_choice":"Upgraded","floor":31.0,"gold_loss":0.0,"damage_taken":0.0,"cards_upgraded":["champ:SwordSigil"]},{"cards_removed":["champ:Defend"],"damage_healed":0.0,"max_hp_gain":0.0,"max_hp_loss":0.0,"gold_gain":0.0,"event_name":"Falling","player_choice":"Removed Skill","floor":44.0,"gold_loss":0.0,"damage_taken":0.0}],"is_beta":false,"boss_relics":[{"not_picked":["Sozu","Fusion Hammer","Cursed Key"]},{"not_picked":["Coffee Dripper","SacredBark"],"picked":"SlaversCollar"}],"items_purged_floors":[],"is_endless":false,"potions_floor_spawned":[3,11,14,15,19,21,29,48,49,52],"killed_by":"downfall:NeowBoss","ascension_level":1}}