{"host":"h9d5il8g1iqie9ys","time":1610534411,"event":{"mods":["BaseMod","Colored Powertips","Decade(???)","Hero for Fun","Luminous","Marisa????????","Minty Spire (QoL Compilation)","StSLib","The Administrix","The Animator","The Bug Knight","The Cursed","The Death Knight","The Exalted","The Necromancer","The Poker Player","The Saiyan","The Servant 0.9.4","The Showman","The Wild Card"],"gold_per_floor":[117,117,47,47,58,87,100,100,126,3,3,16,49,63,63,63,63],"floor_reached":16,"language":"ENG","playtime":695,"items_purged":[],"score":135,"play_id":"40cdb7f2-3783-4cd5-8d22-c1da73f121e6","local_time":"20210113174011","is_ascension_mode":false,"campfire_choices":[{"floor":8,"key":"RECALL"},{"floor":15,"key":"REST"}],"circlet_count":0,"master_deck":["DeathKnight:Strike_DeathKnight","DeathKnight:Strike_DeathKnight","DeathKnight:Strike_DeathKnight","DeathKnight:Strike_DeathKnight","DeathKnight:Strike_DeathKnight","DeathKnight:Defend_DeathKnight","DeathKnight:Defend_DeathKnight","DeathKnight:Defend_DeathKnight","DeathKnight:Defend_DeathKnight","DeathKnight:Defend_DeathKnight","DeathKnight:RuneTap","DeathKnight:RuneStrike","DeathKnight:BloodBoil","DeathKnight:DancingRuneblade","DeathKnight:HornOfWinter","DeathKnight:RuneTap","DeathKnight:PlagueStrike","DeathKnight:UnholyAssault","DeathKnight:Obliterate","DeathKnight:Contagion","DeathKnight:BloodStrike","DeathKnight:FrosPresence+1","DeathKnight:HartStrike","DeathKnight:DeathGrip"],"relics":["DeathKnight:BrokenRuneblade","NeowsBlessing","Potion Belt","Frozen Egg 2","Gremlin Horn"],"acts_visited":["Exordium"],"potions_floor_usage":[],"damage_taken":[{"damage":0,"enemies":"Small Slimes","floor":1,"turns":1},{"damage":0,"enemies":"Cultist","floor":5,"turns":1},{"damage":0,"enemies":"Lagavulin","floor":6,"turns":1},{"damage":6,"enemies":"2 Louse","floor":7,"turns":2},{"damage":12,"enemies":"Lots of Slimes","floor":12,"turns":4},{"damage":15,"enemies":"Gremlin Nob","floor":13,"turns":4},{"damage":16,"enemies":"Red Slaver","floor":14,"turns":4},{"damage":49,"enemies":"Slime Boss","floor":16,"turns":10}],"seed_played":"-3543550390910242024","potions_obtained":[{"floor":1,"key":"ColorlessPotion"},{"floor":5,"key":"LiquidBronze"},{"floor":6,"key":"SpeedPotion"}],"is_trial":false,"path_per_floor":["M","?","$","?","M","E","M","R","T","$","T","M","E","M","R","B"],"character_chosen":"DEATH_KNIGHT","items_purchased":["DeathKnight:DancingRuneblade","DeathKnight:Contagion","DeathKnight:BloodStrike"],"campfire_rested":1,"item_purchase_floors":[3,10,10],"current_hp_per_floor":[75,75,75,75,75,75,69,69,69,69,69,57,42,26,48,0,0],"gold":63,"neow_bonus":"THREE_ENEMY_KILL","is_daily":false,"chose_seed":false,"campfire_upgraded":0,"win_rate":0.0,"timestamp":1610534411,"path_taken":["M","?","?","?","M","E","?","R","T","$","?","?","E","M","R","BOSS"],"items_purchased_type":["Card","Card","Card"],"build_version":"2020-12-22","purchased_purges":0,"victory":false,"max_hp_per_floor":[75,75,75,75,75,75,75,75,75,75,75,75,75,75,75,75,75],"card_choices":[{"not_picked":["DeathKnight:Obliterate","DeathKnight:BoneShield"],"picked":"DeathKnight:ChainsOfIce","floor":1},{"not_picked":["DeathKnight:DreadStrike","DeathKnight:ShatteringStrikes"],"picked":"DeathKnight:PlagueStrike","floor":5},{"not_picked":["DeathKnight:Marrowrend","DeathKnight:BloodStrike"],"picked":"DeathKnight:UnholyAssault","floor":6},{"not_picked":["DeathKnight:Parry","DeathKnight:PlagueStrike"],"picked":"DeathKnight:Obliterate","floor":7},{"not_picked":["DeathKnight:ShatteringStrikes","DeathKnight:HornOfWinter"],"picked":"DeathKnight:FrosPresence+1","floor":12},{"not_picked":["DeathKnight:DeathCoil","DeathKnight:Marrowrend"],"picked":"DeathKnight:HartStrike","floor":13},{"not_picked":["DeathKnight:WraithWalk","DeathKnight:PillarOfFrost"],"picked":"DeathKnight:DeathGrip","floor":14}],"player_experience":201395,"relics_obtained":[{"floor":6,"key":"Potion Belt"},{"floor":11,"key":"Frozen Egg 2"},{"floor":13,"key":"Gremlin Horn"}],"event_choices":[{"damage_healed":0,"gold_gain":0,"cards_transformed":["DeathKnight:ChainsOfIce"],"player_choice":"Transformed","damage_taken":0,"max_hp_gain":0,"max_hp_loss":0,"event_name":"Transmorgrifier","floor":2,"gold_loss":0,"cards_obtained":["DeathKnight:BloodBoil"]},{"damage_healed":0,"gold_gain":0,"player_choice":"2 cards matched","damage_taken":0,"max_hp_gain":0,"max_hp_loss":0,"event_name":"Match and Keep!","floor":4,"gold_loss":0,"cards_obtained":["DeathKnight:HornOfWinter","DeathKnight:RuneTap"]}],"is_beta":false,"boss_relics":[],"items_purged_floors":[],"is_endless":false,"potions_floor_spawned":[1,5,6],"killed_by":"Slime Boss","ascension_level":0}}