{"host":"juzjn19svz7o4sdd","time":1610500869,"event":{"mods":["AchievementEnabler","BaseMod","Better Third Choice","BetterRewards","Challenge The Spire","Colored Powertips","Curses Come First","Minty Spire (QoL Compilation)","StSLib","Transform Curses","UnlockEverythingMod"],"gold_per_floor":[114,134,134,59,74,106,106,133,133,133,152,168,168,203,203,280,280,299,112,132,150,150,150,150,481,481,492,492,492,110,144,144,221,221,241,0,180,214,225,225,225,225],"floor_reached":41,"language":"ZHS","playtime":5152,"items_purged":["Decay","Strike_G","Strike_G"],"score":1279,"play_id":"47a9bbd9-beee-430a-a930-ef23e6d8c1c1","local_time":"20210113092109","daily_mods":["Heirloom","Flight","DeadlyEvents","Elite Swarm"],"is_ascension_mode":true,"campfire_choices":[{"floor":7.0,"key":"REST"},{"floor":13.0,"key":"REST"},{"floor":15.0,"key":"REST"},{"floor":23.0,"key":"REST"},{"floor":24.0,"key":"REST"},{"floor":28.0,"key":"REST"},{"data":"Accuracy","floor":29.0,"key":"SMITH"},{"floor":32.0,"key":"REST"},{"floor":40.0,"key":"REST"}],"circlet_count":0,"master_deck":["AscendersBane","Strike_G","Strike_G","Strike_G","Defend_G","Defend_G","Defend_G+1","Defend_G","Defend_G","Survivor","Neutralize","Underhanded Strike","Footwork","After Image","Storm of Steel+1","Acrobatics","A Thousand Cuts","Phantasmal Killer","Accuracy+1","Storm of Steel+1","Infinite Blades","Venomology","Deflect+1"],"relics":["Ring of the Snake","Ginger","Bird Faced Urn","Lizard Tail","HornCleat","War Paint","Tingsha","Busted Crown","Old Coin","Darkstone Periapt","HandDrill","Anchor","HoveringKite","Red Mask","Dream Catcher"],"acts_visited":["Exordium","TheCity","TheBeyond"],"potions_floor_usage":[41],"damage_taken":[{"damage":0.0,"enemies":"2 Louse","floor":1.0,"turns":2.0},{"damage":0.0,"enemies":"Cultist","floor":2.0,"turns":4.0},{"damage":9.0,"enemies":"Small Slimes","floor":5.0,"turns":4.0},{"damage":40.0,"enemies":"Gremlin Nob","floor":6.0,"turns":6.0},{"damage":32.0,"enemies":"3 Sentries","floor":8.0,"turns":17.0},{"damage":1.0,"enemies":"Looter","floor":11.0,"turns":4.0},{"damage":3.0,"enemies":"Lots of Slimes","floor":12.0,"turns":5.0},{"damage":11.0,"enemies":"Gremlin Nob","floor":14.0,"turns":4.0},{"damage":33.0,"enemies":"The Guardian","floor":16.0,"turns":11.0},{"damage":15.0,"enemies":"Chosen","floor":18.0,"turns":5.0},{"damage":31.0,"enemies":"2 Thieves","floor":20.0,"turns":5.0},{"damage":21.0,"enemies":"Centurion and Healer","floor":21.0,"turns":6.0},{"damage":45.0,"enemies":"Slavers","floor":25.0,"turns":5.0},{"damage":18.0,"enemies":"Snake Plant","floor":27.0,"turns":5.0},{"damage":27.0,"enemies":"Book of Stabbing","floor":31.0,"turns":4.0},{"damage":41.0,"enemies":"Champ","floor":33.0,"turns":8.0},{"damage":0.0,"enemies":"Orb Walker","floor":35.0,"turns":2.0},{"damage":23.0,"enemies":"Giant Head","floor":38.0,"turns":6.0},{"damage":15.0,"enemies":"3 Darklings","floor":39.0,"turns":5.0},{"damage":39,"enemies":"Nemesis","floor":41,"turns":8}],"seed_played":"-482621653536941393","potions_obtained":[{"floor":5.0,"key":"Weak Potion"},{"floor":6.0,"key":"Fire Potion"},{"floor":11.0,"key":"Explosive Potion"},{"floor":16.0,"key":"Ancient Potion"},{"floor":18.0,"key":"Dexterity Potion"},{"floor":21.0,"key":"Energy Potion"},{"floor":31.0,"key":"Fire Potion"},{"floor":38.0,"key":"SteroidPotion"},{"floor":39.0,"key":"DistilledChaos"}],"is_trial":true,"path_per_floor":["M","M","?","$","M","E","R","E","T","?","M","M","R","E","R","B",null,"M","$","M","M","?","R","R","E","T","M","R","R","$","E","R","B",null,"M","?","?","E","M","R","E"],"character_chosen":"THE_SILENT","items_purchased":["Accuracy","Infinite Blades","HandDrill"],"campfire_rested":8,"item_purchase_floors":[19,30,30],"current_hp_per_floor":[59,59,59,59,50,10,29,1,1,1,4,5,24,17,36,9,52,43,43,20,5,5,24,43,6,6,31,50,50,50,31,50,19,54,58,58,33,20,15,34,3,3],"gold":225,"neow_bonus":"","is_daily":false,"chose_seed":false,"campfire_upgraded":1,"win_rate":0.0,"timestamp":1610500869,"path_taken":["M","M","?","$","?","E","R","E","T","?","?","M","R","E","R","BOSS","M","$","M","?","?","R","R","E","T","M","R","R","$","?","R","BOSS","M","?","?","?","?","R","E"],"items_purchased_type":["Card","Card","Relic"],"build_version":"2020-12-22","purchased_purges":3,"victory":false,"max_hp_per_floor":[66,66,66,66,66,66,66,66,66,66,66,66,66,66,66,66,66,66,66,66,66,66,66,66,66,66,66,66,66,66,66,66,66,66,66,66,66,66,66,66,66,66],"card_choices":[{"not_picked":["Dodge and Roll","Outmaneuver"],"picked":"Underhanded Strike","floor":1.0},{"not_picked":["Dodge and Roll","Setup"],"picked":"Footwork","floor":2.0},{"not_picked":["Well Laid Plans","Expertise","Dash"],"picked":"SKIP","floor":5.0},{"not_picked":["Bullet Time","Malaise"],"picked":"After Image","floor":6.0},{"not_picked":["Doppelganger","Burst"],"picked":"Storm of Steel","floor":8.0},{"not_picked":["Prepared","Deadly Poison"],"picked":"Acrobatics","floor":11.0},{"not_picked":["Quick Slash","Deadly Poison","Reflex"],"picked":"SKIP","floor":12.0},{"not_picked":["Night Terror","After Image"],"picked":"A Thousand Cuts","floor":14.0},{"not_picked":["Grand Finale","Bullet Time"],"picked":"Phantasmal Killer","floor":16.0},{"not_picked":["Quick Slash+1"],"picked":"SKIP","floor":18.0},{"not_picked":["Bane+1"],"picked":"SKIP","floor":20.0},{"not_picked":["PiercingWail"],"picked":"SKIP","floor":21.0},{"not_picked":["After Image"],"picked":"SKIP","floor":25.0},{"not_picked":["Bane"],"picked":"SKIP","floor":27.0},{"not_picked":["Bullet Time"],"picked":"SKIP","floor":31.0},{"not_picked":[],"picked":"Venomology","floor":33.0},{"not_picked":["Flechettes"],"picked":"SKIP","floor":35.0},{"not_picked":["Unload"],"picked":"SKIP","floor":38.0},{"not_picked":["Riddle With Holes"],"picked":"SKIP","floor":39.0},{"not_picked":[],"picked":"Deflect+1","floor":40.0}],"player_experience":76052,"relics_obtained":[{"floor":6.0,"key":"Bird Faced Urn"},{"floor":8.0,"key":"Lizard Tail"},{"floor":9.0,"key":"HornCleat"},{"floor":14.0,"key":"Tingsha"},{"floor":25.0,"key":"Old Coin"},{"floor":26.0,"key":"Darkstone Periapt"},{"floor":31.0,"key":"Anchor"},{"floor":38.0,"key":"Dream Catcher"}],"event_choices":[{"damage_healed":0.0,"max_hp_gain":0.0,"max_hp_loss":0.0,"gold_gain":0.0,"event_name":"Wheel of Change","player_choice":"Cursed","floor":3.0,"gold_loss":0.0,"damage_taken":0.0,"cards_obtained":["Decay"]},{"damage_healed":0.0,"max_hp_gain":0.0,"max_hp_loss":0.0,"gold_gain":0.0,"event_name":"Dead Adventurer","player_choice":"Searched \u00271\u0027 times","floor":10.0,"gold_loss":0.0,"damage_taken":0.0,"relics_obtained":["War Paint"]},{"damage_healed":0.0,"max_hp_gain":0.0,"max_hp_loss":0.0,"gold_gain":0.0,"event_name":"Duplicator","player_choice":"Copied","floor":22.0,"gold_loss":0.0,"damage_taken":0.0,"cards_obtained":["Storm of Steel"]},{"damage_healed":0.0,"max_hp_gain":0.0,"max_hp_loss":0.0,"gold_gain":0.0,"event_name":"Tomb of Lord Red Mask","player_choice":"Paid","floor":36.0,"gold_loss":241.0,"damage_taken":0.0,"relics_obtained":["Red Mask"]},{"damage_healed":0.0,"max_hp_gain":0.0,"max_hp_loss":0.0,"gold_gain":0.0,"event_name":"betterThird:BetterPortal","player_choice":"Random: Green","floor":37.0,"gold_loss":0.0,"damage_taken":0.0},{"damage_healed":0.0,"max_hp_gain":0.0,"max_hp_loss":0.0,"gold_gain":180.0,"event_name":"Knowing Skull","player_choice":"GOLD POTION GOLD ","floor":37.0,"potions_obtained":["Dexterity Potion"],"gold_loss":0.0,"damage_taken":25.0,"cards_obtained":[]}],"is_beta":false,"boss_relics":[{"not_picked":["Philosopher\u0027s Stone","Runic Dome"],"picked":"Busted Crown"},{"not_picked":["Cursed Key","Ring of the Serpent"],"picked":"HoveringKite"}],"items_purged_floors":[4,19,30],"is_endless":true,"potions_floor_spawned":[5,6,11,16,18,21,31,38,39],"killed_by":"Nemesis","ascension_level":20}}