{"host":"grli52lbdph2722t","time":1610557656,"event":{"mods":["AchievementEnabler","BaseMod","Downfall","Minty Spire (QoL Compilation)","Quick Restart","StSLib"],"gold_per_floor":[99,116,416,432,432,432,432,445,473,487,518,518,518,528,542,542,542,542],"floor_reached":16,"language":"ENG","playtime":624,"items_purged":[],"score":162,"play_id":"847fe3a8-9408-428f-834d-5a7cad54b171","local_time":"20210113180736","is_ascension_mode":true,"campfire_choices":[{"data":"Guardian:TwinSlam","floor":1,"key":"SMITH"},{"data":"Guardian:PolyBeam","floor":6,"key":"SMITH"}],"circlet_count":0,"master_deck":["Guardian:Strike_Guardian","Guardian:Strike_Guardian","Guardian:Strike_Guardian","Guardian:Defend_Guardian","Guardian:Defend_Guardian","Guardian:Defend_Guardian","Guardian:Defend_Guardian","Guardian:CurlUp","Guardian:TwinSlam+1","Doubt","Guardian:ShieldCharger","downfall:Icky","downfall:Icky","Guardian:PolyBeam+1","Guardian:Gem_Green","Guardian:Gem_Red","Guardian:Repulse","Guardian:ChargeCore","Guardian:VentSteam","Guardian:Gem_Synthetic","Guardian:Gem_Yellow","Guardian:Gem_White","Guardian:Gem_Blue","Guardian:Gem_Purple","Guardian:Gem_Crimson","Guardian:GemFire","Guardian:Planning"],"relics":["Guardian:ModeShifter","Du-Vu Doll","Guardian:PickAxe","CaptainsWheel","Vajra","Guardian:SackOfGems","downfall:BrokenWingStatue"],"acts_visited":["Exordium"],"potions_floor_usage":[16],"damage_taken":[{"damage":7,"enemies":"Jaw Worm","floor":2,"turns":5},{"damage":4,"enemies":"Small Slimes","floor":4,"turns":4},{"damage":14,"enemies":"Small Slimes","floor":5,"turns":6},{"damage":0,"enemies":"2 Louse","floor":8,"turns":2},{"damage":20,"enemies":"3 Sentries","floor":9,"turns":8},{"damage":3,"enemies":"Blue Slaver","floor":10,"turns":3},{"damage":18,"enemies":"Gremlin Nob","floor":11,"turns":3},{"damage":7,"enemies":"Exordium Wildlife","floor":14,"turns":4},{"damage":5,"enemies":"3 Louse","floor":15,"turns":2},{"damage":21,"enemies":"ArchetypeAct1Statuses","floor":16,"turns":4}],"seed_played":"4371133650382286647","potions_obtained":[{"floor":4,"key":"Fruit Juice"},{"floor":10,"key":"FairyPotion"},{"floor":14,"key":"Guardian:AcceleratePotion"}],"is_trial":false,"path_per_floor":["R","M","?","M","?","R","T","M","E","M","E","?","?","M","M","B"],"character_chosen":"GUARDIAN","items_purchased":[],"campfire_rested":0,"item_purchase_floors":[],"current_hp_per_floor":[72,65,65,61,35,35,35,35,15,12,24,24,24,17,12,0,0,0],"gold":542,"neow_bonus":"ONE_RARE_RELIC","is_daily":false,"chose_seed":false,"campfire_upgraded":2,"win_rate":0.0,"timestamp":1610557656,"path_taken":["R","M","?","M","?","R","T","M","E","M","E","?","?","M","M","BOSS"],"items_purchased_type":[],"build_version":"2020-12-22","purchased_purges":0,"victory":false,"max_hp_per_floor":[80,80,80,80,80,80,80,80,80,80,80,80,80,80,80,85,85,85],"card_choices":[{"not_picked":["Guardian:Gem_Cyan","Guardian:GuardianWhirl"],"picked":"Guardian:ShieldCharger","floor":2},{"not_picked":["Guardian:Gem_Lightblue","Guardian:Gem_Yellow"],"picked":"Guardian:PolyBeam","floor":4},{"not_picked":["Guardian:TemporalShield","Guardian:ChargeCore"],"picked":"Guardian:Repulse","floor":8},{"not_picked":["Guardian:PolyBeam","Guardian:Gem_Yellow"],"picked":"Guardian:ChargeCore","floor":9},{"not_picked":["Guardian:Planning","Guardian:TimeCapacitor"],"picked":"Guardian:VentSteam","floor":10},{"not_picked":["Guardian:Gem_Cyan","Guardian:TemporalStrike"],"picked":"Guardian:Gem_Crimson","floor":11},{"not_picked":["Guardian:TemporalShield","Guardian:CrystalBeam"],"picked":"Guardian:GemFire","floor":14},{"not_picked":["Guardian:Gem_Blue","Guardian:ChargeUp"],"picked":"Guardian:Planning","floor":15}],"player_experience":4984786,"relics_obtained":[{"floor":7,"key":"CaptainsWheel"},{"floor":9,"key":"Vajra"},{"floor":11,"key":"Guardian:SackOfGems"}],"event_choices":[],"is_beta":false,"boss_relics":[],"items_purged_floors":[],"is_endless":false,"potions_floor_spawned":[4,5,10,14],"killed_by":"ArchetypeAct1Statuses","ascension_level":9}}