{"host":"wghdsg8ym2wc7ov9","time":1610519626,"event":{"mods":["AchievementEnabler","Astrologer","BaseMod","Beaked The Cultist","Better Altar","Better Note","Colored Map","Downfall","Hermit","Highlight Path","Jorbs\u0027s Wanderer Trilogy","KinomotoSakuraMod(????)","Minty Spire (QoL Compilation)","Random Character Button","Relic Stats","SIMod","Shop Mod","StSLib","The Blackbeard","The Bladedancer","The Construct","The Cursed","The Death Knight","The Gatherer","The Hierophant","The Marked","The Mystic","The Necromancer","The Runesmith","The Senshi","The Servant 0.9.4"],"gold_per_floor":[116,116,130,130,150,150,165,190,190,190,190],"floor_reached":10,"language":"ENG","playtime":1476,"items_purged":[],"score":68,"play_id":"c0651dc4-a972-4c75-8345-be2dc22e5599","local_time":"20210112223346","is_ascension_mode":false,"campfire_choices":[],"circlet_count":0,"master_deck":["theSenshi:SailorKick","theSenshi:SailorKick","theSenshi:SailorKick","theSenshi:SailorBlock","theSenshi:SailorBlock","theSenshi:SailorBlock","theSenshi:SailorBlock","theSenshi:RoseThrow","theSenshi:MoonPrismPowerMakeUp+1","theSenshi:PlutosSolemnity","theSenshi:RainbowMoonHeartAche","theSenshi:TallSilhouette","theSenshi:TallSilhouette","theSenshi:SailorMercuryAssists","theSenshi:IWillPunishYou"],"relics":["theSenshi:TransformationBroochRelic","Pyrelight","Pear","Mercury Hourglass"],"acts_visited":["Exordium"],"potions_floor_usage":[8,10],"damage_taken":[{"damage":5,"enemies":"Small Slimes","floor":1,"turns":5},{"damage":2,"enemies":"Jaw Worm","floor":3,"turns":4},{"damage":0,"enemies":"Cultist","floor":5,"turns":4},{"damage":6,"enemies":"Large Slime","floor":7,"turns":10},{"damage":20,"enemies":"3 Sentries","floor":8,"turns":15},{"damage":67,"enemies":"Gremlin Nob","floor":10,"turns":6}],"seed_played":"1039749154860497861","potions_obtained":[{"floor":3,"key":"Explosive Potion"},{"floor":5,"key":"LiquidMemories"}],"is_trial":false,"path_per_floor":["M","?","M","?","M","?","M","E","T","E"],"character_chosen":"THE_SENSHI","items_purchased":[],"campfire_rested":0,"item_purchase_floors":[],"current_hp_per_floor":[70,70,68,68,68,68,62,52,52,0,0],"gold":190,"neow_bonus":"UPGRADE_CARD","is_daily":false,"chose_seed":false,"campfire_upgraded":0,"win_rate":0.0,"timestamp":1610519626,"path_taken":["M","?","M","?","M","?","M","E","T","E"],"items_purchased_type":[],"build_version":"2020-12-22","purchased_purges":0,"victory":false,"max_hp_per_floor":[75,75,75,75,75,75,75,85,85,85,85],"relic_stats":{"counters":[6,44],"obtain_stats":[{"theSenshi:TransformationBroochRelic":0,"Pear":8,"Pyrelight":6,"Mercury Hourglass":9},{"theSenshi:TransformationBroochRelic":0,"Pear":5,"Pyrelight":3,"Mercury Hourglass":5},{"theSenshi:TransformationBroochRelic":0,"Pear":38,"Pyrelight":13,"Mercury Hourglass":38}],"Mercury Hourglass":[18]},"card_choices":[{"not_picked":["theSenshi:TuxedoSmokingBomber","theSenshi:MoonPunch"],"picked":"theSenshi:PlutosSolemnity","floor":1},{"not_picked":["theSenshi:SailorMarsAssists","theSenshi:EncouragingSpeech"],"picked":"theSenshi:TallSilhouette","floor":3},{"not_picked":["theSenshi:MoonPower","theSenshi:SailorVenusAssists"],"picked":"theSenshi:TallSilhouette","floor":5},{"not_picked":["theSenshi:SailorPlutoAssists","theSenshi:TallSilhouette"],"picked":"theSenshi:SailorMercuryAssists","floor":7},{"not_picked":["theSenshi:LunasBite","theSenshi:TuxedoSmokingBomber"],"picked":"theSenshi:IWillPunishYou","floor":8}],"player_experience":683683,"relics_obtained":[{"floor":8,"key":"Pear"},{"floor":9,"key":"Mercury Hourglass"}],"event_choices":[{"damage_healed":0,"gold_gain":0,"cards_transformed":["theSenshi:SailorKick"],"player_choice":"Change","damage_taken":0,"max_hp_gain":0,"max_hp_loss":0,"event_name":"Living Wall","floor":2,"gold_loss":0,"cards_obtained":["theSenshi:RainbowMoonHeartAche"]},{"damage_healed":0,"gold_gain":0,"player_choice":"Ignored","damage_taken":0,"max_hp_gain":0,"max_hp_loss":0,"event_name":"Golden Wing","floor":4,"gold_loss":0}],"is_beta":false,"boss_relics":[],"items_purged_floors":[],"is_endless":false,"potions_floor_spawned":[3,5],"killed_by":"Gremlin Nob","ascension_level":0}}