{"host":"pi8b3ffzwvxqztac","time":1610500542,"event":{"mods":["BaseMod","Colored Map","Downfall","Minty Spire (QoL Compilation)","StSLib","The Jungle"],"gold_per_floor":[114,134,154,167,167,167,201,201,201,201,7,27,27,42,42,143,143,158,174,136,136,136,136,154,154,204,232,250,45,78,78,78,173,173,188,188,188,198,211,211,231,231,231,260,276,290,290,307,307,307],"floor_reached":51,"language":"ENG","playtime":3092,"items_purged":[],"score":744,"play_id":"7a34cc6b-907b-429b-82f2-ba51dfac4ab1","local_time":"20210113141542","is_ascension_mode":false,"campfire_choices":[{"data":"Twin Strike","floor":6.0,"key":"SMITH"},{"data":"Iron Wave","floor":8.0,"key":"SMITH"},{"data":"Combust","floor":10.0,"key":"SMITH"},{"data":"Twin Strike","floor":15.0,"key":"SMITH"},{"floor":23.0,"key":"DIG"},{"floor":25.0,"key":"REST"},{"data":"Berserk","floor":32.0,"key":"SMITH"},{"data":"Reaper","floor":40.0,"key":"SMITH"},{"floor":42,"key":"DIG"},{"floor":47,"key":"DIG"},{"floor":49,"key":"DIG"}],"circlet_count":0,"master_deck":["Strike_R+1","Strike_R+1","Defend_R+1","Defend_R","Defend_R","Bash+1","Twin Strike+1","Fire Breathing+1","Iron Wave+1","Combust+1","Thunderclap","Twin Strike+1","Warcry+1","Warcry+1","Reaper+1","Blood for Blood+1","Dual Wield+1","Offering+1","Armaments+1","Inflame","Thunderclap+1","Rupture+1","Berserk+1","True Grit+1","Feed","Pommel Strike","Metallicize+1","Cleave+1","Anger+1","Reckless Charge","Bloodletting+1","Clothesline+1"],"relics":["Black Blood","Toxic Egg 2","Matryoshka","Blood Vial","Astrolabe","theJungle:BirthdayCakeSlice","Shovel","Paper Frog","Centennial Puzzle","Whetstone","Bottled Lightning","Strawberry","hexamod:BolsterEngine","Orichalcum","Anchor","Pantograph","Pear","Guardian:PocketSentry","Bronze Scales"],"acts_visited":["Exordium","Exordium","TheBeyond"],"potions_floor_usage":[50,50,50],"damage_taken":[{"damage":1.0,"enemies":"Cultist","floor":1.0,"turns":4.0},{"damage":10.0,"enemies":"Jaw Worm","floor":2.0,"turns":4.0},{"damage":0.0,"enemies":"2 Louse","floor":3.0,"turns":3.0},{"damage":9.0,"enemies":"Large Slime","floor":4.0,"turns":7.0},{"damage":30.0,"enemies":"Lagavulin","floor":7.0,"turns":7.0},{"damage":9.0,"enemies":"Exordium Wildlife","floor":12.0,"turns":3.0},{"damage":12.0,"enemies":"Looter","floor":14.0,"turns":2.0},{"damage":12.0,"enemies":"Slime Boss","floor":16.0,"turns":6.0},{"damage":38.0,"enemies":"theJungle:GiantWrat","floor":18.0,"turns":5.0},{"damage":21.0,"enemies":"theJungle:MUSHROOMGANG","floor":19.0,"turns":4.0},{"damage":31.0,"enemies":"theJungle:Snecko_Cultist_And_Trap","floor":24.0,"turns":6.0},{"damage":9.0,"enemies":"theJungle:2_Phrogs","floor":27.0,"turns":5.0},{"damage":16.0,"enemies":"theJungle:2_Snecko_Cultists","floor":28.0,"turns":3.0},{"damage":15.0,"enemies":"theJungle:MamaSnecko","floor":30.0,"turns":4.0},{"damage":21.0,"enemies":"theJungle:FunGuy","floor":33.0,"turns":7.0},{"damage":24.0,"enemies":"Orb Walker","floor":35.0,"turns":4.0},{"damage":55.0,"enemies":"3 Darklings","floor":38.0,"turns":5.0},{"damage":8.0,"enemies":"Transient","floor":39.0,"turns":5.0},{"damage":22,"enemies":"4 Shapes","floor":41,"turns":4},{"damage":45,"enemies":"Giant Head","floor":44,"turns":7},{"damage":16,"enemies":"Jaw Worm Horde","floor":45,"turns":3},{"damage":28,"enemies":"Sphere and 2 Shapes","floor":46,"turns":4},{"damage":9,"enemies":"Transient","floor":48,"turns":5},{"damage":65,"enemies":"Time Eater","floor":50,"turns":7}],"seed_played":"341816994503220584","potions_obtained":[{"floor":2.0,"key":"Block Potion"},{"floor":12.0,"key":"GamblersBrew"},{"floor":14.0,"key":"SteroidPotion"},{"floor":16.0,"key":"AttackPotion"},{"floor":24.0,"key":"LiquidMemories"},{"floor":27.0,"key":"AttackPotion"},{"floor":30.0,"key":"Ancient Potion"},{"floor":35.0,"key":"Ancient Potion"},{"floor":38.0,"key":"sneckomod:MuddlingPotion"},{"floor":46,"key":"LiquidMemories"}],"is_trial":false,"path_per_floor":["M","M","M","M","?","R","E","R","T","R","$","M","?","M","R","B",null,"M","M","$","?","?","R","M","R","T","E","M","$","E","?","R","B",null,"M","?","?","M","M","R","M","R","T","E","M","M","R","M","R","B",null],"character_chosen":"IRONCLAD","items_purchased":["Blood Vial","Twin Strike","Inflame","Strawberry","True Grit+1"],"campfire_rested":1,"item_purchase_floors":[11,11,20,29,29],"current_hp_per_floor":[88,84,88,85,85,85,61,61,61,61,61,60,42,38,38,34,88,62,65,65,70,70,70,63,90,90,93,83,90,91,91,91,78,100,88,88,88,55,73,73,86,86,86,83,110,97,97,112,112,76],"gold":307,"neow_bonus":"TEN_PERCENT_HP_BONUS","is_daily":false,"chose_seed":false,"campfire_upgraded":6,"win_rate":0.0,"timestamp":1610500542,"path_taken":["M","M","?","M","?","R","E","R","T","R","$","M","?","M","R","BOSS","M","M","$","?","?","R","M","R","T","E","M","?","E","?","R","BOSS","M","?","?","M","?","R","M","R","T","E","M","M","R","M","R","BOSS"],"items_purchased_type":["Relic","Card","Card","Relic","Card"],"build_version":"2020-12-22","purchased_purges":0,"victory":true,"max_hp_per_floor":[88,88,88,88,88,88,88,88,88,88,88,88,88,88,88,88,88,88,88,88,93,93,93,93,93,93,93,93,100,100,100,100,100,100,100,100,100,100,100,100,100,100,100,110,110,113,113,113,113,113],"card_choices":[{"not_picked":["Headbutt","Feel No Pain"],"picked":"Twin Strike","floor":1.0},{"not_picked":["Entrench","Headbutt"],"picked":"Fire Breathing","floor":2.0},{"not_picked":["Anger","Body Slam"],"picked":"Iron Wave","floor":3.0},{"not_picked":["Warcry","Clash"],"picked":"Combust","floor":4.0},{"not_picked":["Anger","Burning Pact+1"],"picked":"Thunderclap","floor":7.0},{"not_picked":["Bludgeon","Burning Pact+1"],"picked":"Warcry+1","floor":12.0},{"not_picked":["Twin Strike","Rampage"],"picked":"Warcry+1","floor":14.0},{"not_picked":["Feed","Double Tap+1"],"picked":"Reaper","floor":16.0},{"not_picked":["Anger","Dropkick","Thunderclap"],"picked":"SKIP","floor":18.0},{"not_picked":["Sword Boomerang","Clash"],"picked":"Armaments+1","floor":19.0},{"not_picked":["Sever Soul","Carnage"],"picked":"Thunderclap+1","floor":24.0},{"not_picked":["Rage+1","Battle Trance+1"],"picked":"Rupture+1","floor":27.0},{"not_picked":["Inflame","Cleave"],"picked":"Berserk","floor":28.0},{"not_picked":["Iron Wave","Barricade","Twin Strike"],"picked":"SKIP","floor":30.0},{"not_picked":["Barricade","Corruption"],"picked":"Feed","floor":33.0},{"not_picked":["Rampage","True Grit+1"],"picked":"Pommel Strike","floor":35.0},{"not_picked":["Inflame+1","Clothesline+1"],"picked":"Metallicize+1","floor":38.0},{"not_picked":["Feel No Pain","Anger+1"],"picked":"Cleave+1","floor":39.0},{"not_picked":["Fire Breathing+1","Armaments+1"],"picked":"Anger+1","floor":41},{"not_picked":["Cleave+1","Body Slam","Entrench+1"],"picked":"SKIP","floor":44},{"not_picked":["Flex+1","Pommel Strike+1"],"picked":"Reckless Charge","floor":45},{"not_picked":["Second Wind+1","Dropkick+1"],"picked":"Bloodletting+1","floor":46},{"not_picked":["Body Slam","Feel No Pain"],"picked":"Clothesline+1","floor":48}],"player_experience":518081,"relics_obtained":[{"floor":7.0,"key":"Toxic Egg 2"},{"floor":9.0,"key":"Matryoshka"},{"floor":23.0,"key":"Paper Frog"},{"floor":26.0,"key":"Centennial Puzzle"},{"floor":26.0,"key":"Whetstone"},{"floor":27.0,"key":"Bottled Lightning"},{"floor":30.0,"key":"hexamod:BolsterEngine"},{"floor":42,"key":"Orichalcum"},{"floor":43,"key":"Anchor"},{"floor":43,"key":"Pantograph"},{"floor":44,"key":"Pear"},{"floor":47,"key":"Guardian:PocketSentry"},{"floor":49,"key":"Bronze Scales"}],"event_choices":[{"damage_healed":0.0,"max_hp_gain":0.0,"max_hp_loss":0.0,"gold_gain":0.0,"event_name":"Living Wall","player_choice":"Grow","floor":5.0,"gold_loss":0.0,"damage_taken":0.0,"cards_upgraded":["Bash"]},{"damage_healed":0.0,"max_hp_gain":0.0,"max_hp_loss":0.0,"gold_gain":0.0,"event_name":"Shining Light","player_choice":"Entered Light","floor":13.0,"gold_loss":0.0,"damage_taken":18.0,"cards_upgraded":["Fire Breathing","Defend_R"]},{"cards_removed":["Writhe"],"damage_healed":0.0,"max_hp_gain":0.0,"max_hp_loss":0.0,"gold_gain":0.0,"event_name":"Fountain of Cleansing","player_choice":"Removed Curses","floor":31.0,"gold_loss":0.0,"damage_taken":0.0},{"damage_healed":0.0,"max_hp_gain":0.0,"max_hp_loss":0.0,"gold_gain":0.0,"event_name":"Tomb of Lord Red Mask","player_choice":"Ignored","floor":36.0,"gold_loss":0.0,"damage_taken":0.0},{"cards_removed":["Strike_R"],"damage_healed":0.0,"max_hp_gain":0.0,"max_hp_loss":0.0,"gold_gain":0.0,"event_name":"Purifier","player_choice":"Purged","floor":37.0,"gold_loss":0.0,"damage_taken":0.0}],"is_beta":false,"boss_relics":[{"not_picked":["Ectoplasm","Velvet Choker"],"picked":"Astrolabe"},{"not_picked":["Calling Bell","Runic Dome"],"picked":"Black Blood"}],"items_purged_floors":[],"is_endless":false,"potions_floor_spawned":[2,12,14,16,24,27,30,35,38,46,48],"ascension_level":0}}