{"host":"cf32014d19ld5mat","time":1610564214,"event":{"mods":["AchievementEnabler","BaseMod","Block Reminder","Minty Spire (QoL Compilation)","Random Character Button","Relic Stats","StSLib"],"gold_per_floor":[109,109,121,132,132,132,232,250,305,305,331,35,45,61,61,159,159,174,99,99,99,109,109,139,139,164,189,208,218,232,258,258,353,353,367,10,28,0,52,82,82,107,107,124,143,143,175,175,175,175,175,175,41,75,75],"floor_reached":56,"language":"ENG","playtime":2323,"items_purged":["Strike_R","Strike_R+1"],"score":1955,"play_id":"e9b02d01-19c6-454d-8681-2b4e0dbfc1ab","local_time":"20210113185654","is_ascension_mode":true,"campfire_choices":[{"data":"Feed","floor":6.0,"key":"SMITH"},{"data":"Armaments","floor":10.0,"key":"SMITH"},{"data":"Anger","floor":15.0,"key":"SMITH"},{"data":"Whirlwind","floor":23.0,"key":"SMITH"},{"data":"Shockwave","floor":25.0,"key":"SMITH"},{"data":"Sentinel","floor":32.0,"key":"SMITH"},{"floor":46,"key":"RECALL"},{"data":"1","floor":49,"key":"LIFT"},{"data":"2","floor":52,"key":"LIFT"}],"circlet_count":0,"master_deck":["AscendersBane","Strike_R+1","Defend_R+1","Defend_R+1","Defend_R+1","Defend_R+1","Bash","Armaments+1","Anger+1","Feed+1","Uppercut","Shockwave+1","Whirlwind+1","Corruption","Shrug It Off+1","Sentinel+1","Demon Form+1","Limit Break","Disarm","Pommel Strike+1","Pommel Strike+1","Feel No Pain"],"relics":["Burning Blood","Regal Pillow","Happy Flower","Lantern","Bag of Preparation","Coffee Dripper","Pocketwatch","Paper Frog","PreservedInsect","Anchor","Mercury Hourglass","Snecko Eye","Girya","Red Mask","Champion Belt","Blue Candle","Ornamental Fan","Akabeko","Bronze Scales"],"acts_visited":["Exordium","TheCity","TheBeyond","TheEnding"],"potions_floor_usage":[55,55],"damage_taken":[{"damage":7.0,"enemies":"Small Slimes","floor":1.0,"turns":3.0},{"damage":0.0,"enemies":"2 Louse","floor":3.0,"turns":4.0},{"damage":0.0,"enemies":"Cultist","floor":4.0,"turns":3.0},{"damage":17.0,"enemies":"2 Fungi Beasts","floor":8.0,"turns":4.0},{"damage":36.0,"enemies":"Gremlin Nob","floor":11.0,"turns":5.0},{"damage":13.0,"enemies":"3 Louse","floor":13.0,"turns":3.0},{"damage":3.0,"enemies":"Gremlin Gang","floor":14.0,"turns":3.0},{"damage":25.0,"enemies":"Hexaghost","floor":16.0,"turns":9.0},{"damage":1.0,"enemies":"3 Byrds","floor":18.0,"turns":4.0},{"damage":4.0,"enemies":"Spheric Guardian","floor":22.0,"turns":4.0},{"damage":14.0,"enemies":"Book of Stabbing","floor":24.0,"turns":5.0},{"damage":0.0,"enemies":"Gremlin Leader","floor":27.0,"turns":3.0},{"damage":0.0,"enemies":"Centurion and Healer","floor":28.0,"turns":4.0},{"damage":0.0,"enemies":"Cultist and Chosen","floor":29.0,"turns":3.0},{"damage":0.0,"enemies":"Shelled Parasite and Fungi","floor":30.0,"turns":5.0},{"damage":0.0,"enemies":"Slavers","floor":31.0,"turns":2.0},{"damage":28.0,"enemies":"Collector","floor":33.0,"turns":6.0},{"damage":0,"enemies":"Orb Walker","floor":35,"turns":3},{"damage":0,"enemies":"3 Shapes","floor":37,"turns":4},{"damage":3,"enemies":"2 Orb Walkers","floor":39,"turns":3},{"damage":2,"enemies":"Giant Head","floor":40,"turns":5},{"damage":31,"enemies":"Nemesis","floor":42,"turns":5},{"damage":1,"enemies":"3 Darklings","floor":44,"turns":4},{"damage":17,"enemies":"Transient","floor":45,"turns":5},{"damage":1,"enemies":"Giant Head","floor":47,"turns":5},{"damage":8,"enemies":"Awakened One","floor":50,"turns":6},{"damage":0,"enemies":"Shield and Spear","floor":54,"turns":3},{"damage":39,"enemies":"The Heart","floor":55,"turns":8}],"seed_played":"2478708442413595103","potions_obtained":[{"floor":1.0,"key":"AttackPotion"},{"floor":8.0,"key":"HeartOfIron"},{"floor":11.0,"key":"BloodPotion"},{"floor":16.0,"key":"LiquidMemories"}],"is_trial":false,"path_per_floor":["M","?","M","M","?","R","?","M","T","R","E","$","M","M","R","B",null,"M","?","?","?","M","R","E","R","T","E","M","M","M","E","R","B",null,"M","$","M","?","?","E","?","E","T","M","M","R","E","?","R","B",null,"R","$","E","B",null],"character_chosen":"IRONCLAD","items_purchased":["Bag of Preparation","Shockwave","Disarm","Girya","Feel No Pain"],"campfire_rested":0,"item_purchase_floors":[12,12,36,36,53],"current_hp_per_floor":[71,76,82,85,78,78,78,71,71,71,45,45,42,49,49,30,83,92,92,92,92,98,98,90,90,90,96,106,116,121,125,125,103,120,125,125,129,129,129,133,133,108,108,117,106,106,115,115,115,113,129,129,129,138,136],"gold":75,"neow_bonus":"RANDOM_COMMON_RELIC","is_daily":false,"chose_seed":false,"campfire_upgraded":6,"win_rate":0.0,"timestamp":1610564214,"path_taken":["M","?","M","M","?","R","?","M","T","R","E","$","?","M","R","BOSS","M","?","?","?","M","R","E","R","T","E","?","M","M","E","R","BOSS","M","$","M","?","?","E","?","E","T","?","M","R","E","?","R","BOSS","R","$","E","BOSS"],"items_purchased_type":["Relic","Card","Card","Relic","Card"],"build_version":"2020-12-22","purchased_purges":2,"victory":true,"max_hp_per_floor":[80,85,85,85,85,85,85,89,89,89,93,93,97,101,101,101,101,105,105,105,105,109,109,109,109,109,109,113,117,121,125,125,125,125,125,125,129,129,129,133,133,133,133,137,137,137,141,134,134,134,134,134,134,138,142],"relic_stats":{"Regal Pillow":0,"Happy Flower":[35],"counters":[28,121],"Blue Candle":[0],"PreservedInsect":475,"Bag of Preparation":[46],"Burning Blood":139,"Mercury Hourglass":[214],"Ornamental Fan":[36],"Bronze Scales":[96],"Snecko Eye":[97,103,97,96],"Champion Belt":[30],"obtain_stats":[{"Girya":36,"Regal Pillow":0,"Lantern":11,"Happy Flower":9,"Blue Candle":40,"PreservedInsect":26,"Bag of Preparation":12,"Burning Blood":0,"Akabeko":47,"Mercury Hourglass":31,"Anchor":27,"Ornamental Fan":42,"Bronze Scales":54,"Snecko Eye":34,"Coffee Dripper":17,"Red Mask":38,"Champion Belt":39,"Pocketwatch":21,"Paper Frog":24},{"Girya":18,"Regal Pillow":0,"Lantern":5,"Happy Flower":4,"Blue Candle":21,"PreservedInsect":11,"Bag of Preparation":5,"Burning Blood":0,"Akabeko":25,"Mercury Hourglass":16,"Anchor":12,"Ornamental Fan":22,"Bronze Scales":27,"Snecko Eye":17,"Coffee Dripper":8,"Red Mask":19,"Champion Belt":20,"Pocketwatch":9,"Paper Frog":11},{"Girya":73,"Regal Pillow":0,"Lantern":19,"Happy Flower":14,"Blue Candle":85,"PreservedInsect":47,"Bag of Preparation":19,"Burning Blood":0,"Akabeko":104,"Mercury Hourglass":64,"Anchor":50,"Ornamental Fan":90,"Bronze Scales":113,"Snecko Eye":70,"Coffee Dripper":34,"Red Mask":77,"Champion Belt":80,"Pocketwatch":38,"Paper Frog":47}],"Pocketwatch":[54]},"card_choices":[{"not_picked":["Inflame","Power Through"],"picked":"Armaments","floor":1.0},{"not_picked":["Body Slam","Burning Pact"],"picked":"Anger","floor":3.0},{"not_picked":["Seeing Red","True Grit"],"picked":"Feed","floor":4.0},{"not_picked":["Heavy Blade","Anger","Armaments"],"picked":"SKIP","floor":8.0},{"not_picked":["Shrug It Off","Armaments"],"picked":"Uppercut","floor":11.0},{"not_picked":["Reckless Charge","Shockwave","Flex"],"picked":"SKIP","floor":13.0},{"not_picked":["Sword Boomerang","Heavy Blade"],"picked":"Whirlwind","floor":14.0},{"not_picked":["Juggernaut","Brutality"],"picked":"Corruption","floor":16.0},{"not_picked":["Sword Boomerang","Blood for Blood+1","Twin Strike+1"],"picked":"SKIP","floor":18.0},{"not_picked":["Iron Wave","Wild Strike","Clothesline+1"],"picked":"SKIP","floor":22.0},{"not_picked":["Fire Breathing","Offering"],"picked":"Shrug It Off+1","floor":24.0},{"not_picked":["Flame Barrier","Clothesline","Warcry"],"picked":"SKIP","floor":27.0},{"not_picked":["Heavy Blade+1","True Grit"],"picked":"Sentinel","floor":28.0},{"not_picked":["Havoc","Bloodletting","Flex"],"picked":"SKIP","floor":29.0},{"not_picked":["Flex+1","Armaments"],"picked":"Demon Form","floor":30.0},{"not_picked":["Pommel Strike","Body Slam+1","Sword Boomerang+1"],"picked":"SKIP","floor":31.0},{"not_picked":["Offering","Corruption"],"picked":"Limit Break","floor":33.0},{"not_picked":["Shockwave","Thunderclap+1","Warcry"],"picked":"SKIP","floor":35},{"not_picked":["Flex+1","Bloodletting+1","Dark Embrace+1"],"picked":"SKIP","floor":37},{"not_picked":["Seeing Red+1","Warcry+1"],"picked":"Pommel Strike+1","floor":39},{"not_picked":["Clash","Heavy Blade","Warcry+1"],"picked":"SKIP","floor":40},{"not_picked":["Dual Wield+1","Heavy Blade"],"picked":"Pommel Strike+1","floor":42},{"not_picked":["Flame Barrier+1","Second Wind+1","Perfected Strike+1"],"picked":"SKIP","floor":44},{"not_picked":["Inflame+1","Thunderclap","Anger"],"picked":"SKIP","floor":45},{"not_picked":["Perfected Strike+1","Rage+1","Demon Form"],"picked":"SKIP","floor":47},{"not_picked":["Combust+1","Wild Strike+1","Havoc"],"picked":"SKIP","floor":54}],"player_experience":967817,"relics_obtained":[{"floor":9.0,"key":"Happy Flower"},{"floor":11.0,"key":"Lantern"},{"floor":21.0,"key":"Pocketwatch"},{"floor":24.0,"key":"Paper Frog"},{"floor":26.0,"key":"PreservedInsect"},{"floor":27.0,"key":"Anchor"},{"floor":31.0,"key":"Mercury Hourglass"},{"floor":39,"key":"Champion Belt"},{"floor":40,"key":"Blue Candle"},{"floor":42,"key":"Ornamental Fan"},{"floor":47,"key":"Akabeko"},{"floor":54,"key":"Bronze Scales"}],"event_choices":[{"damage_healed":0.0,"max_hp_gain":5.0,"max_hp_loss":0.0,"gold_gain":0.0,"event_name":"Big Fish","player_choice":"Donut","floor":2.0,"gold_loss":0.0,"damage_taken":0.0},{"cards_removed":["Strike_R"],"damage_healed":0.0,"max_hp_gain":0.0,"max_hp_loss":0.0,"gold_gain":0.0,"event_name":"Golden Wing","player_choice":"Card Removal","floor":5.0,"gold_loss":0.0,"damage_taken":7.0},{"damage_healed":0.0,"max_hp_gain":0.0,"max_hp_loss":0.0,"gold_gain":100.0,"event_name":"Golden Shrine","player_choice":"Pray","floor":7.0,"gold_loss":0.0,"damage_taken":0.0},{"cards_removed":["Strike_R"],"damage_healed":0.0,"max_hp_gain":0.0,"max_hp_loss":0.0,"gold_gain":0.0,"event_name":"Beggar","player_choice":"Gave Gold","floor":19.0,"gold_loss":75.0,"damage_taken":0.0},{"damage_healed":0.0,"max_hp_gain":0.0,"max_hp_loss":0.0,"gold_gain":0.0,"event_name":"Back to Basics","player_choice":"Simplicity","floor":20.0,"gold_loss":0.0,"damage_taken":0.0,"cards_upgraded":["Strike_R","Strike_R","Defend_R","Defend_R","Defend_R","Defend_R"]},{"damage_healed":0.0,"max_hp_gain":0.0,"max_hp_loss":0.0,"gold_gain":0.0,"event_name":"Wheel of Change","player_choice":"Relic","floor":21.0,"gold_loss":0.0,"damage_taken":0.0},{"damage_healed":0,"gold_gain":0,"player_choice":"Paid","damage_taken":0,"relics_obtained":["Red Mask"],"max_hp_gain":0,"max_hp_loss":0,"event_name":"Tomb of Lord Red Mask","floor":38,"gold_loss":28},{"damage_healed":0,"gold_gain":0,"player_choice":"Fight","damage_taken":0,"max_hp_gain":0,"max_hp_loss":0,"event_name":"Mysterious Sphere","floor":39,"gold_loss":0},{"damage_healed":0,"gold_gain":0,"player_choice":"Upgraded","damage_taken":0,"max_hp_gain":0,"max_hp_loss":0,"event_name":"Upgrade Shrine","floor":41,"gold_loss":0,"cards_upgraded":["Demon Form"]},{"damage_healed":0,"gold_gain":0,"player_choice":"Max HP","damage_taken":0,"max_hp_gain":0,"max_hp_loss":7,"event_name":"Winding Halls","floor":48,"gold_loss":0}],"is_beta":false,"boss_relics":[{"not_picked":["Calling Bell","Philosopher\u0027s Stone"],"picked":"Coffee Dripper"},{"not_picked":["Runic Pyramid","Runic Dome"],"picked":"Snecko Eye"}],"items_purged_floors":[12,53],"is_endless":false,"potions_floor_spawned":[1,8,11,16,18,24,31,37,39,40,47,54],"ascension_level":10}}