{"host":"7f01flv6y0vhl3vt","time":1610568396,"event":{"mods":["Act Like it!","BaseMod","Downfall","Minty Spire (QoL Compilation)","StSLib"],"gold_per_floor":[99,99,99,99,99,114,137,13,23,23,53,53,64,77,93,93,93,93],"floor_reached":16,"language":"ENG","playtime":1754,"items_purged":["Guardian:Defend_Guardian"],"score":100,"play_id":"e783beb4-3b43-4975-965a-5359fbb061c5","local_time":"20210113150636","is_ascension_mode":false,"campfire_choices":[{"floor":1,"key":"RECALL"},{"floor":10,"key":"REST"},{"data":"Guardian:ChargeUp","floor":12,"key":"SMITH"}],"circlet_count":0,"master_deck":["Guardian:Strike_Guardian","Guardian:Strike_Guardian","Guardian:Strike_Guardian","Guardian:Strike_Guardian","Guardian:Defend_Guardian","Guardian:Defend_Guardian","Guardian:Defend_Guardian","Guardian:CurlUp","Guardian:TwinSlam","Guardian:RollAttack+1","Guardian:Planning","Guardian:Reroute","Guardian:Gem_White","Guardian:Gem_Synthetic","Guardian:ChargeUp+1","Guardian:Preprogram","Guardian:Gem_Purple","Guardian:TemporalShield","Guardian:Gem_Blue","Guardian:StasisStrike"],"relics":["Guardian:ModeShifter","downfall:HeartsMalice","PreservedInsect"],"acts_visited":["Exordium"],"potions_floor_usage":[14,16,16,16],"damage_taken":[{"damage":0,"enemies":"2 Louse","floor":2,"turns":1},{"damage":0,"enemies":"Cultist","floor":3,"turns":1},{"damage":0,"enemies":"Jaw Worm","floor":4,"turns":1},{"damage":9,"enemies":"Red Slaver","floor":6,"turns":2},{"damage":5,"enemies":"downfall:FleeingMerchant","floor":8,"turns":4},{"damage":10,"enemies":"Lots of Slimes","floor":9,"turns":2},{"damage":22,"enemies":"Gremlin Nob","floor":11,"turns":4},{"damage":15,"enemies":"2 Fungi Beasts","floor":13,"turns":3},{"damage":14,"enemies":"Large Slime","floor":14,"turns":4},{"damage":17,"enemies":"Gremlin Gang","floor":15,"turns":4},{"damage":13,"enemies":"downfall:Watcher","floor":16,"turns":5}],"seed_played":"-1576204958188318107","potions_obtained":[{"floor":6,"key":"Guardian:BlockOnCardUsePotion"},{"floor":9,"key":"GamblersBrew"},{"floor":11,"key":"BlessingOfTheForge"},{"floor":14,"key":"sneckomod:MuddlingPotion"}],"is_trial":false,"path_per_floor":["R","M","M","M","?","M","T","$","M","R","E","R","M","M","M","B"],"character_chosen":"GUARDIAN","items_purchased":["Guardian:ChargeUp"],"campfire_rested":1,"item_purchase_floors":[8],"current_hp_per_floor":[80,80,80,80,80,71,71,66,56,80,58,58,43,29,12,0,0,0],"gold":93,"neow_bonus":"THREE_ENEMY_KILL","is_daily":false,"chose_seed":false,"campfire_upgraded":1,"win_rate":0.0,"timestamp":1610568396,"path_taken":["R","M","M","M","?","M","T","$","M","R","E","R","M","M","M","BOSS"],"items_purchased_type":["Card"],"build_version":"2020-12-22","purchased_purges":1,"victory":false,"max_hp_per_floor":[80,80,80,80,80,80,80,80,80,80,80,80,80,80,80,80,80,80],"card_choices":[{"not_picked":["Guardian:PrimingBeam","Guardian:TemporalStrike"],"picked":"Guardian:RollAttack","floor":2},{"not_picked":["Guardian:TemporalStrike","Guardian:Incinerate"],"picked":"Guardian:Planning","floor":3},{"not_picked":["Guardian:PiercingHide","Guardian:Planning"],"picked":"Guardian:Reroute","floor":4},{"not_picked":["Guardian:RollAttack","Guardian:TemporalShield"],"picked":"Guardian:Gem_White","floor":6},{"not_picked":["Guardian:FloatingOrbs","Guardian:VentSteam"],"picked":"Guardian:Gem_Synthetic","floor":8},{"not_picked":["Guardian:Suspension","Guardian:WalkerClaw"],"picked":"Guardian:Preprogram","floor":9},{"not_picked":["Guardian:Incinerate","Guardian:Suspension"],"picked":"Guardian:Gem_Purple","floor":11},{"not_picked":["Guardian:PiercingHide","Guardian:PrimingBeam"],"picked":"Guardian:TemporalShield","floor":13},{"not_picked":["Guardian:PiercingHide","Guardian:DonusPower"],"picked":"Guardian:Gem_Blue","floor":14},{"not_picked":["Guardian:SpikerProtocol","Guardian:EvasiveProtocol"],"picked":"Guardian:StasisStrike","floor":15}],"player_experience":1233355,"relics_obtained":[{"floor":11,"key":"PreservedInsect"}],"event_choices":[{"damage_healed":0,"gold_gain":0,"player_choice":"Upgraded","damage_taken":0,"max_hp_gain":0,"max_hp_loss":0,"event_name":"Upgrade Shrine","floor":5,"gold_loss":0,"cards_upgraded":["Guardian:RollAttack"]}],"is_beta":false,"boss_relics":[],"items_purged_floors":[8],"is_endless":false,"potions_floor_spawned":[6,9,11,14],"killed_by":"downfall:Watcher","ascension_level":0}}