{"host":"6swbl1yqdi8v28pk","time":1610574188,"event":{"mods":["AchievementEnabler","BaseMod","Colored Map","Minty Spire (QoL Compilation)","Quick Restart"],"gold_per_floor":[113,113,126,126,145,173,173,200,200,200,125,197,197,229,229,334,334,351,25,35,35,35,35,48,48,99,125,225,225,238,248,248,347,347,358,378,30,41,41,41,54,54,54,67,17,32,58,68,68,68,68,68,17,52,52,52],"floor_reached":55,"language":"SPA","playtime":2518,"items_purged":["Defend_R","Strike_R","Strike_R","Strike_R"],"score":685,"play_id":"cc2b1e23-4638-42ab-92a8-87a0f5794152","local_time":"20210113154308","is_ascension_mode":false,"campfire_choices":[{"data":"Body Slam","floor":7,"key":"SMITH"},{"data":"Entrench","floor":10,"key":"SMITH"},{"floor":13,"key":"REST"},{"data":"Metallicize","floor":15,"key":"SMITH"},{"data":"True Grit","floor":23,"key":"SMITH"},{"data":"Dual Wield","floor":25,"key":"SMITH"},{"floor":29,"key":"REST"},{"data":"Shrug It Off","floor":32,"key":"SMITH"},{"floor":40,"key":"RECALL"},{"floor":49,"key":"REST"},{"data":"Seeing Red","floor":52,"key":"SMITH"}],"circlet_count":0,"master_deck":["Strike_R","Defend_R","Defend_R","Defend_R","Bash","Shrug It Off+1","Dual Wield+1","Clothesline","Metallicize+1","Body Slam+1","Entrench+1","Juggernaut","True Grit+1","Ghostly Armor","Seeing Red+1","Shrug It Off","Battle Trance+1","Impervious","Feel No Pain"],"relics":["Black Blood","NeowsBlessing","Blood Vial","Kunai","Nunchaku","Mercury Hourglass","Turnip","ClockworkSouvenir","Smiling Mask","Gremlin Horn","Busted Crown","Oddly Smooth Stone","PreservedInsect","Singing Bowl","Bottled Tornado","Ice Cream"],"acts_visited":["Exordium","TheCity","TheBeyond","TheEnding"],"potions_floor_usage":[14,16,16,33,47,47,47,54],"damage_taken":[{"damage":0,"enemies":"Jaw Worm","floor":1,"turns":1},{"damage":0,"enemies":"Cultist","floor":3,"turns":1},{"damage":0,"enemies":"Small Slimes","floor":5,"turns":1},{"damage":18,"enemies":"3 Sentries","floor":6,"turns":14},{"damage":26,"enemies":"Lagavulin","floor":8,"turns":10},{"damage":11,"enemies":"Gremlin Nob","floor":14,"turns":5},{"damage":29,"enemies":"Hexaghost","floor":16,"turns":10},{"damage":5,"enemies":"Chosen","floor":18,"turns":5},{"damage":3,"enemies":"Shell Parasite","floor":20,"turns":8},{"damage":8,"enemies":"Centurion and Healer","floor":24,"turns":8},{"damage":59,"enemies":"Slavers","floor":27,"turns":7},{"damage":7,"enemies":"Shelled Parasite and Fungi","floor":30,"turns":5},{"damage":18,"enemies":"Snecko","floor":31,"turns":6},{"damage":9,"enemies":"Automaton","floor":33,"turns":10},{"damage":6,"enemies":"Orb Walker","floor":35,"turns":5},{"damage":14,"enemies":"3 Shapes","floor":36,"turns":3},{"damage":0,"enemies":"Maw","floor":38,"turns":6},{"damage":12,"enemies":"3 Darklings","floor":41,"turns":6},{"damage":0,"enemies":"Spire Growth","floor":44,"turns":5},{"damage":0,"enemies":"Maw","floor":46,"turns":6},{"damage":56,"enemies":"Reptomancer","floor":47,"turns":5},{"damage":9,"enemies":"Jaw Worm Horde","floor":48,"turns":3},{"damage":49,"enemies":"Awakened One","floor":50,"turns":9},{"damage":18,"enemies":"Shield and Spear","floor":54,"turns":8},{"damage":83,"enemies":"The Heart","floor":55,"turns":9}],"seed_played":"-6989101963878197810","potions_obtained":[{"floor":5,"key":"SkillPotion"},{"floor":6,"key":"Explosive Potion"},{"floor":8,"key":"DistilledChaos"},{"floor":30,"key":"Strength Potion"},{"floor":33,"key":"EssenceOfSteel"},{"floor":35,"key":"ColorlessPotion"},{"floor":44,"key":"Block Potion"}],"is_trial":false,"path_per_floor":["M","?","M","?","M","E","R","E","T","R","$","T","R","E","R","B",null,"M","$","M","?","$","R","M","R","T","E","?","R","M","M","R","B",null,"M","M","$","M","?","R","M","?","T","M","$","M","E","M","R","B",null,"R","$","E","B"],"character_chosen":"IRONCLAD","items_purchased":["Ghostly Armor","ClockworkSouvenir","Oddly Smooth Stone","PreservedInsect","Swift Potion"],"campfire_rested":3,"item_purchase_floors":[19,19,37,37,53],"current_hp_per_floor":[80,80,80,80,80,68,68,50,50,50,50,50,74,71,71,50,80,80,80,80,80,80,80,80,80,80,33,33,57,64,60,60,65,80,80,78,78,80,76,76,76,76,76,78,78,80,38,45,70,35,84,84,84,80,0,0],"gold":52,"neow_bonus":"THREE_ENEMY_KILL","is_daily":false,"chose_seed":false,"campfire_upgraded":7,"win_rate":0.0,"timestamp":1610574188,"path_taken":["M","?","?","?","M","E","R","E","T","R","$","?","R","E","R","BOSS","M","$","M","?","$","R","M","R","T","E","?","R","M","M","R","BOSS","M","M","$","?","?","R","M","?","T","M","?","?","E","M","R","BOSS","R","$","E","BOSS"],"items_purchased_type":["Card","Relic","Relic","Relic","Potion"],"build_version":"2020-12-22","purchased_purges":4,"victory":false,"max_hp_per_floor":[80,80,80,80,80,80,80,80,80,80,80,80,80,80,80,80,80,80,80,80,80,80,80,80,80,80,80,80,80,80,80,80,80,80,80,80,80,80,76,76,76,76,76,78,78,80,82,84,84,84,84,84,84,86,86,86],"card_choices":[{"not_picked":["Flex","Clash"],"picked":"Shrug It Off","floor":1},{"not_picked":["Armaments","Wild Strike"],"picked":"Clothesline","floor":3},{"not_picked":["Headbutt","Warcry"],"picked":"Metallicize","floor":5},{"not_picked":["Sword Boomerang","Entrench"],"picked":"Body Slam","floor":6},{"not_picked":["Sever Soul","Exhume"],"picked":"Entrench","floor":8},{"not_picked":["Sword Boomerang","Spot Weakness","Anger"],"picked":"SKIP","floor":14},{"not_picked":["Fiend Fire","Brutality"],"picked":"Juggernaut","floor":16},{"not_picked":["Thunderclap+1","Dual Wield"],"picked":"True Grit","floor":18},{"not_picked":["Clash","Clothesline+1"],"picked":"Seeing Red","floor":20},{"not_picked":["Warcry+1","Sword Boomerang"],"picked":"Shrug It Off","floor":24},{"not_picked":["Seeing Red","Carnage","Thunderclap"],"picked":"SKIP","floor":27},{"not_picked":["Perfected Strike+1","Blood for Blood","Inflame"],"picked":"SKIP","floor":30},{"not_picked":["Berserk","Cleave"],"picked":"Battle Trance+1","floor":31},{"not_picked":["Brutality","Demon Form"],"picked":"Impervious","floor":33},{"not_picked":["Uppercut"],"picked":"SKIP","floor":35},{"not_picked":[],"picked":"Feel No Pain","floor":36},{"not_picked":["Iron Wave+1"],"picked":"SKIP","floor":38},{"not_picked":["Clothesline+1"],"picked":"SKIP","floor":41},{"not_picked":["Combust"],"picked":"Singing Bowl","floor":44},{"not_picked":["Headbutt+1"],"picked":"Singing Bowl","floor":46},{"not_picked":["Pommel Strike"],"picked":"Singing Bowl","floor":47},{"not_picked":["Pommel Strike"],"picked":"Singing Bowl","floor":48},{"not_picked":["Thunderclap+1"],"picked":"Singing Bowl","floor":54}],"player_experience":145713,"relics_obtained":[{"floor":6,"key":"Blood Vial"},{"floor":8,"key":"Kunai"},{"floor":9,"key":"Nunchaku"},{"floor":12,"key":"Mercury Hourglass"},{"floor":14,"key":"Turnip"},{"floor":27,"key":"Gremlin Horn"},{"floor":43,"key":"Singing Bowl"},{"floor":47,"key":"Bottled Tornado"},{"floor":54,"key":"Ice Cream"}],"event_choices":[{"damage_healed":0,"gold_gain":0,"cards_transformed":["Strike_R"],"player_choice":"Transformed","damage_taken":0,"max_hp_gain":0,"max_hp_loss":0,"event_name":"Transmorgrifier","floor":2,"gold_loss":0,"cards_obtained":["Dual Wield"]},{"damage_healed":0,"gold_gain":0,"player_choice":"Leave","damage_taken":0,"max_hp_gain":0,"max_hp_loss":0,"event_name":"FaceTrader","floor":4,"gold_loss":0},{"damage_healed":0,"gold_gain":0,"player_choice":"Opened","damage_taken":0,"relics_obtained":["Smiling Mask"],"max_hp_gain":0,"max_hp_loss":0,"event_name":"The Mausoleum","floor":21,"gold_loss":0},{"damage_healed":0,"gold_gain":100,"player_choice":"Pray","damage_taken":0,"max_hp_gain":0,"max_hp_loss":0,"event_name":"Golden Shrine","floor":28,"gold_loss":0},{"damage_healed":0,"gold_gain":0,"player_choice":"Max HP","damage_taken":0,"max_hp_gain":0,"max_hp_loss":4,"event_name":"Winding Halls","floor":39,"gold_loss":0},{"damage_healed":0,"gold_gain":0,"player_choice":"Ignored","damage_taken":0,"max_hp_gain":0,"max_hp_loss":0,"event_name":"Mysterious Sphere","floor":42,"gold_loss":0}],"is_beta":false,"boss_relics":[{"not_picked":["Calling Bell","SacredBark"],"picked":"Black Blood"},{"not_picked":["Runic Cube","Runic Dome"],"picked":"Busted Crown"}],"items_purged_floors":[11,19,37,45],"is_endless":false,"potions_floor_spawned":[5,6,8,30,33,35,44],"killed_by":"The Heart","ascension_level":0}}