{"host":"v1m5rkjj38qutr02","time":1610536463,"event":{"mods":["Act Like it!","BaseMod","Challenge The Spire","Conspire","Gensokyo","GungeonMod","Hallownest","Minty Spire (QoL Compilation)","Replay The Spire","StSLib","The Bug Knight","Youmu£®ªÍ∆«—˝√Œ£©"],"gold_per_floor":[660,222,250,280,306,306,56,56,56,56],"floor_reached":9,"language":"ZHS","playtime":289,"items_purged":["Strike_B","Strike_B"],"score":113,"play_id":"6723650a-2ef8-42bd-a609-aa45e087acc6","local_time":"20210113191423","daily_mods":["challengethespire:Silver Difficulty","challengethespire:Elite Rush","Uncertain Future"],"is_ascension_mode":true,"campfire_choices":[{"floor":8,"key":"REST"}],"circlet_count":0,"master_deck":["AscendersBane","Strike_B","Strike_B","Defend_B","Defend_B","Defend_B","Defend_B","Zap","Dualcast","Heatsinks","Ball Lightning","Coolheaded","Redo","Apotheosis","Capacitor","Turbo","White Noise"],"relics":["Cracked Core","Black Star","Sling","PreservedInsect","Counterbalance","BargainBundle","Ancient Tea Set","Replay:Bottled Snecko","Regal Pillow","Vajra","Oddly Smooth Stone","Peace Pipe","conspire:Dentures","Philosopher\u0027s Stone","Toolbox"],"acts_visited":["Exordium"],"potions_floor_usage":[4,5],"damage_taken":[{"damage":6.0,"enemies":"3 Sentries","floor":3.0,"turns":5.0},{"damage":23,"enemies":"Lagavulin","floor":4,"turns":5},{"damage":8,"enemies":"Gremlin Nob","floor":5,"turns":3},{"damage":49,"enemies":"Slavers","floor":9,"turns":5}],"seed_played":"8627817655358625782","potions_obtained":[{"floor":4,"key":"PowerPotion"}],"is_trial":true,"path_per_floor":["$","$","E","E","E","T","$","R","E"],"character_chosen":"DEFECT","items_purchased":["Counterbalance","Heatsinks","BargainBundle","Ball Lightning","Coolheaded","Redo","Ancient Tea Set","Explosive Potion","Apotheosis","Swift Potion","Elixir","Toolbox"],"campfire_rested":1,"item_purchase_floors":[1,1,2,2,2,2,2,2,2,2,2,7],"current_hp_per_floor":[68,68,62,39,31,31,31,68,19,19],"gold":56,"neow_bonus":"","is_daily":false,"chose_seed":false,"campfire_upgraded":0,"win_rate":0.0,"timestamp":1610536463,"path_taken":["$","$","E","E","E","T","$","R","E"],"items_purchased_type":["Relic","Card","Relic","Card","Card","Card","Relic","Potion","Card","Potion","Potion","Relic"],"build_version":"2020-12-22","purchased_purges":2,"victory":false,"max_hp_per_floor":[75,75,75,75,75,75,75,75,75,75],"card_choices":[],"player_experience":406222,"relics_obtained":[{"floor":3.0,"key":"Replay:Bottled Snecko"},{"floor":3.0,"key":"Regal Pillow"},{"floor":4,"key":"Vajra"},{"floor":4,"key":"Oddly Smooth Stone"},{"floor":5,"key":"Peace Pipe"},{"floor":5,"key":"conspire:Dentures"}],"event_choices":[],"is_beta":false,"boss_relics":[{"not_picked":["ReplayTheSpireMod:DimensionalGlitch","Kintsugi"],"picked":"Philosopher\u0027s Stone"}],"items_purged_floors":[2,7],"is_endless":false,"potions_floor_spawned":[4],"killed_by":"Slavers","ascension_level":10}}