{"host":"t7mx8yfj1no5p62f","time":1610573475,"event":{"mods":["BaseMod","Bestiary","Colored Map","Colored Powertips","Minty Spire (QoL Compilation)","Relic Stats","StSLib","ojb\u0027s Info Mod"],"gold_per_floor":[111,81,101,115,0,31,81,81,81],"floor_reached":8,"language":"ENG","playtime":232,"items_purged":["Strike_G"],"score":112,"play_id":"b717fb23-3038-44cb-946e-47ce5295a6ba","local_time":"20210113163115","is_ascension_mode":true,"campfire_choices":[],"circlet_count":0,"master_deck":["AscendersBane","Strike_G","Strike_G","Strike_G","Strike_G","Defend_G","Defend_G","Defend_G","Defend_G","Defend_G","Survivor","Neutralize","Skewer","Concentrate","Acrobatics","Infinite Blades","Endless Agony"],"relics":["Ring of the Snake","NeowsBlessing","Oddly Smooth Stone"],"acts_visited":["Exordium"],"potions_floor_usage":[6,8,8],"damage_taken":[{"damage":0,"enemies":"2 Louse","floor":1,"turns":1},{"damage":0,"enemies":"Cultist","floor":3,"turns":1},{"damage":0,"enemies":"Small Slimes","floor":4,"turns":1},{"damage":49,"enemies":"3 Sentries","floor":6,"turns":11},{"damage":11,"enemies":"Lagavulin","floor":8,"turns":5}],"seed_played":"-5001758885848275320","potions_obtained":[{"floor":2,"key":"LiquidBronze"},{"floor":2,"key":"LiquidMemories"},{"floor":3,"key":"FearPotion"},{"floor":6,"key":"SpeedPotion"}],"is_trial":false,"path_per_floor":["M","?","M","M","$","E","?","E"],"character_chosen":"THE_SILENT","items_purchased":["Infinite Blades"],"campfire_rested":0,"item_purchase_floors":[5],"current_hp_per_floor":[59,59,59,59,59,10,10,0,0],"gold":81,"neow_bonus":"THREE_ENEMY_KILL","is_daily":false,"chose_seed":false,"campfire_upgraded":0,"win_rate":0.0,"timestamp":1610573475,"path_taken":["M","?","M","?","$","E","?","E"],"items_purchased_type":["Card"],"build_version":"2020-12-22","purchased_purges":1,"victory":false,"max_hp_per_floor":[66,66,66,66,66,66,66,66,66],"relic_stats":{"counters":[5,19],"obtain_stats":[{"NeowsBlessing":0,"Oddly Smooth Stone":6,"Ring of the Snake":0},{"NeowsBlessing":0,"Oddly Smooth Stone":4,"Ring of the Snake":0},{"NeowsBlessing":0,"Oddly Smooth Stone":14,"Ring of the Snake":0}],"Ring of the Snake":[10]},"card_choices":[{"not_picked":["Deadly Poison","Outmaneuver"],"picked":"Skewer","floor":1},{"not_picked":["Backflip","Accuracy"],"picked":"Concentrate","floor":3},{"not_picked":["Poisoned Stab","Well Laid Plans"],"picked":"Acrobatics","floor":4},{"not_picked":["Bane","Cloak And Dagger"],"picked":"Endless Agony","floor":6}],"player_experience":1751092,"relics_obtained":[{"floor":6,"key":"Oddly Smooth Stone"}],"event_choices":[{"damage_healed":0,"gold_gain":0,"player_choice":"Bought 2 Potions","damage_taken":0,"max_hp_gain":0,"max_hp_loss":0,"event_name":"The Woman in Blue","floor":2,"gold_loss":0},{"damage_healed":0,"gold_gain":50,"player_choice":"Pray","damage_taken":0,"max_hp_gain":0,"max_hp_loss":0,"event_name":"Golden Shrine","floor":7,"gold_loss":0}],"is_beta":false,"boss_relics":[],"items_purged_floors":[5],"is_endless":false,"potions_floor_spawned":[3,6],"killed_by":"Lagavulin","ascension_level":20}}