{"host":"2jftgrhdogeeegvp","time":1610523777,"event":{"mods":["Act Like it!","Arknights The Spire","BaseMod","Colored Map","Downfall","Gensokyo","Marisa£®ÏF”Í°°ƒß¿Ì…≥£©","Minty Spire (QoL Compilation)","READ ME - Guardian Mod","Reimu£®≤©¿ˆ¡È√Œ£©","StSLib","SuperFastMode","The Cursed","The Gatherer","The Mystic"],"gold_per_floor":[110,125,125,135,135,169,94,105,105,120,133,149,178,191,191,296,296,314,314,314,324,341,373,373,373,373,403,419,267,267,44,44,145,145,160,160,160,160,171,202,252,152,152,164,164,164],"floor_reached":45,"language":"ZHS","playtime":2817,"items_purged":["ats:Strike S","Wraith"],"score":545,"play_id":"bb80a2d1-88e1-4553-9a22-d0634e9e89c2","local_time":"20210112234257","is_ascension_mode":false,"campfire_choices":[{"floor":15.0,"key":"RECALL"},{"floor":25.0,"key":"REST"},{"floor":30.0,"key":"REST"},{"floor":32.0,"key":"REST"}],"circlet_count":0,"master_deck":["ats:Strike C","ats:Strike V+1","ats:Armor Crushing Shot","ats:Defend","ats:Defend","ats:Defend+1","ats:Defend","ats:Emotion Absorption","ats:Leaping Hammer","ats:Calcification","ats:Very Hot Blade","ats:Closed Bolt Burst Fire","ats:Charging Defense","ats:Burning Ground","ats:Echo Reverb","ats:Overload","ats:Calcification","ats:Charging Defense","ats:Hammer On+1","ats:Spore Proliferation+1","ats:Shadow Assault","J.A.X.","ats:Dogmatic Field","ats:Healing Strengthening","ats:Very Hot Blade","ats:Calcification","ats:Composite Medical Shells","ats:Volcano","CurseOfTheBell","Sadistic Nature","expansioncontent:CaCaw","expansioncontent:AwakenDeath","ats:Shell Defense+1","ats:Counter Healing Mode+1","ats:Apocalypse+1","ats:Red Shift+1"],"relics":["ats:Sanity","NeowsBlessing","ats:Originium","Darkstone Periapt","ats:Lavender","Fusion Hammer","Nloth\u0027s Gift","MealTicket","ats:Rhine Circuitry","DollysMirror","Calling Bell","Strawberry","ats:Bonebreaker","CaptainsWheel","ats:Spiritual Recovery","TungstenRod","Mastiff:ReiMu"],"acts_visited":["Exordium","TheCity","TheBeyond"],"potions_floor_usage":[40,40],"damage_taken":[{"damage":0.0,"enemies":"2 Louse","floor":1.0,"turns":2.0},{"damage":0.0,"enemies":"Jaw Worm","floor":2.0,"turns":1.0},{"damage":0.0,"enemies":"Cultist","floor":4.0,"turns":1.0},{"damage":20.0,"enemies":"Gremlin Nob","floor":6.0,"turns":4.0},{"damage":13.0,"enemies":"2 Fungi Beasts","floor":8.0,"turns":4.0},{"damage":11.0,"enemies":"Looter","floor":10.0,"turns":4.0},{"damage":12.0,"enemies":"Gremlin Gang","floor":11.0,"turns":48.0},{"damage":14.0,"enemies":"2 Fungi Beasts","floor":12.0,"turns":6.0},{"damage":12.0,"enemies":"3 Sentries","floor":13.0,"turns":7.0},{"damage":12.0,"enemies":"Blue Slaver","floor":14.0,"turns":2.0},{"damage":73.0,"enemies":"The Guardian","floor":16.0,"turns":17.0},{"damage":18.0,"enemies":"3 Byrds","floor":18.0,"turns":7.0},{"damage":6.0,"enemies":"Chosen","floor":21.0,"turns":6.0},{"damage":1.0,"enemies":"Snecko","floor":22.0,"turns":8.0},{"damage":30.0,"enemies":"Gremlin Leader","floor":23.0,"turns":12.0},{"damage":74.0,"enemies":"Slavers","floor":27.0,"turns":10.0},{"damage":3.0,"enemies":"Centurion and Healer","floor":28.0,"turns":13.0},{"damage":91.0,"enemies":"Champ","floor":33.0,"turns":14.0},{"damage":18.0,"enemies":"Orb Walker","floor":35.0,"turns":4.0},{"damage":25.0,"enemies":"3 Shapes","floor":39.0,"turns":8.0},{"damage":132,"enemies":"Giant Head","floor":40,"turns":11},{"damage":6,"enemies":"Mind Bloom Boss Battle","floor":41,"turns":8},{"damage":39,"enemies":"Jaw Worm Horde","floor":44,"turns":7},{"damage":53,"enemies":"Maw","floor":45,"turns":7}],"seed_played":"-6680041476821571966","potions_obtained":[{"floor":2.0,"key":"GrandPatriotsElixir:ReiMu"},{"floor":6.0,"key":"EssenceOfSteel"},{"floor":11.0,"key":"ats:Top Emergency Sanity Potion"},{"floor":13.0,"key":"Fire Potion"},{"floor":14.0,"key":"Swift Potion"},{"floor":16.0,"key":"Swift Potion"},{"floor":21.0,"key":"Guardian:BlockOnCardUsePotion"},{"floor":23.0,"key":"PowerPotion"},{"floor":28.0,"key":"Regen Potion"},{"floor":40,"key":"Swift Potion"}],"is_trial":false,"path_per_floor":["M","M","?","M","?","E","$","M","T","M","M","M","E","M","R","B",null,"M","?","?","M","M","E","?","R","T","E","M","$","R","$","R","B",null,"M","?","?","?","M","E","?","$","T","M","M"],"character_chosen":"DOCTOR_CLASS","items_purchased":["ats:Healing Strengthening","ats:Very Hot Blade","DollysMirror","ats:Composite Medical Shells"],"campfire_rested":3,"item_purchase_floors":[29,29,31,31],"current_hp_per_floor":[72,72,65,65,51,31,31,19,19,12,67,71,68,58,58,23,72,63,50,50,52,68,61,61,77,77,23,77,77,77,77,77,77,90,77,77,67,73,70,12,33,48,48,28,0,0],"gold":164,"neow_bonus":"THREE_ENEMY_KILL","is_daily":false,"chose_seed":false,"campfire_upgraded":0,"win_rate":0.0,"timestamp":1610523777,"path_taken":["M","M","?","M","?","E","?","M","T","?","M","M","E","M","R","BOSS","M","?","?","?","M","E","?","R","T","E","M","$","R","$","R","BOSS","M","?","?","?","M","E","?","$","T","M","M"],"items_purchased_type":["Card","Card","Relic","Card"],"build_version":"2020-12-22","purchased_purges":2,"victory":false,"max_hp_per_floor":[72,72,72,72,72,72,72,72,72,72,72,72,72,72,72,72,72,72,77,77,77,77,77,77,77,77,77,77,77,77,77,77,77,90,90,90,90,96,96,96,96,96,96,96,96,96],"card_choices":[{"not_picked":["ats:Explosion Area Strengthen","ats:Cat Scratch"],"picked":"ats:Leaping Hammer","floor":1.0},{"not_picked":["ats:Magnetic Hammer","ats:Leaping Hammer"],"picked":"ats:Calcification","floor":2.0},{"not_picked":["ats:Powerful Strike","ats:Apocalypse","ats:Guardian Obelisk"],"picked":"SKIP","floor":4.0},{"not_picked":["ats:Childhood Dance","ats:Consecutive Shot Auto"],"picked":"ats:Very Hot Blade","floor":6.0},{"not_picked":["ats:Powerful Strike","ats:Cat Scratch"],"picked":"ats:Closed Bolt Burst Fire","floor":8.0},{"not_picked":["ats:Shell Defense","ats:Thermite Blade"],"picked":"ats:Charging Defense","floor":10.0},{"not_picked":["ats:Rapid Magazine","ats:Closed Bolt Burst Fire"],"picked":"ats:Revitalization","floor":11.0},{"not_picked":["ats:Childhood Dance","ats:Powerful Strike"],"picked":"ats:Burning Ground","floor":12.0},{"not_picked":["ats:Revitalization","ats:Mental Burst"],"picked":"ats:Echo Reverb","floor":13.0},{"not_picked":["ats:Part Time Job","ats:Consecutive Shot Auto"],"picked":"ats:Overload","floor":14.0},{"not_picked":["ats:Wolf Pack","ats:Fractured Body"],"picked":"ats:Calcification","floor":16.0},{"not_picked":["ats:Leaping Hammer","ats:Revitalization"],"picked":"ats:Charging Defense","floor":18.0},{"not_picked":["ats:Powerful Strike","ats:Cat Scratch"],"picked":"ats:Hammer On+1","floor":21.0},{"not_picked":["ats:Apocalypse","ats:Flexible Camouflage+1"],"picked":"ats:Spore Proliferation+1","floor":22.0},{"not_picked":["ats:Fractured Body","ats:Flame Of Heaven"],"picked":"ats:Shadow Assault","floor":23.0},{"not_picked":["ats:Ignite","ats:Automatic Cover"],"picked":"ats:Dogmatic Field","floor":27.0},{"not_picked":["ats:Powerful Strike+1","ats:Collapsing Strike","ats:Neurotoxin"],"picked":"SKIP","floor":28.0},{"not_picked":["ats:Calcification","ats:Shadow Assault"],"picked":"ats:Volcano","floor":33.0},{"not_picked":["ats:Dogmatic Field","ats:Defend Order","ats:Cat Scratch+1"],"picked":"SKIP","floor":35.0},{"not_picked":["expansioncontent:PrepareCrush","expansioncontent:GuardianWhirl"],"picked":"Sadistic Nature","floor":37.0},{"not_picked":["expansioncontent:ChargeUp","expansioncontent:BronzeBeam"],"picked":"expansioncontent:CaCaw","floor":37.0},{"not_picked":["Dramatic Entrance","Panache"],"picked":"expansioncontent:AwakenDeath","floor":37.0},{"not_picked":["ats:Poison Spread","ats:Childhood Dance+1"],"picked":"ats:Shell Defense+1","floor":39.0},{"not_picked":["ats:Flexible Camouflage","ats:Mental Burst+1"],"picked":"ats:Counter Healing Mode+1","floor":40},{"not_picked":["ats:Shell Defense+1","ats:Poison Spread+1"],"picked":"ats:Apocalypse+1","floor":41},{"not_picked":["ats:Part Time Job+1","ats:Support Order+1"],"picked":"ats:Red Shift+1","floor":44}],"player_experience":413969,"relics_obtained":[{"floor":6.0,"key":"ats:Originium"},{"floor":6.0,"key":"Darkstone Periapt"},{"floor":9.0,"key":"ats:Lavender"},{"floor":13.0,"key":"ats:Originium"},{"floor":13.0,"key":"Tiny Chest"},{"floor":23.0,"key":"ats:Originium"},{"floor":23.0,"key":"MealTicket"},{"floor":27.0,"key":"ats:Rhine Circuitry"},{"floor":34.0,"key":"Strawberry"},{"floor":34.0,"key":"ats:Bonebreaker"},{"floor":34.0,"key":"CaptainsWheel"},{"floor":40,"key":"ats:Spiritual Recovery"},{"floor":41,"key":"TungstenRod"},{"floor":43,"key":"Mastiff:ReiMu"}],"event_choices":[{"cards_removed":["ats:Strike G"],"damage_healed":0.0,"max_hp_gain":0.0,"max_hp_loss":0.0,"gold_gain":0.0,"event_name":"Golden Wing","player_choice":"Card Removal","floor":3.0,"gold_loss":0.0,"damage_taken":7.0},{"damage_healed":0.0,"max_hp_gain":0.0,"max_hp_loss":0.0,"gold_gain":0.0,"event_name":"Shining Light","player_choice":"Entered Light","floor":5.0,"gold_loss":0.0,"damage_taken":14.0,"cards_upgraded":["ats:Strike V","ats:Defend"]},{"damage_healed":0.0,"max_hp_gain":5.0,"max_hp_loss":0.0,"gold_gain":0.0,"event_name":"Forgotten Altar","player_choice":"Shed Blood","floor":19.0,"gold_loss":0.0,"damage_taken":18.0},{"damage_healed":0.0,"max_hp_gain":0.0,"max_hp_loss":0.0,"gold_gain":0.0,"event_name":"N\u0027loth","player_choice":"Traded Relic","floor":20.0,"relics_lost":["Tiny Chest"],"gold_loss":0.0,"damage_taken":0.0,"relics_obtained":["Nloth\u0027s Gift"]},{"damage_healed":0.0,"max_hp_gain":0.0,"max_hp_loss":0.0,"gold_gain":0.0,"event_name":"Drug Dealer","player_choice":"Obtain J.A.X.","floor":24.0,"gold_loss":0.0,"damage_taken":0.0,"cards_obtained":["J.A.X."]},{"cards_removed":["ats:Revitalization"],"damage_healed":0.0,"max_hp_gain":0.0,"max_hp_loss":0.0,"gold_gain":0.0,"event_name":"Falling","player_choice":"Removed Skill","floor":36.0,"gold_loss":0.0,"damage_taken":0.0},{"damage_healed":0.0,"max_hp_gain":0.0,"max_hp_loss":0.0,"gold_gain":0.0,"event_name":"SensoryStone","player_choice":"Memory 3","floor":37.0,"gold_loss":0.0,"damage_taken":10.0},{"damage_healed":0.0,"max_hp_gain":0.0,"max_hp_loss":0.0,"gold_gain":0.0,"event_name":"OrinTheCat","player_choice":"Ignored","floor":38.0,"gold_loss":0.0,"damage_taken":0.0},{"damage_healed":0,"gold_gain":0,"player_choice":"Fight","damage_taken":0,"max_hp_gain":0,"max_hp_loss":0,"event_name":"MindBloom","floor":41,"gold_loss":0}],"is_beta":false,"boss_relics":[{"not_picked":["Pandora\u0027s Box","SacredBark"],"picked":"Fusion Hammer"},{"not_picked":["Empty Cage","Astrolabe"],"picked":"Calling Bell"}],"items_purged_floors":[7,42],"is_endless":false,"potions_floor_spawned":[2,6,11,13,14,16,21,22,23,28,39,40],"killed_by":"Maw","ascension_level":0}}