{"host":"9j9ju8r45kuhshxi","time":1610552131,"event":{"mods":["BaseMod","Colored Map","Colored Powertips","Highlight Path","Marisa（F雨　魔理沙）","Minty Spire (QoL Compilation)","Replay The Spire","Ryuuou龙王","StSLib","[功能]功能增强和修复MOD"],"gold_per_floor":[1019,999,1016,1036,1181,1208,1208,1219,1219,1252,1266,1266,1256,1291,1291,1396,1396,1413,1413,1440,1465,1489,1530,1530,1569,1569,1591,1591,1629,1629,1673,1673,1784,1811,1828,1837,1837,1862,1890,1926,1926,1964,2015,2015,2036,2036,2036,2036,2036,2064,2064,2064,2064,2064,2064,2107,2107],"floor_reached":58,"language":"ZHS","playtime":3589,"items_purged":["Strike_P","Strike_P","Defend_P","Defend_P","Replay:Hysterical Blindness","Strike_P","Defend_P"],"score":1929,"play_id":"63bf38b5-5db6-4b7c-a485-2b428ccfbbb5","local_time":"20210113233531","is_ascension_mode":true,"campfire_choices":[{"data":"Specialist","floor":7.0,"key":"SMITH"},{"data":"Worship","floor":12.0,"key":"SMITH"},{"floor":15.0,"key":"RECALL"},{"data":"Brilliance","floor":24.0,"key":"SMITH"},{"data":"ConjureBlade","floor":28.0,"key":"SMITH"},{"data":"Replay:AllIn","floor":32.0,"key":"SMITH"},{"data":"Scrawl","floor":41,"key":"SMITH"},{"data":"1","floor":44,"key":"LIFT"},{"data":"2","floor":46,"key":"LIFT"},{"data":"Fasting2","floor":51,"key":"SMITH"},{"data":"3","floor":54,"key":"LIFT"}],"circlet_count":0,"master_deck":["Eruption","Vigilance","SpiritShield+1","Midas Touch+1","Adaptation","Prostrate","Specialist+1","Replay:DivineShield","Worship+1","Worship+1","Brilliance+1","BattleHymn","Perseverance","ConjureBlade+1","FollowUp","Replay:AllIn+1","Adaptation","Bandage Up","Replay:Hum+1","Consecrate+1","WreathOfFlame","Swivel+1","Indignation+1","Replay:BluntJabs+1","WheelKick","Vault","FlyingSleeves+1","WaveOfTheHand+1","SandsOfTime+1","Specialist+1","Replay:AtTheReady+1","SignatureMove+1","Scrawl+1","Worship+1","CutThroughFate+1","Fasting2+1","Sanctity+1"],"relics":["PureWater","Question Card","Pen Nib","Guide Book","Bag of Preparation","ReplayTheSpireMod:CursedCoin","PreservedInsect","Simple Rune","Replay:Bottled Flurry","Replay:Rubber Ducky","Sling","Anchor","Bag of Marbles","Replay:Mystery Machine","Replay:Drink Me","Medical Kit","CeramicFish","HornCleat","Pet Ghost","Toy Ornithopter","Potion Belt","Omamori","Astrolabe","BargainBundle","Girya","Dream Catcher","Iron Hammer","Bottled Flame","Strawberry","Membership Card","Akabeko","Bottled Lightning","ClockworkSouvenir","Shuriken","Bottled Tornado","Centennial Puzzle"],"acts_visited":["Exordium","TheCity","TheBeyond","TheEnding"],"potions_floor_usage":[52,52,52,52,52,57],"damage_taken":[{"damage":0.0,"enemies":"Jaw Worm","floor":1.0,"turns":3.0},{"damage":12.0,"enemies":"Cultist","floor":3.0,"turns":3.0},{"damage":0.0,"enemies":"2 Louse","floor":4.0,"turns":1.0},{"damage":11.0,"enemies":"Replay:BlueRogue","floor":6.0,"turns":4.0},{"damage":0.0,"enemies":"Gremlin Gang","floor":8.0,"turns":3.0},{"damage":20.0,"enemies":"Lagavulin","floor":10.0,"turns":3.0},{"damage":0.0,"enemies":"2 Fungi Beasts","floor":11.0,"turns":2.0},{"damage":5.0,"enemies":"3 Sentries","floor":14.0,"turns":3.0},{"damage":0.0,"enemies":"Hexaghost","floor":16.0,"turns":5.0},{"damage":0.0,"enemies":"Chosen","floor":18.0,"turns":1.0},{"damage":0.0,"enemies":"3 Byrds","floor":21.0,"turns":2.0},{"damage":0.0,"enemies":"Snake Plant","floor":22.0,"turns":1.0},{"damage":0.0,"enemies":"Gremlin Leader","floor":23.0,"turns":1.0},{"damage":0.0,"enemies":"Replay:Snechameleon","floor":25.0,"turns":1.0},{"damage":0.0,"enemies":"Chosen and Byrds","floor":27.0,"turns":1.0},{"damage":0.0,"enemies":"Slavers","floor":29.0,"turns":3.0},{"damage":0.0,"enemies":"Book of Stabbing","floor":31.0,"turns":1.0},{"damage":0,"enemies":"Collector","floor":33,"turns":3},{"damage":0,"enemies":"Orb Walker","floor":35,"turns":1},{"damage":0,"enemies":"3 Darklings","floor":38,"turns":2},{"damage":6,"enemies":"Writhing Mass","floor":39,"turns":2},{"damage":0,"enemies":"R_Hoarder","floor":40,"turns":2},{"damage":0,"enemies":"Giant Head","floor":42,"turns":3},{"damage":0,"enemies":"Jaw Worm Horde","floor":45,"turns":1},{"damage":0,"enemies":"Maw","floor":50,"turns":1},{"damage":0,"enemies":"Donu and Deca","floor":52,"turns":2},{"damage":0,"enemies":"Shield and Spear","floor":56,"turns":1},{"damage":7,"enemies":"The Heart","floor":57,"turns":4}],"seed_played":"-5990045074817036448","potions_obtained":[{"floor":1.0,"key":"Energy Potion"},{"floor":3.0,"key":"EntropicBrew"},{"floor":14.0,"key":"Elixir"},{"floor":16.0,"key":"Milkshake"},{"floor":18.0,"key":"Adrenaline Potion"},{"floor":31.0,"key":"Energy Potion"},{"floor":35,"key":"Energy Potion"},{"floor":56,"key":"SteroidPotion"}],"is_trial":false,"path_per_floor":["M","$","M","M","$","E","R","M","T","E","M","R","$","E","R","B",null,"M","?","$","M","M","E","R","E","T","M","R","E","?","E","R","B",null,"M","?","$","M","M","E","R","E","T","R","M","R","$","PTL","PTL","M","R","B",null,"R","$","E","B",null],"character_chosen":"WATCHER","items_purchased":["Midas Touch","Adaptation","Vengeance","Question Card","Pen Nib","Guide Book","Elixir","StancePotion","Specialist","Bag of Preparation","ReplayTheSpireMod:CursedCoin","PreservedInsect","Replay:DivineShield","Sling","Anchor","Bag of Marbles","Reflective Coating","BattleHymn","Medical Kit","CeramicFish","HornCleat","Replay:AllIn","Adaptation","Bandage Up","BargainBundle","Girya","Dream Catcher","Membership Card","Akabeko","Bottled Lightning","ClockworkSouvenir","Shuriken","Bottled Tornado","AttackPotion","Explosive Potion","Elixir"],"campfire_rested":0,"item_purchase_floors":[2,2,2,2,2,2,2,2,5,5,5,5,5,13,13,13,13,13,20,20,20,20,20,20,37,37,37,47,47,47,55,55,55,55,55,55],"current_hp_per_floor":[72,72,60,60,60,49,49,49,49,29,29,29,29,24,24,24,69,69,69,69,69,69,69,69,69,69,69,69,69,69,69,69,69,69,69,69,69,69,63,63,63,63,70,70,70,70,70,70,70,70,70,76,76,76,76,76,75],"gold":2107,"neow_bonus":"ONE_RANDOM_RARE_CARD","is_daily":false,"chose_seed":false,"campfire_upgraded":7,"win_rate":0.0,"timestamp":1610552131,"path_taken":["M","$","M","M","$","E","R","M","T","E","M","R","$","E","R","BOSS","M","?","$","M","M","E","R","E","T","?","R","E","?","E","R","BOSS","M","?","$","?","M","E","R","E","T","R","M","R","$","PTL","PTL","M","R","BOSS","R","$","E","BOSS"],"items_purchased_type":["Card","Card","Card","Relic","Relic","Relic","Potion","Potion","Card","Relic","Relic","Relic","Card","Relic","Relic","Relic","Potion","Card","Relic","Relic","Relic","Card","Card","Card","Relic","Relic","Relic","Relic","Relic","Relic","Relic","Relic","Relic","Potion","Potion","Potion"],"build_version":"2020-12-22","purchased_purges":7,"victory":true,"max_hp_per_floor":[92,92,92,92,92,92,92,92,92,92,92,92,92,92,92,92,69,69,69,69,69,69,69,69,69,69,69,69,69,69,69,69,69,69,69,69,69,69,69,69,69,69,76,76,76,76,76,76,76,76,76,76,76,76,76,76,76],"card_choices":[{"not_picked":["Halt","ThirdEye"],"picked":"PathToVictory","floor":1.0},{"not_picked":["Replay:Cycle","SashWhip","ThirdEye"],"picked":"Replay:BluntJabs","floor":3.0},{"not_picked":["LessonLearned","EmptyFist","CutThroughFate"],"picked":"Prostrate","floor":4.0},{"not_picked":["Evaluate","BowlingBash","ClearTheMind"],"picked":"Study","floor":6.0},{"not_picked":["Halt","InnerPeace","FollowUp"],"picked":"Worship","floor":8.0},{"not_picked":["Consecrate","Wireheading","Study"],"picked":"Worship","floor":10.0},{"not_picked":["EmptyFist","FlurryOfBlows","EmptyBody"],"picked":"Brilliance","floor":11.0},{"not_picked":["CutThroughFate","SashWhip","Wireheading"],"picked":"Perseverance","floor":14.0},{"not_picked":["Replay:LoomingThreat","Scrawl","DevaForm"],"picked":"ConjureBlade","floor":16.0},{"not_picked":["SashWhip","ThirdEye","Evaluate"],"picked":"FollowUp","floor":18.0},{"not_picked":["Halt","JustLucky+1","Worship"],"picked":"Replay:Hum+1","floor":21.0},{"not_picked":["PathToVictory","Adaptation","Collect"],"picked":"Consecrate+1","floor":22.0},{"not_picked":["Replay:AtTheReady","EmptyBody","ThirdEye+1"],"picked":"WreathOfFlame","floor":23.0},{"not_picked":["Ragnarok","Evaluate","ClearTheMind+1"],"picked":"Swivel+1","floor":25.0},{"not_picked":["DeceiveReality","CutThroughFate","CarveReality"],"picked":"Indignation+1","floor":27.0},{"not_picked":["Swivel","Collect","SashWhip"],"picked":"Replay:BluntJabs+1","floor":29.0},{"not_picked":["CrushJoints","Pray","PathToVictory"],"picked":"WheelKick","floor":31.0},{"not_picked":["MasterReality","Replay:AllIn","Devotion"],"picked":"Vault","floor":33},{"not_picked":["SashWhip","Replay:BluntJabs","CutThroughFate","Prostrate"],"picked":"SKIP","floor":35},{"not_picked":["JustLucky","WheelKick+1","TalkToTheHand"],"picked":"Replay:AtTheReady+1","floor":38},{"not_picked":["FlurryOfBlows+1","TalkToTheHand+1","PathToVictory+1"],"picked":"SignatureMove+1","floor":39},{"not_picked":["Sanctity+1","ClearTheMind+1","ThirdEye"],"picked":"Scrawl","floor":40},{"not_picked":["Consecrate","Crescendo+1","FollowUp+1"],"picked":"Worship+1","floor":42},{"not_picked":["Sanctity","Wallop","Conclude+1"],"picked":"CutThroughFate+1","floor":45},{"not_picked":["Evaluate+1","Wireheading","Consecrate+1"],"picked":"Fasting2","floor":50},{"not_picked":["JustLucky","ConjureBlade","Indignation+1"],"picked":"Sanctity+1","floor":56}],"player_experience":79977,"relics_obtained":[{"floor":6.0,"key":"Simple Rune"},{"floor":9.0,"key":"Replay:Bottled Flurry"},{"floor":10.0,"key":"Replay:Rubber Ducky"},{"floor":14.0,"key":"Replay:Mystery Machine"},{"floor":23.0,"key":"Pet Ghost"},{"floor":25.0,"key":"Toy Ornithopter"},{"floor":29.0,"key":"Potion Belt"},{"floor":31.0,"key":"Omamori"},{"floor":40,"key":"Iron Hammer"},{"floor":42,"key":"Bottled Flame"},{"floor":43,"key":"Strawberry"},{"floor":56,"key":"Centennial Puzzle"}],"event_choices":[{"damage_healed":0.0,"max_hp_gain":0.0,"max_hp_loss":0.0,"gold_gain":0.0,"event_name":"Accursed Blacksmith","player_choice":"Forge","floor":19.0,"gold_loss":0.0,"damage_taken":0.0,"cards_upgraded":["Worship"]},{"damage_healed":0.0,"max_hp_gain":0.0,"max_hp_loss":0.0,"gold_gain":0.0,"event_name":"Vampires","player_choice":"Ignored","floor":30.0,"gold_loss":0.0,"damage_taken":0.0},{"damage_healed":0,"gold_gain":0,"player_choice":"Copied","damage_taken":0,"max_hp_gain":0,"max_hp_loss":0,"event_name":"Duplicator","floor":36,"gold_loss":0,"cards_obtained":["Specialist"]}],"is_beta":false,"boss_relics":[{"not_picked":["Snecko Eye","Replay:Ancient Bell"],"picked":"Replay:Drink Me"},{"not_picked":["Coffee Dripper","Black Star"],"picked":"Astrolabe"}],"items_purged_floors":[2,2,2,2,5,13,13],"is_endless":false,"potions_floor_spawned":[1,3,3,3,6,8,8,11,14,16,16,18,18,21,22,23,25,25,29,29,31,31,31,35,39,40,40,40,42,45,45,50,56],"ascension_level":2}}