{"host":"f0gpob8hq9vgebej","time":1610551948,"event":{"mods":["AchievementEnabler","BaseMod","Minty Spire (QoL Compilation)","Quick Restart","SuperFastMode"],"gold_per_floor":[18,34,50,64,64,64,89,14,37,37,37,51,51,51,51,148,148,167,186,146,165,182,182,200,30,30,40,40,50,68,79,79,180,180,194,194,207,82,99,99,99,99],"floor_reached":41,"language":"KOR","playtime":1047,"items_purged":["Strike_B","Defend_B","Dualcast"],"score":504,"play_id":"071c0551-af42-48f9-8682-2ff8385fd3ec","local_time":"20210114003228","is_ascension_mode":true,"campfire_choices":[{"data":"Zap","floor":6,"key":"SMITH"},{"data":"Double Energy","floor":11,"key":"SMITH"},{"data":"Static Discharge","floor":13,"key":"SMITH"},{"floor":15,"key":"REST"},{"data":"Capacitor","floor":23,"key":"SMITH"},{"floor":32,"key":"REST"},{"data":"White Noise","floor":40,"key":"SMITH"}],"circlet_count":0,"master_deck":["Defend_B","Zap+1","Capacitor+1","White Noise+1","Double Energy+1","Static Discharge+1","Echo Form+1","Leap+1","Electrodynamics+1","Buffer+1","Loop+1","Ball Lightning","Turbo","Storm","Force Field+1","Chill","Biased Cognition","Heatsinks","Conserve Battery+1"],"relics":["Cracked Core","Mango","Vajra","Toy Ornithopter","Astrolabe","Molten Egg 2","Sozu","Bronze Scales"],"acts_visited":["Exordium","TheCity","TheBeyond"],"potions_floor_usage":[16,16,29,29,31,33],"damage_taken":[{"damage":13,"enemies":"Small Slimes","floor":1,"turns":3},{"damage":1,"enemies":"2 Louse","floor":2,"turns":3},{"damage":1,"enemies":"Cultist","floor":3,"turns":3},{"damage":20,"enemies":"Exordium Thugs","floor":4,"turns":6},{"damage":36,"enemies":"Gremlin Nob","floor":7,"turns":4},{"damage":9,"enemies":"Red Slaver","floor":12,"turns":4},{"damage":35,"enemies":"Slime Boss","floor":16,"turns":9},{"damage":18,"enemies":"Chosen","floor":18,"turns":6},{"damage":5,"enemies":"3 Byrds","floor":19,"turns":2},{"damage":19,"enemies":"Snake Plant","floor":21,"turns":2},{"damage":12,"enemies":"Centurion and Healer","floor":22,"turns":4},{"damage":14,"enemies":"Cultist and Chosen","floor":24,"turns":4},{"damage":16,"enemies":"Chosen and Byrds","floor":27,"turns":3},{"damage":1,"enemies":"Shelled Parasite and Fungi","floor":29,"turns":4},{"damage":7,"enemies":"Cultist and Chosen","floor":30,"turns":5},{"damage":3,"enemies":"Snecko","floor":31,"turns":6},{"damage":35,"enemies":"Collector","floor":33,"turns":7},{"damage":0,"enemies":"3 Shapes","floor":35,"turns":2},{"damage":11,"enemies":"Orb Walker","floor":37,"turns":3},{"damage":19,"enemies":"4 Shapes","floor":39,"turns":5},{"damage":8,"enemies":"Giant Head","floor":41,"turns":8}],"seed_played":"5727987439454624659","potions_obtained":[{"floor":3,"key":"Regen Potion"},{"floor":7,"key":"ColorlessPotion"},{"floor":19,"key":"DuplicationPotion"},{"floor":24,"key":"Energy Potion"},{"floor":27,"key":"ColorlessPotion"},{"floor":30,"key":"PotionOfCapacity"}],"is_trial":false,"path_per_floor":["M","M","M","M","?","R","E","$","T","?","R","M","R","?","R","B",null,"M","M","?","M","M","R","M","$","T","M","$","M","M","M","R","B",null,"M","T","M","$","M","R","E"],"character_chosen":"DEFECT","items_purchased":["Storm"],"campfire_rested":2,"item_purchase_floors":[25],"current_hp_per_floor":[76,75,74,54,59,59,23,23,23,23,23,14,14,7,35,25,94,76,71,71,52,40,40,26,26,26,10,10,19,12,14,42,12,94,94,94,83,83,64,64,56,56],"gold":99,"neow_bonus":"ONE_RARE_RELIC","is_daily":false,"chose_seed":false,"campfire_upgraded":5,"win_rate":0.0,"timestamp":1610551948,"path_taken":["M","M","M","M","?","R","E","$","T","?","R","M","R","?","R","BOSS","M","M","?","M","M","R","M","$","T","M","?","M","M","?","R","BOSS","M","?","M","$","M","R","E"],"items_purchased_type":["Card"],"build_version":"2020-12-22","purchased_purges":3,"victory":false,"max_hp_per_floor":[89,89,89,89,94,94,94,94,94,94,94,94,94,94,94,94,94,94,94,94,94,94,94,94,94,94,94,94,94,94,94,94,94,94,94,94,94,94,94,94,94,94],"card_choices":[{"not_picked":["Compile Driver","Streamline","Gash"],"picked":"SKIP","floor":1},{"not_picked":["Undo","Gash"],"picked":"Capacitor","floor":2},{"not_picked":["Cold Snap","Steam","Go for the Eyes"],"picked":"SKIP","floor":3},{"not_picked":["Stack","Gash"],"picked":"White Noise","floor":4},{"not_picked":["Streamline","Stack"],"picked":"Double Energy","floor":7},{"not_picked":["Streamline","Blizzard"],"picked":"Static Discharge","floor":12},{"not_picked":["Buffer","Machine Learning"],"picked":"Echo Form","floor":16},{"not_picked":["Go for the Eyes","Barrage","Cold Snap"],"picked":"SKIP","floor":18},{"not_picked":["Undo","Leap"],"picked":"Loop+1","floor":19},{"not_picked":["Echo Form","Stack"],"picked":"Ball Lightning","floor":21},{"not_picked":["Barrage","Static Discharge+1"],"picked":"Turbo","floor":22},{"not_picked":["Compile Driver+1","Turbo+1","Go for the Eyes"],"picked":"SKIP","floor":24},{"not_picked":["Loop","Ball Lightning+1","Stack"],"picked":"SKIP","floor":27},{"not_picked":["Stack","Core Surge+1"],"picked":"Force Field+1","floor":29},{"not_picked":["Compile Driver+1","Sweeping Beam+1","Beam Cell+1"],"picked":"SKIP","floor":30},{"not_picked":["Hello World","Darkness+1"],"picked":"Chill","floor":31},{"not_picked":["Multi-Cast","Machine Learning"],"picked":"Biased Cognition","floor":33},{"not_picked":["Genetic Algorithm","Glacier+1"],"picked":"Heatsinks","floor":35},{"not_picked":["Loop+1","Tempest+1","Static Discharge"],"picked":"SKIP","floor":37},{"not_picked":["Chaos","Static Discharge"],"picked":"Conserve Battery+1","floor":39}],"player_experience":147410,"relics_obtained":[{"floor":7,"key":"Vajra"},{"floor":9,"key":"Toy Ornithopter"},{"floor":26,"key":"Molten Egg 2"},{"floor":36,"key":"Bronze Scales"}],"event_choices":[{"damage_healed":0,"gold_gain":0,"player_choice":"Donut","damage_taken":0,"max_hp_gain":5,"max_hp_loss":0,"event_name":"Big Fish","floor":5,"gold_loss":0},{"cards_removed":["Strike_B"],"damage_healed":0,"gold_gain":0,"player_choice":"Forget","damage_taken":0,"max_hp_gain":0,"max_hp_loss":0,"event_name":"Living Wall","floor":10,"gold_loss":0},{"cards_removed":["Strike_B"],"damage_healed":0,"gold_gain":0,"player_choice":"Card Removal","damage_taken":7,"max_hp_gain":0,"max_hp_loss":0,"event_name":"Golden Wing","floor":14,"gold_loss":0},{"damage_healed":0,"gold_gain":0,"player_choice":"Upgrade","damage_taken":0,"max_hp_gain":0,"max_hp_loss":0,"event_name":"Designer","floor":20,"gold_loss":40,"cards_upgraded":["Echo Form"]}],"is_beta":false,"boss_relics":[{"not_picked":["FrozenCore","SacredBark"],"picked":"Astrolabe"},{"not_picked":["Velvet Choker","Snecko Eye"],"picked":"Sozu"}],"items_purged_floors":[8,25,38],"is_endless":false,"potions_floor_spawned":[3,7,19,24,27,30,37],"killed_by":"Giant Head","ascension_level":4}}