{"host":"1c17lcvl7acx821p","time":1610563779,"event":{"mods":["AchievementEnabler","BaseMod","Colored Map","Minty Spire (QoL Compilation)","StSLib"],"gold_per_floor":[109,109,3,15,32,63,12,42,42,53,86,105,105,115,115,211,211,225,243,11,30,44,78,90,137,200,212,212],"floor_reached":27,"language":"ENG","playtime":1219,"items_purged":["Defend_B"],"score":330,"play_id":"899c8ffb-c076-4150-ae02-fa3c41cf7e33","local_time":"20210113204939","is_ascension_mode":true,"campfire_choices":[{"data":"Recycle","floor":13,"key":"SMITH"},{"floor":15,"key":"REST"},{"floor":24,"key":"REST"}],"circlet_count":0,"master_deck":["Strike_B","Strike_B","Strike_B","Defend_B","Defend_B","Defend_B","Zap","Dualcast","Rebound","Doom and Gloom","Rip and Tear","Gash","Go for the Eyes","Capacitor","Coolheaded","Recycle+1","Coolheaded","Machine Learning","Biased Cognition","CurseOfTheBell","Gash","Consume+1","Chill+1","Gash"],"relics":["Cracked Core","Vajra","Gremlin Horn","Turnip","Orichalcum","Lantern","Calling Bell","MealTicket","Ornamental Fan","Torii","Nunchaku","MawBank","Blood Vial","Pen Nib"],"acts_visited":["Exordium","TheCity"],"potions_floor_usage":[12,16,23,25,25],"damage_taken":[{"damage":0,"enemies":"2 Louse","floor":1,"turns":3},{"damage":1,"enemies":"Cultist","floor":4,"turns":3},{"damage":7,"enemies":"Jaw Worm","floor":5,"turns":2},{"damage":10,"enemies":"Lagavulin","floor":6,"turns":6},{"damage":16,"enemies":"Gremlin Nob","floor":8,"turns":3},{"damage":0,"enemies":"Lots of Slimes","floor":10,"turns":1},{"damage":16,"enemies":"Lagavulin","floor":11,"turns":7},{"damage":0,"enemies":"3 Louse","floor":12,"turns":1},{"damage":0,"enemies":"Large Slime","floor":14,"turns":3},{"damage":35,"enemies":"Hexaghost","floor":16,"turns":10},{"damage":14,"enemies":"Shell Parasite","floor":18,"turns":5},{"damage":18,"enemies":"3 Byrds","floor":19,"turns":5},{"damage":19,"enemies":"Snecko","floor":21,"turns":4},{"damage":0,"enemies":"3 Cultists","floor":22,"turns":5},{"damage":14,"enemies":"Book of Stabbing","floor":23,"turns":5},{"damage":35,"enemies":"Slavers","floor":25,"turns":6},{"damage":18,"enemies":"Snake Plant","floor":27,"turns":2}],"seed_played":"452482645103876177","potions_obtained":[{"floor":4,"key":"SkillPotion"},{"floor":5,"key":"FearPotion"},{"floor":10,"key":"Weak Potion"},{"floor":11,"key":"SteroidPotion"},{"floor":14,"key":"SpeedPotion"},{"floor":21,"key":"BlessingOfTheForge"},{"floor":23,"key":"SteroidPotion"}],"is_trial":false,"path_per_floor":["M","?","$","M","M","E","$","E","T","M","E","M","R","M","R","B",null,"M","M","$","M","M","E","R","E","T","M"],"character_chosen":"DEFECT","items_purchased":["Doom and Gloom","Rip and Tear","Coolheaded","Nunchaku"],"campfire_rested":2,"item_purchase_floors":[3,3,7,20],"current_hp_per_floor":[75,75,75,74,67,57,57,41,41,41,25,25,25,25,47,12,75,61,43,58,39,39,25,47,12,12,0,0],"gold":212,"neow_bonus":"REMOVE_CARD","is_daily":false,"chose_seed":false,"campfire_upgraded":1,"win_rate":0.0,"timestamp":1610563779,"path_taken":["M","?","$","?","M","E","$","E","T","M","E","M","R","M","R","BOSS","M","M","$","M","M","E","R","E","T","M"],"items_purchased_type":["Card","Card","Card","Relic"],"build_version":"2020-12-22","purchased_purges":1,"victory":false,"max_hp_per_floor":[75,75,75,75,75,75,75,75,75,75,75,75,75,75,75,75,75,75,75,75,75,75,75,75,75,75,75,75],"card_choices":[{"not_picked":["Leap","Recycle"],"picked":"Rebound","floor":1},{"not_picked":["Tempest","Heatsinks"],"picked":"Gash","floor":4},{"not_picked":["Compile Driver","Sweeping Beam"],"picked":"Go for the Eyes","floor":5},{"not_picked":["Sweeping Beam","Chill"],"picked":"Capacitor","floor":6},{"not_picked":["Hello World","Steam","Static Discharge"],"picked":"SKIP","floor":8},{"not_picked":["Streamline","Rip and Tear"],"picked":"Recycle","floor":10},{"not_picked":["Ball Lightning","Steam"],"picked":"Coolheaded","floor":11},{"not_picked":["Redo","Compile Driver"],"picked":"Machine Learning","floor":12},{"not_picked":["Leap","Go for the Eyes","Beam Cell"],"picked":"SKIP","floor":14},{"not_picked":["Amplify","Electrodynamics"],"picked":"Biased Cognition","floor":16},{"not_picked":["Redo","Lockon"],"picked":"Gash","floor":18},{"not_picked":["Turbo","Ball Lightning"],"picked":"Consume+1","floor":19},{"not_picked":["Redo","Sunder+1"],"picked":"Chill+1","floor":21},{"not_picked":["Hello World","Beam Cell","Leap"],"picked":"SKIP","floor":22},{"not_picked":["Redo","Steam","Aggregate"],"picked":"SKIP","floor":23},{"not_picked":["Cold Snap+1","Stack"],"picked":"Gash","floor":25}],"player_experience":72260,"relics_obtained":[{"floor":2,"key":"Vajra"},{"floor":6,"key":"Gremlin Horn"},{"floor":8,"key":"Turnip"},{"floor":9,"key":"Orichalcum"},{"floor":11,"key":"Lantern"},{"floor":17,"key":"MealTicket"},{"floor":17,"key":"Ornamental Fan"},{"floor":17,"key":"Torii"},{"floor":23,"key":"MawBank"},{"floor":25,"key":"Blood Vial"},{"floor":26,"key":"Pen Nib"}],"event_choices":[{"damage_healed":0,"gold_gain":0,"player_choice":"Relic","damage_taken":0,"max_hp_gain":0,"max_hp_loss":0,"event_name":"Wheel of Change","floor":2,"gold_loss":0}],"is_beta":false,"boss_relics":[{"not_picked":["Philosopher\u0027s Stone","SlaversCollar"],"picked":"Calling Bell"}],"items_purged_floors":[20],"is_endless":false,"potions_floor_spawned":[4,5,10,11,14,21,23],"killed_by":"Snake Plant","ascension_level":4}}