{"host":"sz8c8ni79nvzjmmg","time":1610528498,"event":{"mods":["AchievementEnabler","BaseMod","DeckTracker","Keyboard Shortcuts","Minty Spire (QoL Compilation)","SuperFastMode"],"gold_per_floor":[111,36,36,49,49,49,79,79,79,103,115,126,141,175,175,175,175],"floor_reached":16,"language":"KOR","playtime":342,"items_purged":["Defend_G"],"score":200,"play_id":"85f6383a-ff10-4191-be84-26af3f5c939f","local_time":"20210113180138","is_ascension_mode":true,"campfire_choices":[{"floor":6.0,"key":"REST"},{"data":"Deadly Poison","floor":8,"key":"SMITH"},{"floor":15,"key":"REST"}],"circlet_count":0,"master_deck":["AscendersBane","Strike_G","Strike_G","Strike_G","Strike_G","Strike_G+1","Defend_G","Defend_G","Defend_G+1","Defend_G","Survivor","Neutralize","Tactician+1","Deadly Poison+1","Dagger Throw","PiercingWail","Burst","Backflip"],"relics":["Ring of the Snake","Tingsha","Smiling Mask","Odd Mushroom","Mummified Hand"],"acts_visited":["Exordium"],"potions_floor_usage":[14,14],"damage_taken":[{"damage":1.0,"enemies":"Small Slimes","floor":1.0,"turns":4.0},{"damage":1.0,"enemies":"Cultist","floor":4.0,"turns":5.0},{"damage":22,"enemies":"The Mushroom Lair","floor":10,"turns":6},{"damage":0,"enemies":"2 Louse","floor":11,"turns":3},{"damage":3,"enemies":"Looter","floor":12,"turns":3},{"damage":0,"enemies":"2 Fungi Beasts","floor":13,"turns":3},{"damage":7,"enemies":"Gremlin Nob","floor":14,"turns":4},{"damage":36,"enemies":"The Guardian","floor":16,"turns":2}],"seed_played":"5634787747398104962","potions_obtained":[{"floor":4.0,"key":"SmokeBomb"},{"floor":11,"key":"DistilledChaos"},{"floor":12,"key":"Block Potion"}],"is_trial":false,"path_per_floor":["M","$","?","M","?","R","?","R","T","?","M","M","M","E","R","B"],"character_chosen":"THE_SILENT","items_purchased":[],"campfire_rested":2,"item_purchase_floors":[],"current_hp_per_floor":[43,43,43,42,22,41,41,41,41,19,19,16,16,9,28,0,0],"gold":175,"neow_bonus":"ONE_RARE_RELIC","is_daily":false,"chose_seed":false,"campfire_upgraded":1,"win_rate":0.0,"timestamp":1610528498,"path_taken":["M","$","?","?","?","R","?","R","T","?","M","M","M","E","R","BOSS"],"items_purchased_type":[],"build_version":"2020-12-22","purchased_purges":1,"victory":false,"max_hp_per_floor":[66,66,66,66,66,66,66,66,66,66,66,66,66,66,66,66,66],"card_choices":[{"not_picked":["Prepared","Quick Slash"],"picked":"Tactician","floor":1.0},{"not_picked":["Flechettes","Expertise"],"picked":"Deadly Poison","floor":4.0},{"not_picked":["Caltrops","Dodge and Roll"],"picked":"Dagger Throw","floor":10},{"not_picked":["Flying Knee","Heel Hook","Quick Slash"],"picked":"SKIP","floor":11},{"not_picked":["Slice","Cloak And Dagger"],"picked":"PiercingWail","floor":12},{"not_picked":["Choke","PiercingWail"],"picked":"Burst","floor":13},{"not_picked":["Cloak And Dagger","Expertise"],"picked":"Backflip","floor":14}],"player_experience":1233690,"relics_obtained":[{"floor":9,"key":"Smiling Mask"},{"floor":10,"key":"Odd Mushroom"},{"floor":14,"key":"Mummified Hand"}],"event_choices":[{"damage_healed":0.0,"max_hp_gain":0.0,"max_hp_loss":0.0,"gold_gain":0.0,"event_name":"Accursed Blacksmith","player_choice":"Forge","floor":3.0,"gold_loss":0.0,"damage_taken":0.0,"cards_upgraded":["Tactician"]},{"damage_healed":0.0,"max_hp_gain":0.0,"max_hp_loss":0.0,"gold_gain":0.0,"event_name":"Shining Light","player_choice":"Entered Light","floor":5.0,"gold_loss":0.0,"damage_taken":20.0,"cards_upgraded":["Strike_G","Defend_G"]},{"damage_healed":0,"gold_gain":30,"player_choice":"Searched \u00272\u0027 times","damage_taken":0,"max_hp_gain":0,"max_hp_loss":0,"event_name":"Dead Adventurer","floor":7,"gold_loss":0},{"damage_healed":0,"gold_gain":0,"player_choice":"Fought Mushrooms","damage_taken":0,"max_hp_gain":0,"max_hp_loss":0,"event_name":"Mushrooms","floor":10,"gold_loss":0}],"is_beta":false,"boss_relics":[],"items_purged_floors":[2],"is_endless":false,"potions_floor_spawned":[4,11,12,13],"killed_by":"The Guardian","ascension_level":20}}