{"host":"a3oe3gstxz77c7qu","time":1610562725,"event":{"mods":["2.2 Compatiblity","Act Like it!","Astrologer","BaseMod","Bestiary","Better Altar","Better Match","Better Note","Better Skull","Better Third Choice","Block Reminder","Curses Come First","Custom Start","Dark Map","Downfall","Friendly Minions","GifTheSpireLib","Hermit","Jorbs\u0027s Wanderer Trilogy","Lobotomy","LobotomyExtend","Marisa????????","Minty Spire (QoL Compilation)","Permanent Neow","Quick Restart","Relic Stats","Replay The Spire","StSLib","The Bug Knight","The Cursed","The Disciple","Uncapped","Unknown Chances","Wandering Minibosses"],"gold_per_floor":[117,136,148,148,148,180,193,221,221,221,61,61,0,30,30,135,135,152,164,194,194,0,34,34,62,62,62,62,62,78,92,92,195,195,195,195,81,93,109,136,136,136,136],"floor_reached":42,"language":"ENG","playtime":2533,"items_purged":["Strike_MRS","Defend_MRS"],"score":625,"play_id":"ee6e1e8f-8579-44c3-a65b-362fc8ec9a08","local_time":"20210113183205","is_ascension_mode":true,"campfire_choices":[{"data":"OpenUniverse","floor":10.0,"key":"SMITH"},{"floor":12.0,"key":"REST"},{"data":"MeteoricShower","floor":15.0,"key":"SMITH"},{"data":"ManaRampage","floor":24,"key":"SMITH"},{"floor":27,"key":"REST"},{"data":"StarDustReverie","floor":29,"key":"SMITH"},{"data":"StarlightTyphoon","floor":32,"key":"SMITH"},{"floor":41,"key":"REST"}],"circlet_count":0,"master_deck":["Defend_MRS","Defend_MRS","MasterSpark","UpSweep","MeatLantern","DragonMeteor","OpenUniverse+1","VoidDream","BeautyBeast","EarthLightRay","MilkyWay+1","Deep Breath","MeteoricShower+1","Murderer","ManaRampage+1","Slimebound:Tackle+1","Slimebound:Tackle+1","Slimebound:Tackle+1","StarDustReverie+1","GravityBeat+1","StarlightTyphoon+1","SatelliteIllusion","ManaRampage+1","BlazeAway","GreedKing"],"relics":["MiniHakkero","CogitoBucket","RabbitCall","LetterFromLob","Replay:Kaleidoscope","The Courier","Mercury Hourglass","Pet Ghost","ReplayTheSpireMod:DimensionalGlitch","LuminousBracelet","Red Mask","Snack Pack","MealTicket","Ginger","SkinProphecy","Sozu","InspiredRelic","Anchor","Pocketwatch"],"acts_visited":["Exordium","TheCity","TheBeyond"],"potions_floor_usage":[30,42],"damage_taken":[{"damage":0.0,"enemies":"2 Louse","floor":1.0,"turns":2.0},{"damage":2.0,"enemies":"Jaw Worm","floor":2.0,"turns":3.0},{"damage":0.0,"enemies":"Small Slimes","floor":3.0,"turns":3.0},{"damage":22.0,"enemies":"Lagavulin","floor":6.0,"turns":8.0},{"damage":0.0,"enemies":"Exordium Wildlife","floor":7.0,"turns":3.0},{"damage":11.0,"enemies":"Gremlin Nob","floor":8.0,"turns":5.0},{"damage":18.0,"enemies":"Lagavulin","floor":14.0,"turns":6.0},{"damage":20,"enemies":"Slime Boss","floor":16,"turns":8},{"damage":4,"enemies":"Shell Parasite","floor":18,"turns":4},{"damage":14,"enemies":"2 Thieves","floor":19,"turns":3},{"damage":6,"enemies":"Masked Bandits","floor":20,"turns":4},{"damage":17,"enemies":"Slavers","floor":23,"turns":4},{"damage":25,"enemies":"Gremlin Leader","floor":25,"turns":3},{"damage":0,"enemies":"Snake Plant","floor":30,"turns":2},{"damage":0,"enemies":"Snecko","floor":31,"turns":2},{"damage":30,"enemies":"Collector","floor":33,"turns":8},{"damage":29,"enemies":"3 Shapes","floor":38,"turns":3},{"damage":18,"enemies":"3 Darklings","floor":39,"turns":4},{"damage":38,"enemies":"R_Hoarder","floor":40,"turns":8},{"damage":47,"enemies":"Transient","floor":42,"turns":3}],"seed_played":"-4419336430967396366","potions_obtained":[{"floor":1.0,"key":"SneckoOil"},{"floor":8.0,"key":"CultistPotion"},{"floor":14.0,"key":"SpeedPotion"},{"floor":16,"key":"Strength Potion"},{"floor":30,"key":"BlessingOfTheForge"}],"is_trial":false,"path_per_floor":["M","M","M","?","?","E","M","E","T","R","$","R","$","E","R","B",null,"M","M","?","?","$","E","R","E","T","R","?","R","M","M","R","B",null,"M","?","$","M","M","E","R","M"],"character_chosen":"MARISA","items_purchased":["MilkyWay+1","Deep Breath","MeteoricShower","StarDustReverie","Anchor"],"campfire_rested":3,"item_purchase_floors":[11,11,13,22,37],"current_hp_per_floor":[75,73,73,73,58,36,36,25,25,25,25,47,47,33,33,17,61,74,63,61,61,61,48,48,29,29,56,56,56,57,54,54,29,78,78,78,93,67,51,18,48,0,0],"gold":136,"neow_bonus":"","is_daily":false,"chose_seed":false,"campfire_upgraded":5,"win_rate":0.0,"timestamp":1610562725,"path_taken":["M","M","M","?","?","E","M","E","T","R","$","R","?","E","R","BOSS","M","M","?","?","$","E","R","E","T","R","?","R","?","M","R","BOSS","M","?","$","M","M","E","R","M"],"items_purchased_type":["Card","Card","Card","Card","Relic"],"build_version":"2020-12-22","purchased_purges":2,"victory":false,"max_hp_per_floor":[75,75,75,75,75,75,75,75,75,75,75,75,75,75,75,75,75,90,90,90,90,90,90,90,90,90,90,90,90,90,92,92,94,94,94,94,94,96,98,100,100,104,104],"relic_stats":{"Sozu":1,"counters":[23,89],"MealTicket":15,"Ginger":[3],"obtain_stats":[{"RabbitCall":0,"LuminousBracelet":18,"The Courier":8,"Replay:Kaleidoscope":6,"Ginger":26,"SkinProphecy":30,"Pet Ghost":14,"Mercury Hourglass":9,"Sozu":34,"CogitoBucket":0,"Anchor":37,"MealTicket":25,"LetterFromLob":1,"Red Mask":20,"Snack Pack":23,"MiniHakkero":0,"ReplayTheSpireMod:DimensionalGlitch":17,"InspiredRelic":35,"Pocketwatch":40},{"RabbitCall":0,"LuminousBracelet":10,"The Courier":6,"Replay:Kaleidoscope":4,"Ginger":14,"SkinProphecy":16,"Pet Ghost":7,"Mercury Hourglass":6,"Sozu":18,"CogitoBucket":0,"Anchor":18,"MealTicket":14,"LetterFromLob":1,"Red Mask":12,"Snack Pack":13,"MiniHakkero":0,"ReplayTheSpireMod:DimensionalGlitch":8,"InspiredRelic":18,"Pocketwatch":21},{"RabbitCall":0,"LuminousBracelet":43,"The Courier":24,"Replay:Kaleidoscope":16,"Ginger":57,"SkinProphecy":60,"Pet Ghost":30,"Mercury Hourglass":24,"Sozu":70,"CogitoBucket":0,"Anchor":70,"MealTicket":57,"LetterFromLob":2,"Red Mask":50,"Snack Pack":54,"MiniHakkero":0,"ReplayTheSpireMod:DimensionalGlitch":38,"InspiredRelic":70,"Pocketwatch":85}],"Mercury Hourglass":[143],"Pocketwatch":[0]},"card_choices":[{"not_picked":["Acceleration","MysteriousBeam"],"picked":"AsteroidBelt","floor":1.0},{"not_picked":["LongBird","RedShoes"],"picked":"MeatLantern","floor":1.0},{"not_picked":["WitchLeyline","PowerUp"],"picked":"DragonMeteor","floor":2.0},{"not_picked":["Murderer","LittlePrince","Bloodbath"],"picked":"Singing Bowl","floor":2.0},{"not_picked":["AsteroidBelt","EnergyFlow"],"picked":"OpenUniverse","floor":3.0},{"not_picked":["BeautyBeast","MHz"],"picked":"VoidDream","floor":3.0},{"not_picked":["SpiderBud","OSAHOGD","CherryBlossoms"],"picked":"Singing Bowl","floor":6.0},{"not_picked":["Robbery","ShootTheMoon","Acceleration"],"picked":"SKIP","floor":6.0},{"not_picked":["DespairKnight","Wellcheers","WallGazer"],"picked":"Singing Bowl","floor":7.0},{"not_picked":["BlackSwan","CherryBlossoms"],"picked":"BeautyBeast","floor":7.0},{"not_picked":["PowerUp","IllusionStar","GalacticHalo"],"picked":"SKIP","floor":7.0},{"not_picked":["EventHorizon","UnstableBomb"],"picked":"EarthLightRay","floor":8.0},{"not_picked":["UniverseFragment","Porccubus","OSAHOGD"],"picked":"Singing Bowl","floor":8.0},{"not_picked":["PunishingBird","DespairKnight","Bloodbath"],"picked":"Singing Bowl","floor":14.0},{"not_picked":["PunishingBird","Freischutz"],"picked":"Murderer","floor":14.0},{"not_picked":["MaximisePower","Acceleration","DeepEcoloBomb"],"picked":"SKIP","floor":14.0},{"not_picked":["AbsoluteMagnitude","UltimateShortwave"],"picked":"ManaRampage","floor":16},{"not_picked":["MeltingLove","QueenBee","Scorched"],"picked":"Singing Bowl","floor":16},{"not_picked":["OldLady","WallGazer","CherryBlossoms"],"picked":"Singing Bowl","floor":18},{"not_picked":["SuperNova","MachineGunSpark","WitchOfGreed+1"],"picked":"SKIP","floor":18},{"not_picked":["PunishingBird","SpiderBud","LittleHelper"],"picked":"Singing Bowl","floor":19},{"not_picked":["StarBarrage","UnstableBomb","MilkyWay"],"picked":"SKIP","floor":19},{"not_picked":["OldLady","LaLuna","SnowQueen"],"picked":"Singing Bowl","floor":20},{"not_picked":["WhitesApple","OldLady","BigBird"],"picked":"Singing Bowl","floor":23},{"not_picked":["TreasureHunter","ChargingUp","EventHorizon+1"],"picked":"SKIP","floor":23},{"not_picked":["DeepEcoloBomb","FairyDestructionRay"],"picked":"GravityBeat+1","floor":25},{"not_picked":["Wellcheers","BigBadWolf","Bloodbath"],"picked":"Singing Bowl","floor":25},{"not_picked":["GalacticHalo","Orbital"],"picked":"StarlightTyphoon","floor":30},{"not_picked":["UniverseFragment","Alriune","MHz"],"picked":"Singing Bowl","floor":30},{"not_picked":["ShyLook","DreamingCurrent","WhitesApple"],"picked":"Singing Bowl","floor":31},{"not_picked":["NonDirectionalLaser+1","AbsoluteMagnitude","DarkMatter"],"picked":"SKIP","floor":31},{"not_picked":["StarDustReverie","CollectingQuirk"],"picked":"SatelliteIllusion","floor":33},{"not_picked":["LittlePrince","QueenOfHatred","CherryBlossoms"],"picked":"Singing Bowl","floor":33},{"not_picked":["PunishingBird","Alriune","GalaxyChild"],"picked":"Singing Bowl","floor":38},{"not_picked":["StarlightTyphoon+1","Robbery","AsteroidBelt+1"],"picked":"SKIP","floor":38},{"not_picked":["WitchLeyline+1","ShootingEcho"],"picked":"BlazeAway","floor":39},{"not_picked":["MHz","BigBadWolf"],"picked":"GreedKing","floor":39},{"not_picked":["LittleHelper","SilentOrchestra","NakedNest"],"picked":"Singing Bowl","floor":40},{"not_picked":["Acceleration+1","GalacticHalo","UnstableBomb+1"],"picked":"SKIP","floor":40}],"player_experience":1001625,"relics_obtained":[{"floor":1.0,"key":"LetterFromLob"},{"floor":6.0,"key":"Replay:Kaleidoscope"},{"floor":8.0,"key":"The Courier"},{"floor":9.0,"key":"Mercury Hourglass"},{"floor":14.0,"key":"Pet Ghost"},{"floor":20,"key":"Red Mask"},{"floor":23,"key":"Snack Pack"},{"floor":25,"key":"MealTicket"},{"floor":26,"key":"Ginger"},{"floor":40,"key":"Pocketwatch"}],"event_choices":[{"damage_healed":73.0,"max_hp_gain":0.0,"max_hp_loss":75.0,"gold_gain":0.0,"event_name":"betterThird:BetterShining","player_choice":"Upgrade","floor":5.0,"gold_loss":0.0,"damage_taken":15.0,"cards_upgraded":["Strike_MRS","Strike_MRS"]},{"damage_healed":0,"gold_gain":0,"player_choice":"Fought Bandits","damage_taken":0,"max_hp_gain":0,"max_hp_loss":0,"event_name":"Masked Bandits","floor":20,"gold_loss":0},{"damage_healed":0,"gold_gain":0,"player_choice":"Ignored","damage_taken":0,"max_hp_gain":0,"max_hp_loss":0,"event_name":"Vampires","floor":28,"gold_loss":0},{"damage_healed":0,"gold_gain":0,"player_choice":"Copied","damage_taken":0,"max_hp_gain":0,"max_hp_loss":0,"event_name":"Duplicator","floor":36,"gold_loss":0,"cards_obtained":["ManaRampage"]}],"is_beta":false,"boss_relics":[{"not_picked":["Calling Bell","Astrolabe"],"picked":"ReplayTheSpireMod:DimensionalGlitch"},{"not_picked":["Velvet Choker","ExperimentalFamiliar"],"picked":"Sozu"}],"items_purged_floors":[11,22],"is_endless":false,"potions_floor_spawned":[1,8,14,16,19,25,30,40],"killed_by":"Transient","ascension_level":5}}