{"host":"xjnif508alymour0","time":1610503641,"event":{"mods":["BaseMod","Downfall","Googly Eyes","Hermit","Minty Spire (QoL Compilation)","Replay The Spire","StSLib","The Cursed","everything is the same but u backflip on backflip"],"gold_per_floor":[111,111,129,129,140,140,155,155,206,206,206,206,206,220,233,311,311,432,432,447,362,386,409,122,122,142,142,192,217,252,267,288,288,288,411,411,434,453,476,84,150,189,189,522,547,547,118,118,128,28,28,28],"floor_reached":53,"language":"ENG","playtime":10028,"items_purged":["TheCursedMod:Strike_TheCursed","TheCursedMod:Defend_TheCursed","TheCursedMod:Defend_TheCursed"],"score":599,"play_id":"46d9d0aa-06ec-4dd8-88f1-124707ba9546","local_time":"20210112180721","is_ascension_mode":false,"campfire_choices":[{"data":"TheCursedMod:HellsGateOpen","floor":6,"key":"SMITH"},{"data":"TheCursedMod:CleanUpWorkshop","floor":10,"key":"SMITH"},{"data":"TheCursedMod:ReleasedStrength","floor":17,"key":"SMITH"},{"data":"TheCursedMod:ReleasedStrength","floor":25,"key":"SMITH"},{"data":"TheCursedMod:LuckyCharm","floor":27,"key":"SMITH"},{"floor":34,"key":"REST"},{"data":"TheCursedMod:DarkBarrier","floor":46,"key":"SMITH"},{"data":"TheCursedMod:CursedRelics","floor":51,"key":"SMITH"}],"circlet_count":0,"master_deck":["TheCursedMod:Strike_TheCursed+1","TheCursedMod:CursedWand","TheCursedMod:CleanUpWorkshop+1","TheCursedMod:HellsGateOpen+1","TheCursedMod:CursedArmor","TheCursedMod:RapidMovement","TheCursedMod:Obscuration","TheCursedMod:ReleasedStrength+1","TheCursedMod:DarkBarrier+1","TheCursedMod:WearCloak+1","TheCursedMod:ReleasedStrength+1","TheCursedMod:CursedStaff+1","TheCursedMod:SpitefulStrike","Dramatic Entrance","Apotheosis","TheCursedMod:LuckyCharm+1","TheCursedMod:Obscuration","TheCursedMod:AntiAging","TheCursedMod:SpitefulStrike","TheCursedMod:TroublousMinions","TheCursedMod:SpitefulStrike+1","TheCursedMod:ForbiddenAlchemy+1","TheCursedMod:SpitefulPlan+1","TheCursedMod:CursedShiv","TheCursedMod:HellsGateOpen+1","TheCursedMod:WearCloak","TheCursedMod:AshesToAshes","TheCursedMod:SaltUponWound+1","TheCursedMod:PrepareRite","Master of Strategy","expansioncontent:CaCaw","TheCursedMod:SpitefulPlan","TheCursedMod:CursedRelics+1","TheCursedMod:LuckyCharm+1"],"relics":["TheCursedMod:BlackMagic101","NeowsBlessing","ReplayFunnel","Ring of Misfortune","Ring of Peace","Lantern","Sozu","TheCursedMod:Tack","BargainBundle","Blood Vial","Replay:Wax Seal","Replay:PocketPolymizer","Black Star","Membership Card","Pet Ghost","Replay:Baseball","Replay:Multitool","Whetstone","Ornamental Fan","War Paint","Omamori","Torii"],"acts_visited":["Exordium","TheCity","TheBeyond"],"potions_floor_usage":[16,18,22,35],"damage_taken":[{"damage":0,"enemies":"2 Louse","floor":1,"turns":1},{"damage":0,"enemies":"Cultist","floor":3,"turns":1},{"damage":0,"enemies":"Small Slimes","floor":5,"turns":2},{"damage":0,"enemies":"Looter","floor":7,"turns":4},{"damage":0,"enemies":"Exordium Thugs","floor":14,"turns":5},{"damage":0,"enemies":"Blue Slaver","floor":15,"turns":6},{"damage":0,"enemies":"Lagavulin Event","floor":16,"turns":6},{"damage":4,"enemies":"Slime Boss","floor":18,"turns":12},{"damage":0,"enemies":"Shell Parasite","floor":20,"turns":6},{"damage":0,"enemies":"Spheric Guardian","floor":22,"turns":8},{"damage":0,"enemies":"Centurion and Healer","floor":23,"turns":5},{"damage":0,"enemies":"Shelled Parasite and Fungi","floor":26,"turns":5},{"damage":2,"enemies":"Sentry and Sphere","floor":29,"turns":7},{"damage":33,"enemies":"Gremlin Leader","floor":30,"turns":6},{"damage":10,"enemies":"Snake Plant","floor":31,"turns":5},{"damage":0,"enemies":"3 Cultists","floor":32,"turns":5},{"damage":0,"enemies":"Champ","floor":35,"turns":11},{"damage":0,"enemies":"3 Shapes","floor":37,"turns":4},{"damage":0,"enemies":"Orb Walker","floor":38,"turns":4},{"damage":15,"enemies":"4 Shapes","floor":39,"turns":8},{"damage":15,"enemies":"2 Orb Walkers","floor":41,"turns":6},{"damage":0,"enemies":"Nemesis","floor":42,"turns":11},{"damage":4,"enemies":"Sphere and 2 Shapes","floor":49,"turns":5},{"damage":0,"enemies":"Replay:Hell Engine","floor":52,"turns":8}],"seed_played":"-17683710733764879","potions_obtained":[{"floor":5,"key":"TheCursedMod:DregsPotion"},{"floor":7,"key":"Death Potion"},{"floor":16,"key":"Toxic Potion"},{"floor":18,"key":"Dexterity Potion"}],"is_trial":false,"path_per_floor":["M","?","M","?","M","R","M","?","T","R","PTL","PTL","?","M","M","?","R","B",null,"M","?","M","M","$","R","M","R","T","M","E","M","M","?","R","B",null,"M","M","M","$","?","E","R","?","T","R","$","?","M","$","R","B",null],"character_chosen":"THE_CURSED","items_purchased":["BargainBundle","TheCursedMod:SpitefulStrike","Dramatic Entrance","Apotheosis","TheCursedMod:LuckyCharm","Membership Card","Pet Ghost","TheCursedMod:HellsGateOpen","Replay:Baseball","Omamori","Torii","Master of Strategy","expansioncontent:CaCaw","TheCursedMod:SpitefulPlan","TheCursedMod:CursedRelics","TheCursedMod:LuckyCharm+1"],"campfire_rested":1,"item_purchase_floors":[24,24,24,24,24,40,40,40,40,47,47,47,47,47,50,50],"current_hp_per_floor":[75,75,75,68,68,68,68,68,68,68,68,68,68,68,68,68,68,64,69,69,69,69,69,69,69,69,69,69,67,38,32,34,34,55,60,76,76,76,63,63,50,54,78,78,78,78,78,78,78,78,78,80],"gold":28,"neow_bonus":"THREE_ENEMY_KILL","is_daily":false,"chose_seed":false,"campfire_upgraded":7,"win_rate":0.0,"timestamp":1610503641,"path_taken":["M","?","?","?","M","R","M","?","T","R","PTL","PTL","?","M","?","?","R","BOSS","M","?","M","M","$","R","M","R","T","M","E","M","M","?","R","BOSS","M","?","M","?","?","E","R","?","T","R","$","?","M","$","R","BOSS"],"items_purchased_type":["Relic","Card","Card","Card","Card","Relic","Relic","Card","Relic","Relic","Relic","Card","Card","Card","Card","Card"],"build_version":"2020-12-22","purchased_purges":3,"victory":true,"max_hp_per_floor":[75,75,75,75,75,75,75,69,69,69,69,69,69,69,69,69,69,69,69,69,69,69,69,69,69,69,69,69,69,71,73,73,73,73,76,76,76,76,78,78,78,80,80,80,80,80,80,80,82,82,82,82],"card_choices":[{"not_picked":["TheCursedMod:Stretching","TheCursedMod:CursedAmulet"],"picked":"TheCursedMod:HellsGateOpen","floor":1},{"not_picked":["TheCursedMod:CircleOfCorruption","TheCursedMod:TacticalStrike"],"picked":"TheCursedMod:CursedArmor","floor":3},{"not_picked":["TheCursedMod:SurpriseAttack","TheCursedMod:FleshFromBone"],"picked":"TheCursedMod:RapidMovement","floor":5},{"not_picked":["TheCursedMod:CursedStaff","TheCursedMod:CursedArmor","TheCursedMod:Stigma"],"picked":"SKIP","floor":7},{"not_picked":["TheCursedMod:CollectTribute","TheCursedMod:CursedBlade"],"picked":"TheCursedMod:Obscuration","floor":14},{"not_picked":["TheCursedMod:SurpriseAttack","TheCursedMod:CircleOfFlame"],"picked":"TheCursedMod:ReleasedStrength","floor":15},{"not_picked":["TheCursedMod:OutForBlood","TheCursedMod:StunningStrike"],"picked":"TheCursedMod:DarkBarrier","floor":18},{"not_picked":["TheCursedMod:CursedMace","TheCursedMod:Torture"],"picked":"TheCursedMod:WearCloak+1","floor":20},{"not_picked":["TheCursedMod:CursedBoomerang","TheCursedMod:Stigma+1"],"picked":"TheCursedMod:ReleasedStrength","floor":22},{"not_picked":["TheCursedMod:CircleOfCorruption","TheCursedMod:RavingStaff"],"picked":"TheCursedMod:CursedStaff+1","floor":23},{"not_picked":["TheCursedMod:SpitefulStrike","TheCursedMod:PrepareRite"],"picked":"TheCursedMod:Obscuration","floor":26},{"not_picked":["TheCursedMod:FleshFromBone+1","TheCursedMod:WearCloak"],"picked":"TheCursedMod:AntiAging","floor":29},{"not_picked":["TheCursedMod:CircleOfWindfury","TheCursedMod:CircleOfCorruption"],"picked":"TheCursedMod:SpitefulStrike","floor":30},{"not_picked":["TheCursedMod:AbyssShockwave","TheCursedMod:SoulCrush"],"picked":"TheCursedMod:TroublousMinions","floor":31},{"not_picked":["TheCursedMod:CursedMace","TheCursedMod:TacticalStrike","TheCursedMod:Obscuration"],"picked":"SKIP","floor":32},{"not_picked":["TheCursedMod:CircleOfAbyss","TheCursedMod:StunningStrike"],"picked":"TheCursedMod:ForbiddenAlchemy","floor":35},{"not_picked":["TheCursedMod:AbyssShockwave+1","TheCursedMod:LuckyCharm"],"picked":"TheCursedMod:CursedBlade","floor":37},{"not_picked":["TheCursedMod:CursedMace","TheCursedMod:SmokeScreen+1"],"picked":"TheCursedMod:SpitefulPlan+1","floor":38},{"not_picked":["TheCursedMod:Obscuration+1","TheCursedMod:CircleOfWindfury+1"],"picked":"TheCursedMod:CursedShiv","floor":39},{"not_picked":["TheCursedMod:SpreadPlague","TheCursedMod:StingEye+1"],"picked":"TheCursedMod:WearCloak","floor":41},{"not_picked":["TheCursedMod:FleshFromBone","TheCursedMod:CursedMace"],"picked":"TheCursedMod:AshesToAshes","floor":42},{"not_picked":["TheCursedMod:Stretching+1","TheCursedMod:CursedMace","TheCursedMod:FleshFromBone+1"],"picked":"SKIP","floor":49}],"player_experience":72918,"relics_obtained":[{"floor":9,"key":"ReplayFunnel"},{"floor":13,"key":"Ring of Misfortune"},{"floor":13,"key":"Ring of Peace"},{"floor":16,"key":"Lantern"},{"floor":28,"key":"Blood Vial"},{"floor":30,"key":"Replay:Wax Seal"},{"floor":41,"key":"Replay:Multitool"},{"floor":42,"key":"Whetstone"},{"floor":42,"key":"Ornamental Fan"},{"floor":45,"key":"War Paint"}],"event_choices":[{"cards_removed":["TheCursedMod:Dregs"],"damage_healed":0,"gold_gain":0,"player_choice":"Removed Curses","damage_taken":0,"max_hp_gain":0,"max_hp_loss":0,"event_name":"Fountain of Cleansing","floor":2,"gold_loss":0},{"cards_removed":["TheCursedMod:Strike_TheCursed"],"damage_healed":0,"gold_gain":0,"player_choice":"Card Removal","damage_taken":7,"max_hp_gain":0,"max_hp_loss":0,"event_name":"Golden Wing","floor":4,"gold_loss":0},{"damage_healed":0,"gold_gain":0,"player_choice":"Lose Max HP","damage_taken":0,"relics_obtained":["Golden Idol"],"max_hp_gain":0,"max_hp_loss":6,"event_name":"Golden Idol","floor":8,"gold_loss":0},{"damage_healed":0,"gold_gain":0,"player_choice":"Searched \u00272\u0027 times","damage_taken":0,"max_hp_gain":0,"max_hp_loss":0,"event_name":"Dead Adventurer","floor":16,"gold_loss":0},{"damage_healed":0,"gold_gain":0,"player_choice":"Obtained Relic","damage_taken":0,"relics_obtained":["TheCursedMod:Tack"],"max_hp_gain":0,"max_hp_loss":0,"event_name":"Addict","floor":21,"gold_loss":85},{"damage_healed":0,"gold_gain":0,"player_choice":"Fight","damage_taken":0,"max_hp_gain":0,"max_hp_loss":0,"event_name":"Mysterious Sphere","floor":41,"gold_loss":0},{"damage_healed":0,"gold_gain":333,"player_choice":"Gave Idol","damage_taken":0,"max_hp_gain":0,"max_hp_loss":0,"event_name":"The Moai Head","floor":44,"relics_lost":["Golden Idol"],"gold_loss":0},{"cards_removed":["TheCursedMod:CursedBlade"],"damage_healed":0,"gold_gain":0,"player_choice":"Removed Attack","damage_taken":0,"max_hp_gain":0,"max_hp_loss":0,"event_name":"Falling","floor":48,"gold_loss":0}],"is_beta":false,"boss_relics":[{"not_picked":["Cursed Key","Tiny House"],"picked":"Sozu"},{"not_picked":["Painkiller Herb","Runic Pyramid"],"picked":"Black Star"}],"items_purged_floors":[24,40,47],"is_endless":false,"potions_floor_spawned":[5,7,16,18,22,23,29,31,38,39,41,49],"ascension_level":0}}