{"host":"l7l2v2zs4hqku4vk","time":1610537942,"event":{"mods":["Act Like it!","BaseMod","Colored Powertips","Highlight Path","Minty Spire (QoL Compilation)","Replay The Spire","RumiaBox-露米娅的神秘盒子","StSLib","TestMod","The Servant 0.9.4","篝火指南"],"gold_per_floor":[111,122,122,149,149,181,106,118,141,141,155,222,232,282,282,282,282],"floor_reached":16,"language":"ZHS","playtime":630,"items_purged":["Strike_R"],"score":204,"play_id":"bc0da4cc-fff3-492c-be50-a565b09efd9a","local_time":"20210113193902","is_ascension_mode":true,"campfire_choices":[{"data":"Bloodletting","floor":10,"key":"SMITH"},{"data":"Armaments","floor":15,"key":"SMITH"}],"circlet_count":0,"master_deck":["AscendersBane","Strike_R","Strike_R","Defend_R","Defend_R","Defend_R","Defend_R","Bash","Defy Death","Pommel Strike","Barricade","Bloodletting+1","Spot Weakness","Entrench","Armaments+1"],"relics":["Burning Blood","testmod-TestBox","testmod-ChristmasGift","ReplayTheSpireMod:Spearhead","SsserpentHead","Tiny Chest","SSSystem"],"acts_visited":["Exordium"],"potions_floor_usage":[1,2,6,6,11,11,12,13,13,16],"damage_taken":[{"damage":12,"enemies":"Small Slimes","floor":1,"turns":1},{"damage":14,"enemies":"Jaw Worm","floor":2,"turns":3},{"damage":26,"enemies":"Gremlin Nob","floor":6,"turns":4},{"damage":1,"enemies":"Cultist","floor":8,"turns":4},{"damage":8,"enemies":"2 Fungi Beasts","floor":11,"turns":3},{"damage":14,"enemies":"Exordium Thugs","floor":12,"turns":3},{"damage":19,"enemies":"Blue Slaver","floor":13,"turns":4},{"damage":43,"enemies":"Slime Boss","floor":16,"turns":6}],"seed_played":"-8334473854981863281","potions_obtained":[{"floor":6,"key":"Energy Potion"},{"floor":11,"key":"ColorlessPotion"},{"floor":12,"key":"Adrenaline Potion"},{"floor":13,"key":"Dexterity Potion"}],"is_trial":false,"path_per_floor":["M","M","?","T","?","E","$","M","T","R","M","M","M","?","R","B"],"character_chosen":"IRONCLAD","items_purchased":[],"campfire_rested":0,"item_purchase_floors":[],"current_hp_per_floor":[62,57,57,57,57,41,41,47,47,47,48,41,29,29,29,0,0],"gold":282,"neow_bonus":"TRANSFORM_CARD","is_daily":false,"chose_seed":false,"campfire_upgraded":2,"win_rate":0.0,"timestamp":1610537942,"path_taken":["M","M","?","?","?","E","$","M","T","R","M","?","M","?","R","BOSS"],"items_purchased_type":[],"build_version":"2020-12-22","purchased_purges":1,"victory":false,"max_hp_per_floor":[75,75,75,75,75,75,75,75,75,75,75,75,75,75,75,75,75],"card_choices":[{"not_picked":["ReplayTheSpireMod:Muscle Training","Pummel"],"picked":"Pommel Strike","floor":1},{"not_picked":["ReplayTheSpireMod:Strike From Hell","Life Link","Heavy Blade"],"picked":"SKIP","floor":2},{"not_picked":["Massacre","ReplayTheSpireMod:LeadingStrike"],"picked":"Barricade","floor":6},{"not_picked":["Pommel Strike","Cleave"],"picked":"Bloodletting","floor":8},{"not_picked":["Clothesline","ReplayTheSpireMod:LeadingStrike"],"picked":"Spot Weakness","floor":11},{"not_picked":["Metallicize","Searing Blow"],"picked":"Entrench","floor":12},{"not_picked":["Shrug It Off","Life Link"],"picked":"Armaments","floor":13}],"player_experience":1696333,"relics_obtained":[{"floor":4,"key":"ReplayTheSpireMod:Spearhead"},{"floor":6,"key":"Tiny Chest"},{"floor":9,"key":"SSSystem"}],"event_choices":[{"cards_removed":["Strike_R"],"damage_healed":0,"gold_gain":0,"player_choice":"Forget","damage_taken":0,"max_hp_gain":0,"max_hp_loss":0,"event_name":"Living Wall","floor":3,"gold_loss":0},{"damage_healed":0,"gold_gain":0,"player_choice":"Trade","damage_taken":0,"relics_obtained":["SsserpentHead"],"max_hp_gain":0,"max_hp_loss":0,"event_name":"FaceTrader","floor":5,"gold_loss":0},{"damage_healed":0,"gold_gain":0,"player_choice":"Ignored","damage_taken":0,"max_hp_gain":0,"max_hp_loss":0,"event_name":"给自己的盒子","floor":14,"gold_loss":0}],"is_beta":false,"boss_relics":[],"items_purged_floors":[7],"is_endless":false,"potions_floor_spawned":[6,11,12,13],"killed_by":"Slime Boss","ascension_level":20}}