{"host":"x21cvmfdo17nyhii","time":1610526006,"event":{"mods":["AchievementEnabler","BaseMod","Colored Map","Colored Powertips","DeckTracker","Highlight Path","Minty Spire (QoL Compilation)","Quick Restart","Rare Cards Sparkle","SuperFastMode"],"gold_per_floor":[113,113,130,143,156,156,166,166,246,246,262,293,319,319,319,415,415,427,427,187,202,221,221,221,235,235,245,245,245],"floor_reached":28,"language":"ENG","playtime":1187,"items_purged":["Strike_R"],"score":222,"play_id":"eea1f0f7-eb7e-4d68-b5dc-54e1be2e8068","local_time":"20210113002006","is_ascension_mode":false,"campfire_choices":[{"data":"Seeing Red","floor":6.0,"key":"SMITH"},{"data":"Bash","floor":8.0,"key":"SMITH"},{"data":"Shrug It Off","floor":10.0,"key":"SMITH"},{"floor":15.0,"key":"REST"},{"data":"Corruption","floor":23.0,"key":"SMITH"}],"circlet_count":0,"master_deck":["Strike_R","Strike_R","Strike_R","Defend_R","Defend_R","Defend_R","Bash+1","Dropkick","Seeing Red+1","Pummel","Shrug It Off+1","Intimidate","Flame Barrier","Double Tap","Cleave+1","Thinking Ahead","Corruption+1","Thunderclap","Reaper","Blood for Blood","Dropkick+1"],"relics":["Burning Blood"],"acts_visited":["Exordium","TheCity"],"potions_floor_usage":[],"damage_taken":[{"damage":15.0,"enemies":"Jaw Worm","floor":1.0,"turns":5.0},{"damage":1.0,"enemies":"Cultist","floor":3.0,"turns":3.0},{"damage":2.0,"enemies":"Small Slimes","floor":4.0,"turns":4.0},{"damage":16.0,"enemies":"Blue Slaver","floor":5.0,"turns":6.0},{"damage":18.0,"enemies":"Lots of Slimes","floor":7.0,"turns":5.0},{"damage":0.0,"enemies":"3 Louse","floor":11.0,"turns":5.0},{"damage":18.0,"enemies":"3 Sentries","floor":12.0,"turns":13.0},{"damage":47.0,"enemies":"Slime Boss","floor":16.0,"turns":15.0},{"damage":40.0,"enemies":"Shell Parasite","floor":18.0,"turns":11.0},{"damage":1.0,"enemies":"Spheric Guardian","floor":21.0,"turns":5.0},{"damage":4.0,"enemies":"Snecko","floor":22.0,"turns":5.0},{"damage":22.0,"enemies":"Cultist and Chosen","floor":25.0,"turns":6.0},{"damage":42.0,"enemies":"Snake Plant","floor":27.0,"turns":3.0},{"damage":25,"enemies":"3 Cultists","floor":28,"turns":3}],"seed_played":"-4679064997992767212","potions_obtained":[{"floor":1.0,"key":"DistilledChaos"},{"floor":2.0,"key":"Fire Potion"},{"floor":2.0,"key":"BloodPotion"},{"floor":2.0,"key":"PowerPotion"},{"floor":7.0,"key":"SteroidPotion"},{"floor":16.0,"key":"FearPotion"},{"floor":18.0,"key":"DistilledChaos"},{"floor":25.0,"key":"SkillPotion"}],"is_trial":false,"path_per_floor":["M","?","M","M","M","R","M","R","T","R","M","E","T","?","R","B",null,"M","?","$","M","M","R","?","M","T","M","M"],"character_chosen":"IRONCLAD","items_purchased":["Thinking Ahead"],"campfire_rested":1,"item_purchase_floors":[20],"current_hp_per_floor":[79,88,88,88,78,78,66,66,66,66,72,60,60,57,83,42,88,54,54,54,59,61,61,61,49,49,13,0,0],"gold":245,"neow_bonus":"TEN_PERCENT_HP_BONUS","is_daily":false,"chose_seed":false,"campfire_upgraded":4,"win_rate":0.0,"timestamp":1610526006,"path_taken":["M","?","?","?","M","R","M","R","T","R","M","E","?","?","R","BOSS","M","?","$","?","M","R","?","M","T","M","M"],"items_purchased_type":["Card"],"build_version":"2020-12-22","purchased_purges":1,"victory":false,"max_hp_per_floor":[88,88,88,88,88,88,88,88,88,88,88,88,88,88,88,88,88,88,88,88,88,88,88,88,88,88,88,88,88],"card_choices":[{"not_picked":["Armaments","Blood for Blood"],"picked":"Dropkick","floor":1.0},{"not_picked":["Heavy Blade","Hemokinesis","Armaments"],"picked":"SKIP","floor":3.0},{"not_picked":["Evolve","Heavy Blade"],"picked":"Seeing Red","floor":4.0},{"not_picked":["Combust","Wild Strike"],"picked":"Pummel","floor":5.0},{"not_picked":["Headbutt","Intimidate"],"picked":"Shrug It Off","floor":7.0},{"not_picked":["Power Through","Armaments"],"picked":"Intimidate","floor":11.0},{"not_picked":["Spot Weakness","Iron Wave"],"picked":"Flame Barrier","floor":12.0},{"not_picked":["Immolate","Bludgeon"],"picked":"Double Tap","floor":16.0},{"not_picked":["Clothesline+1","Disarm"],"picked":"Cleave+1","floor":18.0},{"not_picked":["Headbutt","Flex"],"picked":"Corruption","floor":21.0},{"not_picked":["Pommel Strike","Clothesline"],"picked":"Thunderclap","floor":22.0},{"not_picked":["Pommel Strike","Havoc"],"picked":"Dropkick+1","floor":25.0},{"not_picked":["Twin Strike","Heavy Blade","Anger"],"picked":"SKIP","floor":27.0}],"player_experience":330469,"relics_obtained":[],"event_choices":[{"damage_healed":0.0,"max_hp_gain":0.0,"max_hp_loss":0.0,"gold_gain":0.0,"event_name":"Lab","player_choice":"Got Potions","floor":2.0,"gold_loss":0.0,"damage_taken":0.0},{"damage_healed":0.0,"max_hp_gain":0.0,"max_hp_loss":0.0,"gold_gain":0.0,"event_name":"Scrap Ooze","player_choice":"Fled","floor":14.0,"gold_loss":0.0,"damage_taken":3.0},{"damage_healed":0.0,"max_hp_gain":0.0,"max_hp_loss":0.0,"gold_gain":0.0,"event_name":"The Woman in Blue","player_choice":"Bought 0 Potions","floor":19.0,"gold_loss":0.0,"damage_taken":0.0},{"damage_healed":0.0,"max_hp_gain":0.0,"max_hp_loss":0.0,"gold_gain":0.0,"cards_transformed":["Strike_R","Defend_R"],"event_name":"Drug Dealer","player_choice":"Became Test Subject","floor":24.0,"gold_loss":0.0,"damage_taken":0.0,"cards_obtained":["Reaper","Blood for Blood"]}],"is_beta":false,"boss_relics":[{"not_picked":["Velvet Choker","Runic Pyramid","Pandora\u0027s Box"]}],"items_purged_floors":[20],"is_endless":false,"potions_floor_spawned":[1,3,7,16,18,25],"killed_by":"3 Cultists","ascension_level":0}}