{"host":"fuszjwm6fqgjjp4d","time":1610523858,"event":{"mods":["BaseMod","Bestiary","Colored Map","DeckTracker","Minty Spire (QoL Compilation)","Permanent Neow","Relic Sorter","Relic Stats","StSLib"],"gold_per_floor":[20,32,43,53,69,102,67,67,67],"floor_reached":8,"language":"ENG","playtime":398,"items_purged":[],"score":120,"play_id":"22c62eb2-c06b-42f8-b485-55be2f68c3cc","local_time":"20210113014418","is_ascension_mode":true,"campfire_choices":[],"circlet_count":0,"master_deck":["AscendersBane","Strike_G","Strike_G","Strike_G","Strike_G","Strike_G","Defend_G","Defend_G","Defend_G","Defend_G","Defend_G","Survivor","Neutralize","After Image","Blade Dance","Footwork","Sucker Punch","Masterful Stab","Endless Agony","Terror"],"relics":["Ring of the Snake","MealTicket"],"acts_visited":["Exordium"],"potions_floor_usage":[6],"damage_taken":[{"damage":0.0,"enemies":"2 Louse","floor":1.0,"turns":5.0},{"damage":2.0,"enemies":"Small Slimes","floor":2.0,"turns":4.0},{"damage":1.0,"enemies":"Cultist","floor":3.0,"turns":4.0},{"damage":9.0,"enemies":"Large Slime","floor":4.0,"turns":8.0},{"damage":0.0,"enemies":"Exordium Wildlife","floor":5.0,"turns":4.0},{"damage":36,"enemies":"Gremlin Nob","floor":6,"turns":5},{"damage":32,"enemies":"3 Sentries","floor":8,"turns":10}],"seed_played":"-5018119032138164513","potions_obtained":[{"floor":3.0,"key":"SpeedPotion"},{"floor":4.0,"key":"SkillPotion"}],"is_trial":false,"path_per_floor":["M","M","M","M","M","E","?","E"],"character_chosen":"THE_SILENT","items_purchased":[],"campfire_rested":0,"item_purchase_floors":[],"current_hp_per_floor":[59,57,56,47,47,11,27,0,0],"gold":67,"neow_bonus":"THREE_RARE_CARDS","is_daily":false,"chose_seed":false,"campfire_upgraded":0,"win_rate":0.0,"timestamp":1610523858,"path_taken":["M","M","M","M","M","E","?","E"],"items_purchased_type":[],"build_version":"2020-12-22","purchased_purges":0,"victory":false,"max_hp_per_floor":[66,66,66,66,66,66,66,66,66],"relic_stats":{"counters":[7,40],"MealTicket":0,"obtain_stats":[{"MealTicket":6,"Ring of the Snake":0},{"MealTicket":6,"Ring of the Snake":0},{"MealTicket":30,"Ring of the Snake":0}],"Ring of the Snake":[14]},"card_choices":[{"not_picked":["Doppelganger","Venomology"],"picked":"After Image","floor":0.0},{"not_picked":["Dagger Throw","Crippling Poison"],"picked":"Blade Dance","floor":1.0},{"not_picked":["Backstab","Acrobatics"],"picked":"Footwork","floor":2.0},{"not_picked":["Deflect","Bane"],"picked":"Sucker Punch","floor":3.0},{"not_picked":["Skewer","Predator"],"picked":"Masterful Stab","floor":4.0},{"not_picked":["PiercingWail","Slice"],"picked":"Endless Agony","floor":5.0},{"not_picked":["Dash","Predator"],"picked":"Terror","floor":6}],"player_experience":1286268,"relics_obtained":[{"floor":6,"key":"MealTicket"}],"event_choices":[{"damage_healed":16,"gold_gain":0,"player_choice":"Healed","damage_taken":0,"max_hp_gain":0,"max_hp_loss":0,"event_name":"The Cleric","floor":7,"gold_loss":35}],"is_beta":false,"boss_relics":[],"items_purged_floors":[],"is_endless":false,"potions_floor_spawned":[3,4,5],"killed_by":"3 Sentries","ascension_level":20}}