{"host":"sf9jac3ppl7h88gj","time":1610550116,"event":{"mods":["AchievementEnabler","Ascension Unlocker","BaseMod","Colored Map","Custom Start","Force Act Four","Minty Spire (QoL Compilation)","Replay The Spire","StSLib"],"gold_per_floor":[110,110,130,146,146,146,181,181,204,222,232,258,277,297,297,396,396,408,423,433,461,481,481,498,498,498,438,452,452,452],"floor_reached":29,"language":"ENG","playtime":62014,"items_purged":[],"score":241,"play_id":"8005da96-4b40-4ba4-9433-037a4de0e86c","local_time":"20210113100156","is_ascension_mode":false,"campfire_choices":[{"data":"Collect","floor":6,"key":"SMITH"},{"floor":8,"key":"REST"},{"floor":15,"key":"REST"},{"floor":23,"key":"REST"},{"floor":25,"key":"REST"}],"circlet_count":0,"master_deck":["Strike_P+1","Strike_P","Strike_P+1","Strike_P","Defend_P","Defend_P","Defend_P+1","Eruption","Vigilance+1","Perseverance","Collect+1","Consecrate","LessonLearned+1","FlurryOfBlows+1","BowlingBash","Crescendo","Sanctity","EmptyBody","ConjureBlade","ClearTheMind+1","Perseverance+1","EmptyFist+1","Halt+1","Consecrate","Blasphemy","Replay:ManipulateFuture"],"relics":["HolyWater","Art of War","Bag of Marbles","Lantern","Juzu Bracelet","Red Mask","Prayer Wheel"],"acts_visited":["Exordium","TheCity"],"potions_floor_usage":[12,13,16,21,29],"damage_taken":[{"damage":0,"enemies":"2 Louse","floor":1,"turns":3},{"damage":0,"enemies":"Jaw Worm","floor":3,"turns":3},{"damage":2,"enemies":"Cultist","floor":4,"turns":7},{"damage":10,"enemies":"Gremlin Nob","floor":7,"turns":3},{"damage":0,"enemies":"2 Fungi Beasts","floor":10,"turns":3},{"damage":16,"enemies":"3 Louse","floor":11,"turns":5},{"damage":4,"enemies":"3 Sentries","floor":12,"turns":5},{"damage":3,"enemies":"Gremlin Gang","floor":13,"turns":2},{"damage":0,"enemies":"Large Slime","floor":14,"turns":3},{"damage":14,"enemies":"Fading Forest","floor":16,"turns":11},{"damage":18,"enemies":"2 Thieves","floor":18,"turns":3},{"damage":8,"enemies":"Spheric Guardian","floor":19,"turns":4},{"damage":27,"enemies":"Snake Plant","floor":20,"turns":5},{"damage":10,"enemies":"Masked Bandits","floor":21,"turns":4},{"damage":4,"enemies":"Shelled Parasite and Fungi","floor":22,"turns":3},{"damage":16,"enemies":"Centurion and Healer","floor":24,"turns":5},{"damage":13,"enemies":"Snake Plant","floor":28,"turns":6},{"damage":23,"enemies":"Gremlin Leader","floor":29,"turns":7}],"seed_played":"6937356848154931776","potions_obtained":[{"floor":10,"key":"AttackPotion"},{"floor":11,"key":"Adrenaline Potion"},{"floor":12,"key":"SteroidPotion"},{"floor":16,"key":"Ancient Potion"},{"floor":18,"key":"Elixir"},{"floor":19,"key":"Doom Potion"},{"floor":22,"key":"GamblersBrew"},{"floor":28,"key":"BottledMiracle"}],"is_trial":false,"path_per_floor":["M","?","M","M","?","R","E","R","T","M","M","E","M","M","R","B",null,"M","M","M","?","M","R","M","R","T","?","M","E"],"character_chosen":"WATCHER","items_purchased":[],"campfire_rested":4,"item_purchase_floors":[],"current_hp_per_floor":[72,65,65,63,56,56,46,67,67,67,51,47,44,44,65,63,72,54,46,19,9,5,26,10,31,31,31,18,0,0],"gold":452,"neow_bonus":"RANDOM_COMMON_RELIC","is_daily":false,"chose_seed":false,"campfire_upgraded":1,"win_rate":0.0,"timestamp":1610550116,"path_taken":["M","?","M","M","?","R","E","R","T","M","M","E","M","M","R","BOSS","M","M","M","?","M","R","M","R","T","?","M","E"],"items_purchased_type":[],"build_version":"2020-12-22","purchased_purges":0,"victory":false,"max_hp_per_floor":[72,72,72,72,72,72,72,72,72,72,72,72,72,72,72,72,72,72,72,72,72,72,72,72,72,72,72,72,72,72],"card_choices":[{"not_picked":["EmptyFist","BowlingBash"],"picked":"Perseverance","floor":1},{"not_picked":["WaveOfTheHand","ThirdEye"],"picked":"Collect","floor":3},{"not_picked":["ClearTheMind","BowlingBash"],"picked":"Consecrate","floor":4},{"not_picked":["BowlingBash","ThirdEye"],"picked":"LessonLearned","floor":7},{"not_picked":["EmptyFist","Pray"],"picked":"FlurryOfBlows","floor":10},{"not_picked":["Prostrate","Evaluate"],"picked":"BowlingBash","floor":11},{"not_picked":["Adaptation","JustLucky"],"picked":"Crescendo","floor":12},{"not_picked":["PathToVictory","BowlingBash"],"picked":"Sanctity","floor":13},{"not_picked":["Crescendo","Ragnarok"],"picked":"EmptyBody","floor":14},{"not_picked":["Omniscience","Replay:AllIn"],"picked":"ConjureBlade","floor":16},{"not_picked":["Crescendo","Indignation"],"picked":"ClearTheMind+1","floor":18},{"not_picked":["Replay:BluntJabs","ClearTheMind"],"picked":"Perseverance+1","floor":19},{"not_picked":["Protect","Replay:AtTheReady"],"picked":"EmptyFist+1","floor":20},{"not_picked":["CutThroughFate","FlyingSleeves+1"],"picked":"Halt+1","floor":21},{"not_picked":["Replay:Vibes","SandsOfTime"],"picked":"Consecrate","floor":22},{"not_picked":["EmptyBody","Halt+1","Conclude"],"picked":"SKIP","floor":24},{"not_picked":["Replay:Cycle","CutThroughFate"],"picked":"Blasphemy","floor":28},{"not_picked":["EmptyFist","BowlingBash"],"picked":"Replay:ManipulateFuture","floor":28}],"player_experience":1113587,"relics_obtained":[{"floor":7,"key":"Lantern"},{"floor":12,"key":"Juzu Bracelet"},{"floor":21,"key":"Red Mask"},{"floor":26,"key":"Prayer Wheel"}],"event_choices":[{"cards_removed":["Defend_P"],"damage_healed":0,"gold_gain":0,"player_choice":"Card Removal","damage_taken":7,"max_hp_gain":0,"max_hp_loss":0,"event_name":"Golden Wing","floor":2,"gold_loss":0},{"damage_healed":0,"gold_gain":0,"player_choice":"Success","damage_taken":7,"relics_obtained":["Bag of Marbles"],"max_hp_gain":0,"max_hp_loss":0,"event_name":"Scrap Ooze","floor":5,"gold_loss":0},{"damage_healed":0,"gold_gain":0,"player_choice":"Fought Bandits","damage_taken":0,"max_hp_gain":0,"max_hp_loss":0,"event_name":"Masked Bandits","floor":21,"gold_loss":0}],"is_beta":false,"boss_relics":[{"not_picked":["Philosopher\u0027s Stone","Snecko Eye"],"picked":"HolyWater"}],"items_purged_floors":[],"is_endless":false,"potions_floor_spawned":[10,11,12,16,18,19,22,28],"killed_by":"Gremlin Leader","ascension_level":0}}