{"host":"11728qvdvolffudn","time":1610551792,"event":{"mods":["BaseMod","Block Reminder","Colored Powertips","Curses Come First","Custom Start","Displayed Cursed Tome","Highlight Path","Minty Spire (QoL Compilation)","Permanent Neow","Quick Restart","Rare Cards Sparkle","Relic Stats","StSLib"],"gold_per_floor":[115,126,126,51,70,70,82,82,134,162,162,175,175,190,190,190,190],"floor_reached":16,"language":"ENG","playtime":835,"items_purged":["Strike_B"],"score":102,"play_id":"5f6ddcf1-2a6c-4bec-ad4b-940f8da31d3c","local_time":"20210113152952","is_ascension_mode":false,"campfire_choices":[{"data":"White Noise","floor":6,"key":"SMITH"},{"floor":8,"key":"REST"},{"data":"Zap","floor":13,"key":"SMITH"},{"floor":15,"key":"REST"}],"circlet_count":0,"master_deck":["Strike_B","Strike_B","Defend_B","Defend_B","Defend_B","Zap+1","Dualcast","Capacitor","Cold Snap","Capacitor","White Noise+1","Glacier","BootSequence"],"relics":["Cracked Core","Pen Nib","Blood Vial","Pantograph"],"acts_visited":["Exordium"],"potions_floor_usage":[10,16,16],"damage_taken":[{"damage":2,"enemies":"2 Louse","floor":1,"turns":4},{"damage":1,"enemies":"Small Slimes","floor":2,"turns":4},{"damage":0,"enemies":"Cultist","floor":5,"turns":4},{"damage":36,"enemies":"Gremlin Gang","floor":7,"turns":8},{"damage":30,"enemies":"3 Sentries","floor":10,"turns":9},{"damage":0,"enemies":"Blue Slaver","floor":12,"turns":6},{"damage":5,"enemies":"Lots of Slimes","floor":14,"turns":5},{"damage":66,"enemies":"The Guardian","floor":16,"turns":15}],"seed_played":"-8694990529741673044","potions_obtained":[{"floor":5,"key":"BlessingOfTheForge"},{"floor":7,"key":"SneckoOil"},{"floor":14,"key":"CultistPotion"}],"is_trial":false,"path_per_floor":["M","M","?","$","M","R","M","R","T","E","?","M","R","M","R","B"],"character_chosen":"DEFECT","items_purchased":[],"campfire_rested":2,"item_purchase_floors":[],"current_hp_per_floor":[73,72,60,60,60,60,24,46,46,18,18,20,20,17,39,0,0],"gold":190,"neow_bonus":"TRANSFORM_CARD","is_daily":false,"chose_seed":false,"campfire_upgraded":2,"win_rate":0.0,"timestamp":1610551792,"path_taken":["M","M","?","$","M","R","M","R","T","E","?","M","R","?","R","BOSS"],"items_purchased_type":[],"build_version":"2020-12-22","purchased_purges":1,"victory":false,"max_hp_per_floor":[75,75,75,75,75,75,75,75,75,75,75,75,75,75,75,75,75],"relic_stats":{"Blood Vial":8,"counters":[8,55],"Pantograph":25,"Pen Nib":[3],"obtain_stats":[{"Blood Vial":9,"Pantograph":10,"Pen Nib":3,"Cracked Core":0},{"Blood Vial":4,"Pantograph":5,"Pen Nib":2,"Cracked Core":0},{"Blood Vial":20,"Pantograph":29,"Pen Nib":8,"Cracked Core":0}]},"card_choices":[{"not_picked":["Ball Lightning","Steam Power"],"picked":"Cold Snap","floor":1},{"not_picked":["Coolheaded","Turbo"],"picked":"Capacitor","floor":2},{"not_picked":["Steam Power","Turbo"],"picked":"White Noise","floor":5},{"not_picked":["Steam","Auto Shields","Turbo"],"picked":"SKIP","floor":7},{"not_picked":["Barrage","Ball Lightning","Electrodynamics"],"picked":"SKIP","floor":10},{"not_picked":["Doom and Gloom","Rebound"],"picked":"BootSequence","floor":12},{"not_picked":["Streamline","Conserve Battery","White Noise"],"picked":"SKIP","floor":14}],"player_experience":112038,"relics_obtained":[{"floor":9,"key":"Blood Vial"},{"floor":10,"key":"Pantograph"}],"event_choices":[{"damage_healed":0,"gold_gain":0,"player_choice":"Success","damage_taken":12,"relics_obtained":["Pen Nib"],"max_hp_gain":0,"max_hp_loss":0,"event_name":"Scrap Ooze","floor":3,"gold_loss":0},{"damage_healed":0,"gold_gain":0,"cards_transformed":["Defend_B"],"player_choice":"Transformed","damage_taken":0,"max_hp_gain":0,"max_hp_loss":0,"event_name":"Transmorgrifier","floor":11,"gold_loss":0,"cards_obtained":["Glacier"]}],"is_beta":false,"boss_relics":[],"items_purged_floors":[4],"is_endless":false,"potions_floor_spawned":[5,7,14],"killed_by":"The Guardian","ascension_level":0}}