{"host":"sav7uxregyirlf69","time":1610546211,"event":{"mods":["AchievementEnabler","BaseMod","Colored Map","DeckTracker","Keyboard Shortcuts","Minty Spire (QoL Compilation)","READ ME - Guardian Mod","StSLib","SuperFastMode"],"gold_per_floor":[112,123,135,135,148,174,174,192,192,192,192,117,117,147,147,226,226,243,19,19,19,33,33,64,64,145,159,159,159],"floor_reached":28,"language":"KOR","playtime":550,"items_purged":["Strike_B"],"score":496,"play_id":"0e3be381-f6e2-4b52-8b94-e297b5278df1","local_time":"20210113225651","is_ascension_mode":true,"campfire_choices":[{"floor":7,"key":"REST"},{"floor":11,"key":"REST"},{"data":"Defragment","floor":13,"key":"SMITH"},{"data":"Zap","floor":15,"key":"SMITH"},{"data":"Coolheaded","floor":23,"key":"SMITH"}],"circlet_count":0,"master_deck":["AscendersBane","Defend_B","Defend_B","Defend_B","Defend_B","Zap+1","Dualcast","Ball Lightning","Ball Lightning","Loop","Defragment+1","Rebound","Capacitor","Reinforced Body","Cold Snap","Finesse","Coolheaded+1","Double Energy+1","Glacier"],"relics":["Black Star","Akabeko","Ancient Tea Set","StrikeDummy","Thread and Needle","Vajra","Coffee Dripper","Art of War","Gremlin Horn","Frozen Egg 2"],"acts_visited":["Exordium","TheCity"],"potions_floor_usage":[6,14,16,24,24,25],"damage_taken":[{"damage":12,"enemies":"Jaw Worm","floor":1,"turns":3},{"damage":9,"enemies":"2 Louse","floor":2,"turns":7},{"damage":10,"enemies":"Small Slimes","floor":3,"turns":3},{"damage":11,"enemies":"Blue Slaver","floor":5,"turns":4},{"damage":19,"enemies":"3 Sentries","floor":6,"turns":9},{"damage":9,"enemies":"Lots of Slimes","floor":8,"turns":4},{"damage":21,"enemies":"Lagavulin","floor":14,"turns":7},{"damage":9,"enemies":"Slime Boss","floor":16,"turns":5},{"damage":8,"enemies":"3 Byrds","floor":18,"turns":5},{"damage":0,"enemies":"Spheric Guardian","floor":22,"turns":4},{"damage":39,"enemies":"Gremlin Leader","floor":24,"turns":8},{"damage":0,"enemies":"Centurion and Healer","floor":25,"turns":1},{"damage":3,"enemies":"Sentry and Sphere","floor":27,"turns":5},{"damage":11,"enemies":"Snake Plant","floor":28,"turns":2}],"seed_played":"-3976652872275323876","potions_obtained":[{"floor":1,"key":"SkillPotion"},{"floor":3,"key":"SpeedPotion"},{"floor":8,"key":"ColorlessPotion"},{"floor":14,"key":"Fire Potion"},{"floor":18,"key":"Weak Potion"},{"floor":24,"key":"SmokeBomb"}],"is_trial":false,"path_per_floor":["M","M","M","?","M","E","R","M","T","?","R","?","R","E","R","B",null,"M","$","?","?","M","R","E","M","T","M","M"],"character_chosen":"DEFECT","items_purchased":["Cold Snap","Finesse"],"campfire_rested":2,"item_purchase_floors":[19,19],"current_hp_per_floor":[52,43,33,33,22,3,24,15,15,15,36,36,36,15,15,6,55,47,47,47,47,47,47,8,8,8,5,0,0],"gold":159,"neow_bonus":"BOSS_RELIC","is_daily":false,"chose_seed":false,"campfire_upgraded":3,"win_rate":0.0,"timestamp":1610546211,"path_taken":["M","M","M","?","M","E","R","M","T","?","R","?","R","E","R","BOSS","M","$","?","?","M","R","E","M","T","M","M"],"items_purchased_type":["Card","Card"],"build_version":"2020-12-22","purchased_purges":1,"victory":false,"max_hp_per_floor":[71,71,71,71,71,71,71,71,71,71,71,71,71,71,71,71,71,71,71,71,71,71,71,71,71,71,71,71,71],"card_choices":[{"not_picked":["Heatsinks","Static Discharge","Storm"],"picked":"SKIP","floor":1},{"not_picked":["Heatsinks","Conserve Battery"],"picked":"Ball Lightning","floor":2},{"not_picked":["Auto Shields","Chaos"],"picked":"Ball Lightning","floor":3},{"not_picked":["Gash","Reinforced Body"],"picked":"Loop","floor":5},{"not_picked":["Streamline","Compile Driver"],"picked":"Defragment","floor":6},{"not_picked":["Gash","Barrage"],"picked":"Rebound","floor":8},{"not_picked":["Beam Cell","Ball Lightning"],"picked":"Reinforced Body","floor":14},{"not_picked":["Turbo","Redo","Rebound"],"picked":"SKIP","floor":18},{"not_picked":["Streamline","Coolheaded","Ball Lightning"],"picked":"SKIP","floor":22},{"not_picked":["FTL+1","Auto Shields"],"picked":"Double Energy+1","floor":24},{"not_picked":["Doom and Gloom","Fusion"],"picked":"Glacier","floor":27}],"player_experience":1273870,"relics_obtained":[{"floor":6,"key":"Akabeko"},{"floor":6,"key":"Ancient Tea Set"},{"floor":9,"key":"StrikeDummy"},{"floor":14,"key":"Thread and Needle"},{"floor":14,"key":"Vajra"},{"floor":24,"key":"Art of War"},{"floor":24,"key":"Gremlin Horn"},{"floor":26,"key":"Frozen Egg 2"}],"event_choices":[{"damage_healed":0,"gold_gain":0,"player_choice":"Ignored","damage_taken":0,"max_hp_gain":0,"max_hp_loss":0,"event_name":"Liars Game","floor":4,"gold_loss":0},{"damage_healed":0,"gold_gain":0,"cards_transformed":["Strike_B"],"player_choice":"Change","damage_taken":0,"max_hp_gain":0,"max_hp_loss":0,"event_name":"Living Wall","floor":10,"gold_loss":0,"cards_obtained":["Capacitor"]},{"cards_removed":["Strike_B"],"damage_healed":0,"gold_gain":0,"player_choice":"Card Removal","damage_taken":0,"max_hp_gain":0,"max_hp_loss":0,"event_name":"The Cleric","floor":12,"gold_loss":75},{"damage_healed":0,"gold_gain":0,"player_choice":"Read","damage_taken":0,"max_hp_gain":0,"max_hp_loss":0,"event_name":"The Library","floor":20,"gold_loss":0,"cards_obtained":["Coolheaded"]},{"cards_removed":["Strike_B"],"damage_healed":0,"gold_gain":0,"player_choice":"Elegance","damage_taken":0,"max_hp_gain":0,"max_hp_loss":0,"event_name":"Back to Basics","floor":21,"gold_loss":0}],"is_beta":false,"boss_relics":[{"not_picked":["Snecko Eye","Tiny House"],"picked":"Coffee Dripper"}],"items_purged_floors":[19],"is_endless":false,"potions_floor_spawned":[1,3,8,14,18,22,24],"killed_by":"Snake Plant","ascension_level":20}}