{"host":"a1eatafr7pisesky","time":1610554735,"event":{"mods":["AchievementEnabler","BaseMod","Colored Map","Keyboard Shortcuts","Minty Spire (QoL Compilation)","Say the Spire","StSLib","SuperFastMode","everything is the same but u backflip on backflip"],"gold_per_floor":[363,375,375,300,300,312,312,312],"floor_reached":7,"language":"KOR","playtime":190,"items_purged":["Strike_R"],"score":66,"play_id":"37ed40aa-f89d-4bf2-aa09-941b9d665d61","local_time":"20210114011855","is_ascension_mode":true,"campfire_choices":[],"circlet_count":0,"master_deck":["AscendersBane","Strike_R","Strike_R","Strike_R","Strike_R","Defend_R","Defend_R","Defend_R+1","Defend_R","Bash+1","Shrug It Off","Bloodletting","Intimidate"],"relics":["Burning Blood"],"acts_visited":["Exordium"],"potions_floor_usage":[],"damage_taken":[{"damage":11,"enemies":"Small Slimes","floor":1,"turns":5},{"damage":8,"enemies":"2 Louse","floor":2,"turns":4},{"damage":2,"enemies":"Cultist","floor":6,"turns":4},{"damage":55,"enemies":"3 Sentries","floor":7,"turns":10}],"seed_played":"-7423301181987996028","potions_obtained":[{"floor":6,"key":"Ancient Potion"}],"is_trial":false,"path_per_floor":["M","M","?","$","?","M","E"],"character_chosen":"IRONCLAD","items_purchased":[],"campfire_rested":0,"item_purchase_floors":[],"current_hp_per_floor":[67,65,58,58,42,46,0,0],"gold":312,"neow_bonus":"TWO_FIFTY_GOLD","is_daily":false,"chose_seed":false,"campfire_upgraded":0,"win_rate":0.0,"timestamp":1610554735,"path_taken":["M","M","?","$","?","M","E"],"items_purchased_type":[],"build_version":"2020-12-22","purchased_purges":1,"victory":false,"max_hp_per_floor":[80,80,80,80,80,80,80,80],"card_choices":[{"not_picked":["Warcry","Metallicize"],"picked":"Shrug It Off","floor":1},{"not_picked":["Rupture","Thunderclap"],"picked":"Bloodletting","floor":2},{"not_picked":["Heavy Blade","Infernal Blade"],"picked":"Intimidate","floor":6}],"player_experience":313925,"relics_obtained":[],"event_choices":[{"cards_removed":["Doubt"],"damage_healed":0,"gold_gain":0,"player_choice":"Card Removal","damage_taken":7,"max_hp_gain":0,"max_hp_loss":0,"event_name":"Golden Wing","floor":3,"gold_loss":0},{"damage_healed":0,"gold_gain":0,"player_choice":"Entered Light","damage_taken":16,"max_hp_gain":0,"max_hp_loss":0,"event_name":"Shining Light","floor":5,"gold_loss":0,"cards_upgraded":["Defend_R","Bash"]}],"is_beta":false,"boss_relics":[],"items_purged_floors":[4],"is_endless":false,"potions_floor_spawned":[6],"killed_by":"3 Sentries","ascension_level":12}}