{"host":"2xjkbrmvrd7iq7pu","time":1610519511,"event":{"mods":["AchievementEnabler","Act Like it!","Arknights The Spire","BaseMod","Downfall","Gensokyo","Gremlin Mod","GungeonMod","KinomotoSakuraMod(ƒæ÷Æ±æ”£)","Lobotomy","Minty Spire (QoL Compilation)","Reimu£®≤©¿ˆ¡È√Œ£©","Replay The Spire","StSLib","The Alterego","The Bug Knight","The Cursed","Yakumo Yukari mod"],"gold_per_floor":[114,114,114,131,147,147,173,173,173,192,192,206,235,294,294,390,390],"floor_reached":16,"language":"ZHS","playtime":629,"items_purged":[],"score":168,"play_id":"11576af2-cdc6-4732-9e1a-b194da13b1e2","local_time":"20210113143151","is_ascension_mode":true,"campfire_choices":[{"data":"ats:Emotion Absorption","floor":6,"key":"SMITH"},{"data":"ats:Sunburst","floor":8,"key":"SMITH"},{"data":"ats:Ignite","floor":11,"key":"SMITH"}],"circlet_count":0,"master_deck":["ats:Strike C","ats:Strike G","ats:Strike S","ats:Armor Crushing Shot","ats:Defend","ats:Defend","ats:Defend","ats:Emotion Absorption+1","ats:Ignite+1","ats:Explosion Area Strengthen","ats:Powerful Strike+1","ats:Leaping Hammer","ats:Curse Doll","ats:Curse Doll","ats:Sunburst+1","ats:Directed Diagnosis","ats:True Silver Slash","ats:Disruption Kick"],"relics":["Busted Crown","ats:Originium","Replay:PocketPolymizer","HollowMod:StagPassRelic","DemoMod:PoisonVial","Blood Vial","DemoMod:GlassGuonStoneRelic"],"acts_visited":["Exordium"],"potions_floor_usage":[16],"damage_taken":[{"damage":2.0,"enemies":"Small Slimes","floor":1.0,"turns":3.0},{"damage":0,"enemies":"Cultist","floor":4,"turns":2},{"damage":0,"enemies":"2 Louse","floor":5,"turns":2},{"damage":8,"enemies":"3 Sentries","floor":7,"turns":5},{"damage":7,"enemies":"Blue Slaver","floor":10,"turns":2},{"damage":6,"enemies":"Looter","floor":12,"turns":2},{"damage":12,"enemies":"Gremlin Nob","floor":13,"turns":3},{"damage":12,"enemies":"Gremlin Nob","floor":14,"turns":3},{"damage":50,"enemies":"The Guardian","floor":16,"turns":10}],"seed_played":"-3678683729486100862","potions_obtained":[{"floor":3,"key":"Languid Potion"},{"floor":3,"key":"Cursed Concoction"},{"floor":3,"key":"Explosive Potion"},{"floor":7,"key":"Adrenaline Potion"},{"floor":10,"key":"Fire Potion"}],"is_trial":false,"path_per_floor":["M","?","?","M","M","R","E","R","T","M","R","M","E","?","R","B"],"character_chosen":"DOCTOR_CLASS","items_purchased":[],"campfire_rested":0,"item_purchase_floors":[],"current_hp_per_floor":[70,70,70,70,70,70,62,62,62,55,55,49,39,29,50,4,4],"gold":390,"neow_bonus":"BOSS_RELIC","is_daily":false,"chose_seed":false,"campfire_upgraded":3,"win_rate":0.0,"timestamp":1610519511,"path_taken":["M","?","?","?","M","R","E","R","T","M","R","M","E","?","R","BOSS"],"items_purchased_type":[],"build_version":"2020-12-22","purchased_purges":0,"victory":false,"max_hp_per_floor":[72,72,72,72,72,72,72,72,72,72,72,72,72,72,72,72,72],"card_choices":[{"not_picked":[],"picked":"ats:Ignite","floor":1.0},{"not_picked":["ats:Cat Scratch"],"picked":"SKIP","floor":4},{"not_picked":[],"picked":"ats:Sunburst","floor":5},{"not_picked":["ats:Cat Scratch"],"picked":"SKIP","floor":7},{"not_picked":["ats:Cat Scratch"],"picked":"SKIP","floor":10},{"not_picked":["ats:Explosion Area Strengthen"],"picked":"SKIP","floor":12},{"not_picked":["ats:Childhood Dance"],"picked":"SKIP","floor":13},{"not_picked":[],"picked":"ats:Disruption Kick","floor":16}],"player_experience":690244,"relics_obtained":[{"floor":7,"key":"ats:Originium"},{"floor":7,"key":"Replay:PocketPolymizer"},{"floor":9,"key":"HollowMod:StagPassRelic"},{"floor":13,"key":"ats:Originium"},{"floor":13,"key":"DemoMod:PoisonVial"},{"floor":14,"key":"Blood Vial"}],"event_choices":[{"damage_healed":0,"gold_gain":0,"player_choice":"Got Potions","damage_taken":0,"max_hp_gain":0,"max_hp_loss":0,"event_name":"Lab","floor":3,"gold_loss":0},{"damage_healed":0,"gold_gain":0,"player_choice":"Searched \u00271\u0027 times","damage_taken":0,"max_hp_gain":0,"max_hp_loss":0,"event_name":"Dead Adventurer","floor":14,"gold_loss":0}],"is_beta":false,"boss_relics":[],"items_purged_floors":[],"is_endless":false,"potions_floor_spawned":[7,10,12,13],"killed_by":"The Guardian","ascension_level":1}}