{"host":"uhytnauby5tw4qa1","time":1610536339,"event":{"mods":["Act Like it!","Aspiration","BaseMod","Colored Map","Colored Powertips","Conspire","Downfall","Elementarium","Halation","Hubris","Infinite Spire","Jorbs\u0027s Wanderer Trilogy","Marisa????????","Mimic Mod","Minty Spire (QoL Compilation)","Rare Cards Sparkle","Replay The Spire","Shop Mod","Somnambulant","Spikes Relics","StSLib","The Bug Knight","The Cursed","The Druid","The Forsaken","The Judge","The Jungle","The Necromancer","The Saiyan","The Servant 0.9.4","The Valiant","TheBandit","TheFirefly","Yuri Mod","vexMod"],"gold_per_floor":[118,133,148,148,166,166,180,180,180,255,255,267,267,302,302,407,407,426,446,119,119,119,145,161,174,174,186,201,211,211,231,231,231,231],"floor_reached":33,"language":"SPA","playtime":1413,"items_purged":[],"score":273,"play_id":"f65fc855-cf0b-418b-8f08-deea80f819f7","local_time":"20210113111219","is_ascension_mode":false,"campfire_choices":[{"data":"Malaise","floor":6,"key":"SMITH"},{"data":"Blade Dance","floor":8,"key":"SMITH"},{"data":"Catalyst","floor":11,"key":"SMITH"},{"data":"Cloak And Dagger","floor":13,"key":"SMITH"},{"data":"Deadly Poison","floor":15,"key":"SMITH"},{"floor":32,"key":"REST"}],"circlet_count":0,"master_deck":["Strike_G","Strike_G","Strike_G","Strike_G","Strike_G+1","Defend_G","Defend_G","Defend_G","Defend_G","Defend_G","Survivor","Neutralize+1","Blade Dance+1","Catalyst+1","Malaise+1","Deadly Poison","Deadly Poison+1","Cloak And Dagger+1","PiercingWail","Night Terror","Pace","Noxious Fumes","Accuracy","Bullet Time","Toxin Wave+1","ReplayTheSpireMod:Necrosis","Backflip+1","Crippling Poison","ReplayTheSpireMod:Shiv Toss","Shame"],"relics":["Ring of the Serpent","RoseTintedShades","Ninja Scroll","SnailShell","ReplayTheSpireMod:Lightbulb","Tingsha"],"acts_visited":["Exordium","TheCity"],"potions_floor_usage":[19,23,23,29,31],"damage_taken":[{"damage":0,"enemies":"2 Louse","floor":1,"turns":3},{"damage":0,"enemies":"Cultist","floor":2,"turns":4},{"damage":0,"enemies":"Jaw Worm","floor":3,"turns":4},{"damage":0,"enemies":"Blue Slaver","floor":5,"turns":5},{"damage":0,"enemies":"Exordium Wildlife","floor":7,"turns":3},{"damage":0,"enemies":"3 Louse","floor":12,"turns":2},{"damage":5,"enemies":"HollowMod:MossKnight","floor":14,"turns":5},{"damage":50,"enemies":"Slime Boss","floor":16,"turns":13},{"damage":13,"enemies":"conspire:FuzzyDice","floor":18,"turns":6},{"damage":13,"enemies":"Snake Plant","floor":19,"turns":4},{"damage":9,"enemies":"Book of Stabbing","floor":23,"turns":5},{"damage":4,"enemies":"Centurion and Healer","floor":24,"turns":6},{"damage":3,"enemies":"Shelled Parasite and Fungi","floor":25,"turns":4},{"damage":7,"enemies":"Snecko","floor":27,"turns":5},{"damage":4,"enemies":"conspire:HollyBat","floor":28,"turns":8},{"damage":15,"enemies":"Sentry and Sphere","floor":29,"turns":6},{"damage":0,"enemies":"Shelled Parasite and Fungi","floor":31,"turns":5},{"damage":45,"enemies":"hubris:MusketHawk","floor":33,"turns":6}],"seed_played":"-8088813086284698041","potions_obtained":[{"floor":2,"key":"Weak Potion"},{"floor":7,"key":"Energy Potion"},{"floor":16,"key":"DistilledChaos"},{"floor":18,"key":"DuplicationPotion"},{"floor":27,"key":"DuplicationPotion"},{"floor":29,"key":"EssenceOfSteel"}],"is_trial":false,"path_per_floor":["M","M","M","?","M","R","M","R","MIM","?","R","M","R","E","R","B",null,"M","M","$","?","T","E","M","M","T","M","M","M","?","M","R","B"],"character_chosen":"THE_SILENT","items_purchased":["Accuracy","Ninja Scroll"],"campfire_rested":1,"item_purchase_floors":[20,20],"current_hp_per_floor":[70,70,70,70,70,70,70,70,70,59,59,59,59,54,54,4,70,57,44,44,44,44,35,31,28,28,21,17,2,2,2,23,0,0],"gold":231,"neow_bonus":"UPGRADE_CARD","is_daily":false,"chose_seed":false,"campfire_upgraded":5,"win_rate":0.0,"timestamp":1610536339,"path_taken":["M","M","M","?","M","R","M","R","MIM","?","R","M","R","E","R","BOSS","M","M","$","?","?","E","M","M","T","M","M","?","?","M","R","BOSS"],"items_purchased_type":["Card","Relic"],"build_version":"2020-12-22","purchased_purges":0,"victory":false,"max_hp_per_floor":[70,70,70,70,70,70,70,70,70,70,70,70,70,70,70,70,70,70,70,70,70,70,70,70,70,70,70,70,70,70,70,70,70,70],"card_choices":[{"not_picked":["Cloak And Dagger","Poisoned Stab"],"picked":"Blade Dance","floor":1},{"not_picked":["Backflip","Sucker Punch"],"picked":"Catalyst","floor":2},{"not_picked":["Underhanded Strike","Acrobatics"],"picked":"Malaise","floor":3},{"not_picked":["conspire:DoublingDagger","Blur"],"picked":"Deadly Poison","floor":5},{"not_picked":["Acrobatics","Underhanded Strike"],"picked":"Deadly Poison","floor":7},{"not_picked":["Eviscerate","Prepared"],"picked":"Cloak And Dagger","floor":12},{"not_picked":["Outmaneuver","Doppelganger"],"picked":"PiercingWail","floor":14},{"not_picked":["Atom Bomb","Grand Finale"],"picked":"Night Terror","floor":16},{"not_picked":["Slice","Underhanded Strike"],"picked":"Pace","floor":18},{"not_picked":["hubris:Counter+1","Cloak And Dagger"],"picked":"Noxious Fumes","floor":19},{"not_picked":["PiercingWail","Flying Knee"],"picked":"Bullet Time","floor":23},{"not_picked":["Outmaneuver","Deadly Poison"],"picked":"Toxin Wave+1","floor":24},{"not_picked":["Outmaneuver","Dodge and Roll"],"picked":"ReplayTheSpireMod:Necrosis","floor":25},{"not_picked":["Backstab","Heel Hook"],"picked":"Backflip+1","floor":27},{"not_picked":["Hidden Blade+1","Deadly Poison"],"picked":"Crippling Poison","floor":28},{"not_picked":["Acrobatics","PiercingWail"],"picked":"ReplayTheSpireMod:Shiv Toss","floor":29},{"not_picked":["Quick Slash","hubris:SlightOfHand+1","Caltrops+1"],"picked":"SKIP","floor":31}],"player_experience":1071376,"relics_obtained":[{"floor":14,"key":"RoseTintedShades"},{"floor":22,"key":"SnailShell"},{"floor":23,"key":"ReplayTheSpireMod:Lightbulb"},{"floor":26,"key":"Tingsha"}],"event_choices":[{"damage_healed":0,"gold_gain":75,"player_choice":"Gather Gold","damage_taken":11,"max_hp_gain":0,"max_hp_loss":0,"event_name":"World of Goop","floor":10,"gold_loss":0}],"is_beta":false,"boss_relics":[{"not_picked":["hubris:RunicObelisk","CosmicIsotope"],"picked":"Ring of the Serpent"}],"items_purged_floors":[],"is_endless":false,"potions_floor_spawned":[2,7,16,18,27,29],"killed_by":"hubris:MusketHawk","ascension_level":0}}