{"host":"zksvs3x2ysy9npnz","time":1610497079,"event":{"mods":["Aspiration","BaseMod","Beaked The Cultist","BetterRewards","Clockwork Mod","Colored Map","Conspire","Downfall","Duelist Mod","Ekko","Energized Spire","Fiend Mod","Halation","Highlight Path","Hubris","Hunter ??","Infinite Spire","Jedi Mod","JesterMod","Magitek Elite","Minty Spire (QoL Compilation)","Permanent Neow","Quick Restart","Relic Stats","Replay The Spire","Retaliation","Shade Mod","Shop Mod","StSLib","The Construct","The Poker Player","The Runesmith","The Witch","thorton"],"gold_per_floor":[122,137,137,137,87,123,123,143,194,231,108,126,128,130,132,234,238,259,283,35,35,55,56,67,67],"floor_reached":24,"playtime":1324,"items_purged":["thethorton:Defend","thethorton:Strike"],"score":311,"play_id":"600b9930-2ab9-41c3-9bf3-bf385667fa96","local_time":"20210113011759","is_ascension_mode":true,"campfire_choices":[{"data":"thethorton:Rebalance","floor":7.0,"key":"SMITH"},{"floor":15,"key":"REST"},{"data":"thethorton:BusinessCard","floor":23,"key":"SMITH"}],"circlet_count":0,"master_deck":["thethorton:Strike","thethorton:Defend","thethorton:Defend","thethorton:Defend","thethorton:Heckle","thethorton:CreditCard","thethorton:Rebalance+1","thethorton:RunningKick","thethorton:DownPayment","thethorton:SnowDay","thethorton:FearfulRun","thethorton:BusinessCard+1","thethorton:DodgeAndRollAndRun","infinitespire:Starlight","thethorton:BusinessCard","thethorton:Strike","thethorton:Defend","thethorton:Defend","thethorton:Defend","thethorton:Heckle","thethorton:CreditCard","thethorton:Rebalance+1","thethorton:RunningKick","thethorton:DownPayment","thethorton:SnowDay","thethorton:FearfulRun","thethorton:BusinessCard","thethorton:DodgeAndRollAndRun","infinitespire:Starlight","thethorton:BusinessCard","thethorton:AdministrativeActions"],"relics":["thethorton:CouragePotion","NeowsBlessing","halation:EternalFortune","Pet Ghost","hubris:TenFootPole","thethorton:BankDeed","Orichalcum","beaked:SacredDeck","thethorton:BusinessCardPrinter","halation:PromiseList"],"acts_visited":["Exordium","TheCity"],"potions_floor_usage":[12,22,24],"damage_taken":[{"damage":0.0,"enemies":"2 Louse","floor":1.0,"turns":1.0},{"damage":0.0,"enemies":"Small Slimes","floor":2.0,"turns":2.0},{"damage":0.0,"enemies":"Gremlin Nob","floor":6.0,"turns":1.0},{"damage":1.0,"enemies":"Jaw Worm","floor":8.0,"turns":4.0},{"damage":21.0,"enemies":"3 Sentries","floor":10.0,"turns":7.0},{"damage":21,"enemies":"Lots of Slimes","floor":12,"turns":6},{"damage":22,"enemies":"The Guardian","floor":16,"turns":12},{"damage":7,"enemies":"Spheric Guardian","floor":18,"turns":4},{"damage":8,"enemies":"Shell Parasite","floor":19,"turns":6},{"damage":23,"enemies":"Snake Plant","floor":22,"turns":15},{"damage":103,"enemies":"Cultist and Chosen","floor":24,"turns":7}],"seed_played":"8617085026599943668","potions_obtained":[{"floor":6.0,"key":"Block Potion"},{"floor":10.0,"key":"jedi:tentaclejuice"},{"floor":16,"key":"SteroidPotion"},{"floor":19,"key":"GamblersBrew"},{"floor":22,"key":"Block Potion"}],"is_trial":false,"path_per_floor":["M","M","?","?","?","E","R","M","T","E","$","M","?","T","R","B",null,"M","M","$","?","M","R","M"],"character_chosen":"THE_THORT","items_purchased":["thethorton:FearfulRun","thethorton:BusinessCardPrinter"],"campfire_rested":1,"item_purchase_floors":[11,20],"current_hp_per_floor":[68,68,71,64,64,64,64,63,63,42,42,21,21,21,42,20,58,61,63,63,63,60,60,0,0],"gold":67,"neow_bonus":"THREE_ENEMY_KILL","is_daily":false,"chose_seed":false,"campfire_upgraded":2,"win_rate":0.0,"timestamp":1610497079,"path_taken":["M","M","?","?","?","E","R","?","T","E","$","?","?","?","R","BOSS","M","M","$","?","?","R","M"],"items_purchased_type":["Card","Relic"],"build_version":"2020-12-22","purchased_purges":2,"victory":false,"max_hp_per_floor":[68,68,71,71,71,71,71,71,71,71,71,71,71,71,71,71,71,71,71,71,71,71,71,71,71],"relic_stats":{"counters":[11,65],"Orichalcum":[48],"obtain_stats":[{"NeowsBlessing":0,"thethorton:BusinessCardPrinter":20,"halation:EternalFortune":3,"beaked:SacredDeck":17,"thethorton:CouragePotion":0,"hubris:TenFootPole":9,"halation:PromiseList":24,"thethorton:BankDeed":10,"Orichalcum":14,"Pet Ghost":6},{"NeowsBlessing":0,"thethorton:BusinessCardPrinter":9,"halation:EternalFortune":2,"beaked:SacredDeck":7,"thethorton:CouragePotion":0,"hubris:TenFootPole":4,"halation:PromiseList":11,"thethorton:BankDeed":5,"Orichalcum":6,"Pet Ghost":3},{"NeowsBlessing":0,"thethorton:BusinessCardPrinter":43,"halation:EternalFortune":3,"beaked:SacredDeck":33,"thethorton:CouragePotion":0,"hubris:TenFootPole":8,"halation:PromiseList":59,"thethorton:BankDeed":15,"Orichalcum":21,"Pet Ghost":4}]},"card_choices":[{"not_picked":["thethorton:DesperateRun","thethorton:PocketChange"],"picked":"thethorton:Rebalance","floor":1.0},{"not_picked":["thethorton:TakeAccounts","thethorton:FocusStrength"],"picked":"thethorton:RunningKick","floor":2.0},{"not_picked":["thethorton:BookBash","thethorton:AngerMoment","thethorton:TemporalBlast"],"picked":"SKIP","floor":6.0},{"not_picked":["thethorton:BookBash","thethorton:ElbowSmash"],"picked":"thethorton:DownPayment","floor":8.0},{"not_picked":["thethorton:ElbowSmash","thethorton:ShoutAndRun"],"picked":"thethorton:SnowDay","floor":10.0},{"not_picked":["thethorton:TakeAccounts","thethorton:LongTermPayoff"],"picked":"thethorton:BusinessCard","floor":12},{"not_picked":["thethorton:ScalingIsWin","thethorton:Fatigue"],"picked":"thethorton:DodgeAndRollAndRun","floor":16},{"not_picked":["thethorton:RunningKick","thethorton:Hindsight"],"picked":"thethorton:BusinessCard","floor":18},{"not_picked":["thethorton:GoldBuffer","thethorton:LongTermPayoff","thethorton:CashBash"],"picked":"SKIP","floor":19},{"not_picked":["thethorton:StampSmack","thethorton:RunningKick"],"picked":"thethorton:AdministrativeActions","floor":22}],"player_experience":2509575,"relics_obtained":[{"floor":6.0,"key":"Pet Ghost"},{"floor":9.0,"key":"hubris:TenFootPole"},{"floor":10.0,"key":"thethorton:BankDeed"},{"floor":14,"key":"Orichalcum"}],"event_choices":[{"cards_removed":["Normality"],"damage_healed":0.0,"max_hp_gain":0.0,"max_hp_loss":0.0,"gold_gain":0.0,"event_name":"Golden Wing","player_choice":"Card Removal","floor":4.0,"gold_loss":0.0,"damage_taken":7.0},{"cards_removed":["thethorton:Strike"],"damage_healed":0.0,"max_hp_gain":0.0,"max_hp_loss":0.0,"gold_gain":0.0,"event_name":"The Cleric","player_choice":"Card Removal","floor":5.0,"gold_loss":50.0,"damage_taken":0.0}],"is_beta":false,"boss_relics":[{"not_picked":["Ring of Chaos","aspiration:SilentSkillbook"],"picked":"beaked:SacredDeck"}],"items_purged_floors":[11,20],"is_endless":false,"potions_floor_spawned":[6,10,16,19,22],"killed_by":"Cultist and Chosen","ascension_level":5}}