{"host":"qswkx8hggytna0kc","time":1610515752,"event":{"mods":["Aspiration","BaseMod","BetterRewards","Colored Map","Colored Powertips","Highlight Path","Hubris","Mimic Mod","Minty Spire (QoL Compilation)","MostiFishMod","Quick Restart","Replay The Spire","StSLib","SuperFastMode"],"gold_per_floor":[118,118,43,43,77,77,118,118,188,234,291,361,424,480,480,551,551,567,586,586,600,618,653,653,668,699,755,755,755,755],"floor_reached":29,"language":"ZHS","playtime":1301,"items_purged":["Looming Evil"],"score":745,"play_id":"fd9ecda9-7e4f-468f-b45c-9fd9a9e1732a","local_time":"20210113132912","is_ascension_mode":true,"campfire_choices":[{"data":"Dualcast","floor":6.0,"key":"SMITH"},{"data":"Hologram","floor":8.0,"key":"SMITH"},{"data":"ReplayGash","floor":15.0,"key":"SMITH"}],"circlet_count":0,"master_deck":["AscendersBane","Strike_B","Strike_B","Strike_B","Defend_B+1","Defend_B+1","Defend_B+1","Defend_B+1","Zap+1","Dualcast+1","BootSequence","ReplayGash+1","Hologram+1","Turbo","Gash","Turbo","FTL","FTL","Ball Lightning","Heatsinks","Skim","Pain","Panic Button","Genetic Algorithm","Sunder","Gash","Panic Button","Echo Form","MostiFishMod:GatherIntelligence+1","Darkness","Hologram+1"],"relics":["Cracked Core","DaveBox","OneHitWonderSystem","SynthV:TestCard","ReplayTheSpireMod:Ring of Challenge","ReplayTheSpireMod:Ring of Addiction","White Beast Statue","hubris:EmptyBottle","hubris:PeanutButter","Centennial Puzzle","Replay:Bottled Eggs","SynthV:C4","Matryoshka","Replay:Bronze Core","aspiration:FetidBarrel","Prayer Wheel","Blood Vial","MutagenicStrength","Snack Pack","Lantern"],"acts_visited":["Exordium","TheCity"],"potions_floor_usage":[],"damage_taken":[{"damage":0.0,"enemies":"2 Louse","floor":1.0,"turns":3.0},{"damage":0.0,"enemies":"3 Sentries","floor":7.0,"turns":6.0},{"damage":0.0,"enemies":"Small Slimes","floor":10.0,"turns":5.0},{"damage":0.0,"enemies":"Jaw Worm","floor":11.0,"turns":5.0},{"damage":0.0,"enemies":"Gremlin Nob","floor":12.0,"turns":4.0},{"damage":0.0,"enemies":"Red Slaver","floor":13.0,"turns":4.0},{"damage":0.0,"enemies":"Exordium Wildlife","floor":14.0,"turns":5.0},{"damage":0.0,"enemies":"Fading Forest","floor":16.0,"turns":13.0},{"damage":0.0,"enemies":"Chosen","floor":18.0,"turns":7.0},{"damage":0.0,"enemies":"Shell Parasite","floor":19.0,"turns":7.0},{"damage":0.0,"enemies":"Sentry and Sphere","floor":21.0,"turns":9.0},{"damage":0.0,"enemies":"3 Cultists","floor":22.0,"turns":6.0},{"damage":0.0,"enemies":"Slavers","floor":23.0,"turns":8.0},{"damage":0.0,"enemies":"Shelled Parasite and Fungi","floor":25.0,"turns":5.0},{"damage":0.0,"enemies":"Snecko","floor":26.0,"turns":10.0},{"damage":0.0,"enemies":"Snecko","floor":27.0,"turns":6.0},{"damage":11,"enemies":"Book of Stabbing","floor":29,"turns":6}],"seed_played":"-400746200159991249","potions_obtained":[{"floor":1.0,"key":"SpeedPotion"},{"floor":2.0,"key":"Fire Potion"},{"floor":2.0,"key":"EssenceOfSteel"},{"floor":7.0,"key":"ColorlessPotion"},{"floor":10.0,"key":"ColorlessPotion"},{"floor":11.0,"key":"LiquidMemories"},{"floor":12.0,"key":"Dexterity Potion"},{"floor":13.0,"key":"FocusPotion"},{"floor":16.0,"key":"Reflective Coating"},{"floor":18.0,"key":"LifebloodPotion"},{"floor":22.0,"key":"Adrenaline Potion"},{"floor":23.0,"key":"FearPotion"}],"is_trial":false,"path_per_floor":["M","?","$","?","?","R","E","R","T","M","M","E","M","M","R","B",null,"M","M","?","M","M","E","?","M","MIM","M","?","E"],"character_chosen":"DEFECT","items_purchased":[],"campfire_rested":0,"item_purchase_floors":[],"current_hp_per_floor":[1,1,1,1,1,1,1,1,1,1,1,1,1,1,1,1,1,1,1,1,1,1,1,1,1,1,1,1,0,0],"gold":755,"neow_bonus":"TRANSFORM_CARD","is_daily":false,"chose_seed":false,"campfire_upgraded":3,"win_rate":0.0,"timestamp":1610515752,"path_taken":["M","?","$","?","?","R","E","R","T","M","M","E","M","M","R","BOSS","M","M","?","?","M","E","?","M","MIM","M","?","E"],"items_purchased_type":[],"build_version":"2020-12-22","purchased_purges":1,"victory":false,"max_hp_per_floor":[1,1,1,1,1,1,1,1,1,1,1,1,1,1,1,1,1,1,1,1,1,1,1,1,1,1,1,1,1,1],"card_choices":[{"not_picked":["Cold Snap","Loop"],"picked":"ReplayGash","floor":1.0},{"not_picked":["Ball Lightning","Redo","hubris:DoWhile","Coolheaded"],"picked":"Hologram","floor":5.0},{"not_picked":["Steam Power","BasicCrystalCard","Consume","Redo"],"picked":"Turbo","floor":5.0},{"not_picked":["Coolheaded","Aggregate","MostiFishMod:PushDownKick","Buffer"],"picked":"Gash","floor":7.0},{"not_picked":["Panic Button","Cold Snap","Force Field","Steam"],"picked":"Turbo","floor":10.0},{"not_picked":["Tempest","Steam","Blizzard","Hologram"],"picked":"FTL","floor":11.0},{"not_picked":["Rebound","MostiFishMod:ATRI","Amplify","Lockon"],"picked":"FTL","floor":12.0},{"not_picked":["Conserve Battery","Rebound","Sweeping Beam","Lockon","Self Repair"],"picked":"SKIP","floor":13.0},{"not_picked":["Cold Snap","BasicCrystalCard","Turbo","Auto Shields"],"picked":"Ball Lightning","floor":14.0},{"not_picked":["MostiFishMod:IceShield","Core Surge","Creative AI","hubris:DoWhile"],"picked":"ReplayTheSpireMod:Fabricate Wheel","floor":16.0},{"not_picked":["Sweeping Beam","Stack","Cold Snap","Chaos"],"picked":"Heatsinks","floor":18.0},{"not_picked":["Rebound","Turbo+1","Redo+1","Auto Shields"],"picked":"Skim","floor":19.0},{"not_picked":["MostiFishMod:PushDownKick","Rebound","hubris:PowerSurge+1","Rip and Tear"],"picked":"Panic Button","floor":21.0},{"not_picked":["FIFO Queue","Ball Lightning","Coolheaded","Leap+1"],"picked":"Genetic Algorithm","floor":21.0},{"not_picked":["Hologram","MostiFishMod:FluxCapactior","Rebound","hubris:SpecializedCircuitry"],"picked":"Sunder","floor":22.0},{"not_picked":["Streamline","Turbo+1","Melter","Redo","MostiFishMod:LinkProtocol+1"],"picked":"SKIP","floor":22.0},{"not_picked":["Steam","ReplayTheSpireMod:Reroute Power+1","Storm","Rebound"],"picked":"Gash","floor":23.0},{"not_picked":["Time Bomb","Blizzard","Rebound","BasicCrystalCard"],"picked":"Panic Button","floor":25.0},{"not_picked":["Sweeping Beam","Compile Driver","Ball Lightning","Barrage"],"picked":"Echo Form","floor":25.0},{"not_picked":["Conserve Battery","Chill","BasicCrystalCard","Ball Lightning"],"picked":"MostiFishMod:GatherIntelligence+1","floor":26.0},{"not_picked":["aspiration:Polymerization+1","Sweeping Beam","Coolheaded","Fusion"],"picked":"Darkness","floor":27.0},{"not_picked":["Undo+1","Compile Driver","ReplayTheSpireMod:System Scan","Redo"],"picked":"Hologram+1","floor":27.0}],"player_experience":282731,"relics_obtained":[{"floor":1.0,"key":"SynthV:TestCard"},{"floor":2.0,"key":"ReplayTheSpireMod:Ring of Challenge"},{"floor":2.0,"key":"ReplayTheSpireMod:Ring of Addiction"},{"floor":2.0,"key":"White Beast Statue"},{"floor":2.0,"key":"hubris:EmptyBottle"},{"floor":5.0,"key":"hubris:PeanutButter"},{"floor":7.0,"key":"Centennial Puzzle"},{"floor":9.0,"key":"Replay:Bottled Eggs"},{"floor":12.0,"key":"SynthV:C4"},{"floor":13.0,"key":"Matryoshka"},{"floor":23.0,"key":"Blood Vial"},{"floor":26.0,"key":"Snack Pack"},{"floor":26.0,"key":"Lantern"}],"event_choices":[{"damage_healed":0.0,"max_hp_gain":0.0,"max_hp_loss":0.0,"gold_gain":0.0,"event_name":"Drug Dealer","player_choice":"Inject Mutagens","floor":24.0,"gold_loss":0.0,"damage_taken":0.0,"relics_obtained":["MutagenicStrength"]},{"damage_healed":0.0,"max_hp_gain":0.0,"max_hp_loss":0.0,"gold_gain":0.0,"event_name":"Vampires","player_choice":"Ignored","floor":28.0,"gold_loss":0.0,"damage_taken":0.0}],"is_beta":false,"boss_relics":[{"not_picked":["hubris:CrackedHourglass","BloodWine"],"picked":"Replay:Bronze Core"}],"items_purged_floors":[3],"is_endless":false,"potions_floor_spawned":[1,7,10,11,12,13,14,16,18,19,21,22,23,25,26,27],"killed_by":"Book of Stabbing","ascension_level":19}}