{"host":"k67zwea37tbl4jhz","time":1610573418,"event":{"mods":["AchievementEnabler","Aspiration","BaseMod","Better Altar","Better Match","Better Sensory Stone","Better Skull","Better Third Choice","BetterRewards","CCEM","Clawfect","Colored Map","Conspire","Downfall","GifTheSpireLib","Googly Eyes","Halation","Highlight Path","Mimic Mod","Minty Spire (QoL Compilation)","Permanent Neow","Replay The Spire","Shop Mod","Spicy Shops","StSLib","Stuff the Spire","Unceasing Turn Reminder","everything is the same but u backflip on backflip"],"gold_per_floor":[0,19,19,39,50,62,89,14,48,61,81,95,109,259,272,272,272,272],"floor_reached":16,"language":"ENG","playtime":1097,"items_purged":[],"score":108,"play_id":"6e4462a4-1d94-463b-b0fd-e982ccc39844","local_time":"20210113163018","is_ascension_mode":false,"campfire_choices":[{"data":"hexamod:Float","floor":1,"key":"SMITH"},{"data":"hexamod:ParanormalForm","floor":8,"key":"SMITH"}],"circlet_count":0,"master_deck":["hexamod:Strike","hexamod:Strike","hexamod:Strike","hexamod:Defend","hexamod:Defend","hexamod:Defend","hexamod:Sear","hexamod:Float+1","hexamod:ParanormalForm+1","hexamod:GhostShield","hexamod:GhostLash","hexamod:CatchUp","Poisoned Strike+1","expansioncontent:GuardianWhirl+1","hexamod:FlamesFromBeyond","expansioncontent:Chronoboost+1","hexamod:PowerFromBeyond","Slimebound:Icky"],"relics":["hexamod:SpiritBrand","downfall:HeartBlessingBlue","CCEMRelics:FestiveHat"],"acts_visited":["Exordium"],"potions_floor_usage":[],"damage_taken":[{"damage":0,"enemies":"Small Slimes","floor":2,"turns":3},{"damage":0,"enemies":"Cultist","floor":4,"turns":4},{"damage":0,"enemies":"Jaw Worm","floor":5,"turns":3},{"damage":5,"enemies":"Large Slime","floor":6,"turns":6},{"damage":15,"enemies":"3 Sentries","floor":9,"turns":7},{"damage":2,"enemies":"Lots of Slimes","floor":10,"turns":5},{"damage":1,"enemies":"Blue Slaver","floor":11,"turns":3},{"damage":0,"enemies":"2 Fungi Beasts","floor":12,"turns":3},{"damage":21,"enemies":"Red Slaver","floor":13,"turns":4},{"damage":13,"enemies":"Exordium Thugs","floor":15,"turns":4},{"damage":26,"enemies":"downfall:Silent","floor":16,"turns":4}],"seed_played":"493036905356954958","potions_obtained":[{"floor":4,"key":"Fire Potion"},{"floor":5,"key":"sneckomod:MuddlingPotion"},{"floor":6,"key":"SpeedPotion"},{"floor":13,"key":"Regen Potion"}],"is_trial":false,"path_per_floor":["R","M","?","M","M","M","T","R","E","M","M","M","M","?","M","B"],"character_chosen":"THE_SPIRIT","items_purchased":[],"campfire_rested":0,"item_purchase_floors":[],"current_hp_per_floor":[70,70,70,70,70,65,65,75,60,58,57,57,36,36,23,0,0,0],"gold":272,"neow_bonus":"TRANSFORM_TWO_CARDS","is_daily":false,"chose_seed":false,"campfire_upgraded":2,"win_rate":0.0,"timestamp":1610573418,"path_taken":["R","M","?","M","?","M","T","R","E","M","M","M","M","?","M","BOSS"],"items_purchased_type":[],"build_version":"2020-12-22","purchased_purges":0,"victory":false,"max_hp_per_floor":[70,70,70,70,70,70,70,80,80,80,80,80,80,80,80,80,80,80],"card_choices":[{"not_picked":["hexamod:BurningTouch","hexamod:Haunt"],"picked":"hexamod:GhostShield","floor":2},{"not_picked":["hexamod:NightmareGuise","hexamod:Firestarter"],"picked":"hexamod:GhostLash","floor":4},{"not_picked":["hexamod:NightmareStrike","hexamod:Firestarter"],"picked":"hexamod:CatchUp","floor":5},{"not_picked":["hexamod:HauntingEcho","hexamod:EmpoweringStance","hexamod:RainOfEmbers"],"picked":"SKIP","floor":6},{"not_picked":["hexamod:CatchUp","hexamod:StepThrough","hexamod:Firestarter"],"picked":"SKIP","floor":9},{"not_picked":["Mind Blast+1","Metamorphosis+1"],"picked":"Poisoned Strike+1","floor":10},{"not_picked":["hexamod:Firestarter","hexamod:SwordOfDarkness","hexamod:ShieldOfDarkness"],"picked":"SKIP","floor":10},{"not_picked":["expansioncontent:ChargeUp+1","Metamorphosis+1"],"picked":"expansioncontent:GuardianWhirl+1","floor":11},{"not_picked":["hexamod:StepThrough","hexamod:RainOfEmbers"],"picked":"hexamod:FlamesFromBeyond","floor":11},{"not_picked":["Jack Of All Trades+1","expansioncontent:PrepareCrush+1"],"picked":"expansioncontent:Chronoboost+1","floor":12},{"not_picked":["hexamod:ShieldOfDarkness","hexamod:GhostLash","hexamod:InspiringFlames"],"picked":"SKIP","floor":12},{"not_picked":["hexamod:BurningTouch","hexamod:BacktrackSmack"],"picked":"hexamod:PowerFromBeyond","floor":13},{"not_picked":["hexamod:PhantomCloak","hexamod:NightmareStrike","hexamod:ShieldOfDarkness"],"picked":"SKIP","floor":15}],"player_experience":226862,"relics_obtained":[{"floor":9,"key":"CCEMRelics:FestiveHat"}],"event_choices":[{"cards_removed":["hexamod:GhostOfSpirePast"],"damage_healed":0,"gold_gain":0,"player_choice":"Offered Uncommon","damage_taken":0,"max_hp_gain":0,"max_hp_loss":0,"event_name":"Bonfire Elementals","floor":3,"gold_loss":0}],"is_beta":false,"boss_relics":[],"items_purged_floors":[],"is_endless":false,"potions_floor_spawned":[4,5,6,13],"killed_by":"downfall:Silent","ascension_level":0}}