{"host":"x21cvmfdo17nyhii","time":1610576940,"event":{"mods":["AchievementEnabler","BaseMod","Colored Map","Colored Powertips","DeckTracker","Highlight Path","Minty Spire (QoL Compilation)","Quick Restart","Rare Cards Sparkle","SuperFastMode"],"gold_per_floor":[119,119,139,157,173,173,190,190,213,138,38,38,38,49,49,151,151,167,183,198,198,198,198,217,217,217,217,217,234,35,54,54,54,54],"floor_reached":33,"language":"ENG","playtime":945,"items_purged":["Strike_R","Strike_R","Strike_R"],"score":261,"play_id":"78b2d72f-ac06-4e4f-8276-4a07c8f46062","local_time":"20210113142900","is_ascension_mode":false,"campfire_choices":[{"data":"Fiend Fire","floor":6.0,"key":"SMITH"},{"data":"Fire Breathing","floor":8.0,"key":"SMITH"},{"data":"Wild Strike","floor":13.0,"key":"SMITH"},{"data":"Rampage","floor":15.0,"key":"SMITH"},{"data":"Juggernaut","floor":23,"key":"SMITH"},{"data":"Shrug It Off","floor":25,"key":"SMITH"},{"floor":32,"key":"REST"}],"circlet_count":0,"master_deck":["Strike_R","Strike_R","Defend_R","Defend_R","Defend_R","Defend_R","Bash","Iron Wave","Fiend Fire+1","Finesse","Wild Strike+1","Iron Wave","Fire Breathing+1","Rampage+1","Juggernaut+1","Iron Wave+1","Shrug It Off+1"],"relics":["Mark of Pain"],"acts_visited":["Exordium","TheCity"],"potions_floor_usage":[27,28,33],"damage_taken":[{"damage":0.0,"enemies":"2 Louse","floor":1.0,"turns":3.0},{"damage":0.0,"enemies":"Cultist","floor":3.0,"turns":3.0},{"damage":8.0,"enemies":"Small Slimes","floor":4.0,"turns":3.0},{"damage":1.0,"enemies":"Gremlin Gang","floor":5.0,"turns":4.0},{"damage":9.0,"enemies":"Lots of Slimes","floor":7.0,"turns":4.0},{"damage":2.0,"enemies":"Looter","floor":14.0,"turns":2.0},{"damage":17.0,"enemies":"Slime Boss","floor":16.0,"turns":6.0},{"damage":37.0,"enemies":"Shell Parasite","floor":18.0,"turns":6.0},{"damage":8.0,"enemies":"3 Byrds","floor":19.0,"turns":4.0},{"damage":17,"enemies":"Centurion and Healer","floor":20,"turns":6},{"damage":16,"enemies":"Cultist and Chosen","floor":24,"turns":5},{"damage":0,"enemies":"Gremlin Leader","floor":27,"turns":1},{"damage":0,"enemies":"Snake Plant","floor":28,"turns":1},{"damage":8,"enemies":"Snecko","floor":29,"turns":4},{"damage":19,"enemies":"Cultist and Chosen","floor":31,"turns":5},{"damage":61,"enemies":"Collector","floor":33,"turns":7}],"seed_played":"6147425336249993806","potions_obtained":[{"floor":3.0,"key":"BlessingOfTheForge"},{"floor":4.0,"key":"ColorlessPotion"},{"floor":16.0,"key":"SmokeBomb"},{"floor":18.0,"key":"PowerPotion"},{"floor":22,"key":"Dexterity Potion"},{"floor":22,"key":"SmokeBomb"},{"floor":31,"key":"FairyPotion"}],"is_trial":false,"path_per_floor":["M","?","M","M","M","R","M","R","T","$","$","?","R","M","R","B",null,"M","M","M","?","?","R","M","R","T","E","M","M","$","M","R","B"],"character_chosen":"IRONCLAD","items_purchased":["GamblersBrew"],"campfire_rested":1,"item_purchase_floors":[30],"current_hp_per_floor":[80,80,80,72,71,71,62,62,62,62,62,80,80,78,78,61,80,43,35,18,44,44,44,28,28,28,28,28,20,20,1,25,0,0],"gold":54,"neow_bonus":"BOSS_RELIC","is_daily":false,"chose_seed":false,"campfire_upgraded":6,"win_rate":0.0,"timestamp":1610576940,"path_taken":["M","?","M","M","M","R","?","R","T","?","$","?","R","M","R","BOSS","M","?","M","?","?","R","?","R","T","E","M","?","$","M","R","BOSS"],"items_purchased_type":["Potion"],"build_version":"2020-12-22","purchased_purges":3,"victory":false,"max_hp_per_floor":[80,80,80,80,80,80,80,80,80,80,80,80,80,80,80,80,80,80,80,80,80,80,80,80,80,80,80,80,80,80,80,80,80,80],"card_choices":[{"not_picked":["Twin Strike","Seeing Red"],"picked":"Iron Wave","floor":1.0},{"not_picked":["Wild Strike","Perfected Strike","Berserk"],"picked":"SKIP","floor":3.0},{"not_picked":["Perfected Strike","Berserk"],"picked":"Wild Strike","floor":3.0},{"not_picked":["Thunderclap","Heavy Blade"],"picked":"Iron Wave","floor":4.0},{"not_picked":["Perfected Strike","Intimidate"],"picked":"Fire Breathing","floor":5.0},{"not_picked":["Thunderclap","Clash"],"picked":"Battle Trance","floor":7.0},{"not_picked":["Havoc","True Grit"],"picked":"Rampage","floor":14.0},{"not_picked":["Feed","Demon Form"],"picked":"Juggernaut","floor":16.0},{"not_picked":["True Grit","Pommel Strike","Warcry"],"picked":"SKIP","floor":18.0},{"not_picked":["Seeing Red","Clash"],"picked":"Iron Wave+1","floor":19.0},{"not_picked":["Flex","Intimidate","Perfected Strike"],"picked":"SKIP","floor":20},{"not_picked":["Rupture+1","Havoc"],"picked":"Shrug It Off","floor":24},{"not_picked":["Twin Strike","Inflame","Armaments"],"picked":"SKIP","floor":29},{"not_picked":["Body Slam","Flex","Demon Form"],"picked":"SKIP","floor":31}],"player_experience":349513,"relics_obtained":[],"event_choices":[{"damage_healed":0.0,"max_hp_gain":0.0,"max_hp_loss":0.0,"gold_gain":0.0,"event_name":"Match and Keep!","player_choice":"2 cards matched","floor":2.0,"gold_loss":0.0,"damage_taken":0.0,"cards_obtained":["Fiend Fire","Finesse"]},{"cards_removed":["Battle Trance"],"damage_healed":18.0,"max_hp_gain":0.0,"max_hp_loss":0.0,"gold_gain":0.0,"event_name":"Bonfire Elementals","player_choice":"Offered Uncommon","floor":12.0,"gold_loss":0.0,"damage_taken":0.0},{"damage_healed":26,"gold_gain":0,"player_choice":"Heal","damage_taken":0,"max_hp_gain":0,"max_hp_loss":0,"event_name":"The Library","floor":21,"gold_loss":0},{"damage_healed":0,"gold_gain":0,"player_choice":"Got Potions","damage_taken":0,"max_hp_gain":0,"max_hp_loss":0,"event_name":"Lab","floor":22,"gold_loss":0}],"is_beta":false,"boss_relics":[{"not_picked":["Mark of Pain","Philosopher\u0027s Stone","Tiny House"]}],"items_purged_floors":[10,11,30],"is_endless":false,"potions_floor_spawned":[3,4,16,18,31],"killed_by":"Collector","ascension_level":0}}