{"host":"daa8jqyg4gqfaysm","time":1610549974,"event":{"mods":["BaseMod","Colored Powertips","Minty Spire (QoL Compilation)","StSLib"],"gold_per_floor":[210,230,242,40,0,0,26,26,74,74,74,104,104,138,138,138,138],"floor_reached":16,"language":"ENG","playtime":605,"items_purged":[],"score":232,"play_id":"788fba5c-1067-40d3-acec-f0e8139396c2","local_time":"20210113225934","is_ascension_mode":true,"campfire_choices":[{"data":"Dagger Spray","floor":6,"key":"SMITH"},{"data":"Well Laid Plans","floor":8,"key":"SMITH"},{"data":"Neutralize","floor":10,"key":"SMITH"},{"floor":15,"key":"REST"}],"circlet_count":0,"master_deck":["AscendersBane","Strike_G+1","Strike_G","Strike_G","Strike_G+1","Strike_G","Defend_G","Defend_G","Defend_G","Defend_G","Defend_G","Survivor","Neutralize+1","Dagger Spray+1","After Image","Footwork","Well Laid Plans+1","After Image","Backstab"],"relics":["Ring of the Snake","Oddly Smooth Stone","MealTicket","Whetstone","Golden Idol","White Beast Statue"],"acts_visited":["Exordium"],"potions_floor_usage":[7,14,16],"damage_taken":[{"damage":1,"enemies":"Cultist","floor":1,"turns":3},{"damage":1,"enemies":"Jaw Worm","floor":2,"turns":4},{"damage":0,"enemies":"2 Louse","floor":3,"turns":2},{"damage":4,"enemies":"Looter","floor":5,"turns":5},{"damage":14,"enemies":"3 Sentries","floor":7,"turns":11},{"damage":35,"enemies":"Gremlin Nob","floor":12,"turns":6},{"damage":1,"enemies":"Lagavulin","floor":14,"turns":10},{"damage":21,"enemies":"Slime Boss","floor":16,"turns":10}],"seed_played":"6187211024737038703","potions_obtained":[{"floor":2,"key":"AttackPotion"},{"floor":12,"key":"Dexterity Potion"},{"floor":14,"key":"SpeedPotion"}],"is_trial":false,"path_per_floor":["M","M","M","$","M","R","E","R","T","R","?","E","?","E","R","B"],"character_chosen":"THE_SILENT","items_purchased":["Footwork","Oddly Smooth Stone"],"campfire_rested":1,"item_purchase_floors":[4,4],"current_hp_per_floor":[58,57,57,57,53,53,39,39,39,39,39,4,4,3,21,0,0],"gold":138,"neow_bonus":"HUNDRED_GOLD","is_daily":false,"chose_seed":false,"campfire_upgraded":3,"win_rate":0.0,"timestamp":1610549974,"path_taken":["M","M","M","$","M","R","E","R","T","R","?","E","?","E","R","BOSS"],"items_purchased_type":["Card","Relic"],"build_version":"2020-12-22","purchased_purges":0,"victory":false,"max_hp_per_floor":[66,66,66,66,66,66,66,66,66,66,66,66,60,60,60,60,60],"card_choices":[{"not_picked":["Deflect","Sucker Punch"],"picked":"Dagger Spray","floor":1},{"not_picked":["Backflip","Prepared","Acrobatics"],"picked":"SKIP","floor":2},{"not_picked":["Deflect","Acrobatics"],"picked":"After Image","floor":3},{"not_picked":["Heel Hook","Outmaneuver","Bane"],"picked":"SKIP","floor":5},{"not_picked":["Acrobatics","Concentrate"],"picked":"Well Laid Plans","floor":7},{"not_picked":["Finisher","Crippling Poison"],"picked":"After Image","floor":12},{"not_picked":["Skewer","Underhanded Strike"],"picked":"Backstab","floor":14}],"player_experience":814914,"relics_obtained":[{"floor":7,"key":"MealTicket"},{"floor":12,"key":"Whetstone"},{"floor":14,"key":"White Beast Statue"}],"event_choices":[{"damage_healed":0,"gold_gain":0,"player_choice":"Searched \u00270\u0027 times","damage_taken":0,"max_hp_gain":0,"max_hp_loss":0,"event_name":"Dead Adventurer","floor":11,"gold_loss":0},{"damage_healed":0,"gold_gain":0,"player_choice":"Lose Max HP","damage_taken":0,"relics_obtained":["Golden Idol"],"max_hp_gain":0,"max_hp_loss":6,"event_name":"Golden Idol","floor":13,"gold_loss":0}],"is_beta":false,"boss_relics":[],"items_purged_floors":[],"is_endless":false,"potions_floor_spawned":[2,12,14],"killed_by":"Slime Boss","ascension_level":20}}