{"host":"ml2ro5l6hu6y0pll","time":1610549978,"event":{"mods":["AchievementEnabler","BaseMod","Colored Map","Colored Powertips","Custom Start","Googly Eyes","Minty Spire (QoL Compilation)","Quick Restart","Rare Cards Sparkle","Relic Stats","StSLib","everything is the same but u backflip on backflip"],"gold_per_floor":[111,127,202,221,72,72,104,120,190,216,216,246,8,8,8,8,8],"floor_reached":16,"language":"ENG","playtime":469,"items_purged":["Strike_R"],"score":207,"play_id":"ffb67760-c740-44bc-87ec-181883874e10","local_time":"20210113145938","is_ascension_mode":true,"campfire_choices":[{"floor":6.0,"key":"REST"},{"floor":15,"key":"REST"}],"circlet_count":0,"master_deck":["AscendersBane","Strike_R","Strike_R","Strike_R","Strike_R","Defend_R","Defend_R","Defend_R","Defend_R","Bash","CurseOfTheBell","Headbutt","Wild Strike","Battle Trance","Immolate","Shockwave","Flame Barrier","Reaper"],"relics":["Calling Bell","Red Skull","Letter Opener","Peace Pipe","Champion Belt","Vajra","Charon\u0027s Ashes","Golden Idol"],"acts_visited":["Exordium"],"potions_floor_usage":[12,16],"damage_taken":[{"damage":9.0,"enemies":"Jaw Worm","floor":1.0,"turns":4.0},{"damage":20.0,"enemies":"Small Slimes","floor":2.0,"turns":4.0},{"damage":1.0,"enemies":"Cultist","floor":4.0,"turns":3.0},{"damage":30.0,"enemies":"Lagavulin","floor":7.0,"turns":7.0},{"damage":0.0,"enemies":"2 Fungi Beasts","floor":8.0,"turns":2.0},{"damage":5.0,"enemies":"3 Sentries","floor":10.0,"turns":2.0},{"damage":22,"enemies":"Lagavulin","floor":12,"turns":5},{"damage":24,"enemies":"Slime Boss","floor":16,"turns":5}],"seed_played":"-786379294299204295","potions_obtained":[{"floor":7.0,"key":"Explosive Potion"},{"floor":10.0,"key":"Explosive Potion"},{"floor":12,"key":"EssenceOfSteel"}],"is_trial":false,"path_per_floor":["M","M","?","M","$","R","E","M","T","E","?","E","$","?","R","B"],"character_chosen":"IRONCLAD","items_purchased":["Immolate","Reaper"],"campfire_rested":2,"item_purchase_floors":[5,13],"current_hp_per_floor":[59,39,39,38,38,60,30,30,30,25,25,3,3,3,23,0,0],"gold":8,"neow_bonus":"BOSS_RELIC","is_daily":false,"chose_seed":false,"campfire_upgraded":0,"win_rate":0.0,"timestamp":1610549978,"path_taken":["M","M","?","M","$","R","E","M","T","E","?","E","?","?","R","BOSS"],"items_purchased_type":["Card","Card"],"build_version":"2020-12-22","purchased_purges":1,"victory":false,"max_hp_per_floor":[75,75,75,75,75,75,75,75,75,75,75,75,75,68,68,68,68],"relic_stats":{"Peace Pipe":0,"counters":[8,32],"Golden Idol":0,"Charon\u0027s Ashes":[3],"Letter Opener":[5],"Champion Belt":[1],"obtain_stats":[{"Calling Bell":0,"Peace Pipe":0,"Golden Idol":14,"Vajra":10,"Charon\u0027s Ashes":12,"Letter Opener":0,"Champion Belt":7,"Burning Blood":0,"Red Skull":0},{"Calling Bell":0,"Peace Pipe":0,"Golden Idol":7,"Vajra":6,"Charon\u0027s Ashes":7,"Letter Opener":0,"Champion Belt":4,"Burning Blood":0,"Red Skull":0},{"Calling Bell":0,"Peace Pipe":0,"Golden Idol":27,"Vajra":22,"Charon\u0027s Ashes":27,"Letter Opener":0,"Champion Belt":18,"Burning Blood":0,"Red Skull":0}]},"card_choices":[{"not_picked":["Flex","Clash"],"picked":"Headbutt","floor":1.0},{"not_picked":["Warcry","Thunderclap"],"picked":"Wild Strike","floor":2.0},{"not_picked":["Entrench","Iron Wave"],"picked":"Battle Trance","floor":4.0},{"not_picked":["Flex","Iron Wave","Warcry"],"picked":"SKIP","floor":7.0},{"not_picked":["Armaments","Fiend Fire"],"picked":"Shockwave","floor":8.0},{"not_picked":["Iron Wave","Pommel Strike"],"picked":"Flame Barrier","floor":10.0},{"not_picked":["Flex","Clash","Rupture"],"picked":"SKIP","floor":12}],"player_experience":798711,"relics_obtained":[{"floor":0.0,"key":"Red Skull"},{"floor":0.0,"key":"Letter Opener"},{"floor":0.0,"key":"Peace Pipe"},{"floor":7.0,"key":"Champion Belt"},{"floor":10.0,"key":"Vajra"},{"floor":12,"key":"Charon\u0027s Ashes"}],"event_choices":[{"damage_healed":0.0,"max_hp_gain":0.0,"max_hp_loss":0.0,"gold_gain":75.0,"event_name":"Golden Wing","player_choice":"Gained Gold","floor":3.0,"gold_loss":0.0,"damage_taken":0.0},{"damage_healed":0.0,"max_hp_gain":0.0,"max_hp_loss":0.0,"gold_gain":0.0,"event_name":"Liars Game","player_choice":"Ignored","floor":11.0,"gold_loss":0.0,"damage_taken":0.0},{"damage_healed":0,"gold_gain":0,"player_choice":"Lose Max HP","damage_taken":0,"relics_obtained":["Golden Idol"],"max_hp_gain":0,"max_hp_loss":7,"event_name":"Golden Idol","floor":14,"gold_loss":0}],"is_beta":false,"boss_relics":[],"items_purged_floors":[13],"is_endless":false,"potions_floor_spawned":[7,10,12],"killed_by":"Slime Boss","ascension_level":15}}