{"host":"c7y19xegjhmhlks5","time":1610514133,"event":{"mods":["AchievementEnabler","BaseMod","Better Note","Block Reminder","Colored Map","Downfall","Highlight Path","Infinite Spire","Minty Spire (QoL Compilation)","Replay The Spire","StSLib","everything is the same but u backflip on backflip"],"gold_per_floor":[99,118,135,135,235,267,294,312,327,252,271,480,500,500,511,612,612,537,547,566,431,451,451,477,507,521,533,166,184,184,88,104,208,208,208,228,228,241,203,203,203,228,378,288,315,315,354,376,417,423],"floor_reached":51,"language":"ENG","playtime":10127,"items_purged":["ReplayTheSpireMod:Splinters"],"score":786,"play_id":"52e502b1-4859-4f25-a16d-9cbe5b8cc80f","local_time":"20210113000213","is_ascension_mode":true,"campfire_choices":[{"floor":1.0,"key":"DIG"},{"floor":10.0,"key":"RECALL"},{"data":"Guardian:TemporalShield","floor":18.0,"key":"SMITH"},{"floor":30.0,"key":"REST"},{"data":"Guardian:TimeCapacitor","floor":35.0,"key":"SMITH"},{"floor":40.0,"key":"REST"}],"circlet_count":0,"master_deck":["Guardian:Strike_Guardian+1","Guardian:Strike_Guardian","Guardian:Strike_Guardian","Guardian:Strike_Guardian+1","Guardian:Defend_Guardian","Guardian:Defend_Guardian","Guardian:Defend_Guardian","Guardian:CurlUp","Guardian:TwinSlam","Guardian:Planning","Guardian:EvasiveProtocol","Guardian:Clone","Guardian:ExploitGems","Guardian:FuturePlans","Guardian:Clone","Guardian:TemporalShield+1","Guardian:BaubleBeam","Guardian:DecasProtection","Guardian:PiercingHide","Guardian:ShieldSpikes","Guardian:RollAttack+1","Guardian:VentSteam","Guardian:TimeCapacitor","Guardian:ChargeCore","Guardian:StasisEngine","Guardian:ShieldCharger","Guardian:ChargeUp","Guardian:ChargeUp","Guardian:Repulse","Guardian:MultiBeam","Guardian:ShieldCharger+1","Guardian:TimeCapacitor+1","Guardian:WalkerClaw+1","Guardian:GatlingBeam","Guardian:Incinerate+1","Guardian:ShieldCharger+1","Guardian:Suspension","Guardian:HyperBeam_Guardian+1","Guardian:Incinerate+1","Guardian:Gem_Lightblue","Guardian:Orbwalk+1","Parasite","Guardian:Recover","Guardian:PrimingBeam+1"],"relics":["Guardian:ModeShifter","ReplayTheSpireMod:TigerMarble","downfall:HeartBlessingBlue","Black Star","downfall:HeartBlessingRed","Dream Catcher","infinitespire:Joker Card","Tiny Chest","Toolbox","Whetstone","Guardian:StasisSlotReductionRelic","Iron Hammer","Replay:Bandana","Mango","infinitespire:PuzzleCube","Chameleon Ring","Happy Flower"],"acts_visited":["Exordium","TheCity","TheBeyond"],"potions_floor_usage":[49],"damage_taken":[{"damage":0.0,"enemies":"Cultist","floor":2.0,"turns":4.0},{"damage":5.0,"enemies":"2 Louse","floor":3.0,"turns":3.0},{"damage":13.0,"enemies":"3 Sentries","floor":6.0,"turns":8.0},{"damage":0.0,"enemies":"Small Slimes","floor":8.0,"turns":3.0},{"damage":1.0,"enemies":"Exordium Wildlife","floor":9.0,"turns":6.0},{"damage":1.0,"enemies":"3 Louse","floor":11.0,"turns":4.0},{"damage":9.0,"enemies":"2 Fungi Beasts","floor":13.0,"turns":5.0},{"damage":4.0,"enemies":"Blue Slaver","floor":15.0,"turns":5.0},{"damage":24.0,"enemies":"downfall:Defect","floor":16.0,"turns":8.0},{"damage":30.0,"enemies":"Shell Parasite","floor":19.0,"turns":7.0},{"damage":14.0,"enemies":"Chosen","floor":20.0,"turns":7.0},{"damage":0.0,"enemies":"downfall:FleeingMerchant","floor":21.0,"turns":4.0},{"damage":2.0,"enemies":"Snecko","floor":22.0,"turns":6.0},{"damage":10.0,"enemies":"Nightmare","floor":25.0,"turns":9.0},{"damage":2.0,"enemies":"Centurion and Healer","floor":26.0,"turns":5.0},{"damage":10.0,"enemies":"Sentry and Sphere","floor":27.0,"turns":10.0},{"damage":6.0,"enemies":"downfall:FleeingMerchant","floor":28.0,"turns":4.0},{"damage":7.0,"enemies":"Snake Plant","floor":29.0,"turns":5.0},{"damage":3.0,"enemies":"downfall:FleeingMerchant","floor":31.0,"turns":4.0},{"damage":37.0,"enemies":"Cultist and Chosen","floor":32.0,"turns":7.0},{"damage":6.0,"enemies":"downfall:Silent","floor":33.0,"turns":8.0},{"damage":6.0,"enemies":"Orb Walker","floor":36.0,"turns":5.0},{"damage":14.0,"enemies":"3 Shapes","floor":38.0,"turns":4.0},{"damage":11.0,"enemies":"downfall:FleeingMerchant","floor":39.0,"turns":4.0},{"damage":8.0,"enemies":"downfall:FleeingMerchant","floor":44.0,"turns":4.0},{"damage":0.0,"enemies":"Jaw Worm Horde","floor":45.0,"turns":6.0},{"damage":52.0,"enemies":"Nemesis","floor":47.0,"turns":7.0},{"damage":19.0,"enemies":"Writhing Mass","floor":48.0,"turns":7.0},{"damage":0,"enemies":"Maw","floor":49,"turns":5},{"damage":35,"enemies":"downfall:Ironclad","floor":50,"turns":10}],"seed_played":"1815017265605095155","potions_obtained":[{"floor":2.0,"key":"FearPotion"},{"floor":3.0,"key":"SteroidPotion"},{"floor":9.0,"key":"Reflective Coating"},{"floor":13.0,"key":"Strength Potion"},{"floor":19.0,"key":"EssenceOfSteel"},{"floor":22.0,"key":"BlessingOfTheForge"},{"floor":23.0,"key":"FairyPotion"},{"floor":23.0,"key":"AttackPotion"},{"floor":23.0,"key":"Guardian:DefensiveModePotion"},{"floor":29.0,"key":"Regen Potion"},{"floor":32.0,"key":"Dexterity Potion"},{"floor":33.0,"key":"DuplicationPotion"},{"floor":45.0,"key":"PowerPotion"},{"floor":47.0,"key":"Doom Potion"}],"is_trial":false,"path_per_floor":["R_BF","M","M","?","?","E","T","M","M","R","M","?","M","?","M","B",null,"R","M","M","$","M","?","T","NM","M","M","$","M","R","$","M","B",null,"R","M","?","M","$","R","T","T","?","$","M","?","E","M","M","B",null],"character_chosen":"GUARDIAN","items_purchased":["Guardian:RollAttack","Toolbox","Whetstone","Guardian:ChargeUp","Guardian:TimeCapacitor","Guardian:Suspension","Mango","infinitespire:PuzzleCube"],"campfire_rested":2,"item_purchase_floors":[21,28,28,28,31,39,44,44],"current_hp_per_floor":[88,88,83,83,83,70,70,70,69,79,78,78,69,98,94,70,98,98,68,54,54,52,52,52,42,40,30,24,17,46,43,21,15,98,98,92,92,78,67,96,96,96,96,102,102,94,42,23,23,40],"gold":423,"neow_bonus":"TEN_PERCENT_HP_BONUS","is_daily":false,"chose_seed":false,"campfire_upgraded":2,"win_rate":0.0,"timestamp":1610514133,"path_taken":["R_BF","M","M","?","?","E","T","?","M","R","M","?","M","?","M","BOSS","R","M","M","$","M","?","T","NM","?","M","?","M","R","$","M","BOSS","R","M","?","M","$","R","T","?","?","$","?","?","E","M","M","BOSS"],"items_purchased_type":["Card","Relic","Relic","Card","Card","Card","Relic","Relic"],"build_version":"2020-12-22","purchased_purges":1,"victory":true,"max_hp_per_floor":[88,88,88,88,88,88,88,88,88,98,98,98,98,98,98,98,98,98,98,98,98,98,98,98,98,98,98,98,98,98,98,98,98,98,98,98,98,98,98,98,98,98,98,112,112,112,112,112,112,112],"card_choices":[{"not_picked":["Guardian:WalkerClaw","Guardian:TemporalStrike"],"picked":"Guardian:Gem_Cyan","floor":2.0},{"not_picked":["Guardian:BronzeArmor","Guardian:Emergency"],"picked":"Guardian:Planning","floor":3.0},{"not_picked":["Guardian:ChargeCore","Guardian:Gem_Red"],"picked":"Guardian:EvasiveProtocol","floor":6.0},{"not_picked":["Guardian:Recover","Guardian:Harden"],"picked":"Guardian:Clone","floor":8.0},{"not_picked":["Guardian:FloatingOrbs","Guardian:PiercingHide"],"picked":"Guardian:ExploitGems","floor":9.0},{"not_picked":["Guardian:ShieldCharger","Guardian:Gem_Red"],"picked":"Guardian:FuturePlans","floor":11.0},{"not_picked":["Guardian:RollAttack","Guardian:PrimingBeam"],"picked":"Guardian:Clone","floor":12.0},{"not_picked":["Guardian:WalkerClaw","Guardian:Harden"],"picked":"Guardian:TemporalShield","floor":13.0},{"not_picked":["Guardian:RollAttack","Guardian:ShieldCharger"],"picked":"Guardian:Gem_Yellow","floor":15.0},{"not_picked":["Guardian:TimeSifter","Guardian:Gem_Orange"],"picked":"Guardian:BaubleBeam","floor":16.0},{"not_picked":["Guardian:SpikerProtocol","Guardian:Gem_Green"],"picked":"Guardian:DecasProtection","floor":19.0},{"not_picked":["Guardian:Recover","Guardian:Gem_Blue"],"picked":"Guardian:PiercingHide","floor":20.0},{"not_picked":["Guardian:Gem_Lightblue","Guardian:EvasiveProtocol"],"picked":"Guardian:ShieldSpikes","floor":21.0},{"not_picked":["Guardian:Clone","Guardian:PrismaticBarrier"],"picked":"Guardian:VentSteam","floor":22.0},{"not_picked":["Guardian:Harden+1","Guardian:Planning"],"picked":"Guardian:TimeCapacitor","floor":25.0},{"not_picked":["Guardian:Planning+1","Guardian:FuturePlans"],"picked":"Guardian:ChargeCore","floor":26.0},{"not_picked":["Guardian:WalkerClaw","Guardian:Reroute"],"picked":"Guardian:StasisEngine","floor":27.0},{"not_picked":["Guardian:Clone","Guardian:StasisStrike"],"picked":"Guardian:ShieldCharger","floor":28.0},{"not_picked":["Guardian:TimeBomb","Guardian:Suspension+1"],"picked":"Guardian:Repulse","floor":29.0},{"not_picked":["Guardian:TemporalStrike","Guardian:ChargeCore"],"picked":"Guardian:MultiBeam","floor":30.0},{"not_picked":["Guardian:Gem_White","Guardian:Emergency+1"],"picked":"Guardian:ShieldCharger+1","floor":31.0},{"not_picked":["Guardian:PiercingHide","Guardian:BronzeArmor"],"picked":"Guardian:WalkerClaw+1","floor":32.0},{"not_picked":["Guardian:BaubleBeam","Guardian:FastForward"],"picked":"Guardian:GatlingBeam","floor":33.0},{"not_picked":["Guardian:PolyBeam+1","Guardian:FuturePlans+1"],"picked":"Guardian:Incinerate+1","floor":36.0},{"not_picked":["Guardian:Incinerate","Guardian:Gem_Red"],"picked":"Guardian:Gem_White","floor":38.0},{"not_picked":["Guardian:FuturePlans","Guardian:ChargeCore"],"picked":"Guardian:ShieldCharger+1","floor":39.0},{"not_picked":["Guardian:ShieldCharger","Guardian:CrystalBeam"],"picked":"Guardian:HyperBeam_Guardian","floor":40.0},{"not_picked":["Guardian:Reroute","Guardian:WalkerClaw+1"],"picked":"Guardian:Incinerate+1","floor":44.0},{"not_picked":["Guardian:BronzeArmor","Guardian:Gem_Red"],"picked":"Guardian:Gem_Lightblue","floor":45.0},{"not_picked":["Guardian:ChargeCore","Guardian:Repulse"],"picked":"Guardian:Orbwalk+1","floor":47.0},{"not_picked":["Guardian:TimeBomb+1","Guardian:CrystalBeam+1"],"picked":"Guardian:Recover","floor":48.0},{"not_picked":["Guardian:ChargeUp","Guardian:VentSteam+1"],"picked":"Guardian:PrimingBeam+1","floor":49}],"player_experience":656357,"relics_obtained":[{"floor":1.0,"key":"Potion Belt"},{"floor":6.0,"key":"ReplayTheSpireMod:TigerMarble"},{"floor":24.0,"key":"Dream Catcher"},{"floor":25.0,"key":"infinitespire:Joker Card"},{"floor":25.0,"key":"Tiny Chest"},{"floor":41.0,"key":"Iron Hammer"},{"floor":42.0,"key":"Replay:Bandana"},{"floor":47.0,"key":"Chameleon Ring"},{"floor":47.0,"key":"Happy Flower"}],"event_choices":[{"damage_healed":0.0,"max_hp_gain":0.0,"max_hp_loss":0.0,"gold_gain":0.0,"event_name":"Lab","player_choice":"Got Potions","floor":23.0,"gold_loss":0.0,"damage_taken":0.0}],"is_beta":false,"boss_relics":[{"not_picked":["Fusion Hammer","Painkiller Herb"],"picked":"Black Star"},{"not_picked":["Busted Crown","Astrolabe"],"picked":"Guardian:StasisSlotReductionRelic"}],"items_purged_floors":[21],"is_endless":false,"potions_floor_spawned":[2,3,9,13,19,22,29,32,33,45,47],"ascension_level":1}}