{"host":"aibqmozag2xz7y1n","time":1610568704,"event":{"mods":["AchievementEnabler","BaseMod","Colored Map","Colored Powertips","Marisa????????","Minty Spire (QoL Compilation)","Rare Cards Sparkle","StSLib","The Servant 0.9.4"],"gold_per_floor":[114,189,204,204,223,261,261,280,280,280,82,101,17,55,55,180,180,199,68,87,8,0,38,38,76,76,76,76,95,114,114,114,257,329,348,365,365,202,221,268,268,268,327,365,383,402,37,109,109,118],"floor_reached":51,"language":"ENG","playtime":3122,"items_purged":["Injury","Injury","Injury"],"score":874,"play_id":"2f8b4130-1a9a-4cae-86d9-83898cc6b404","local_time":"20210113211144","daily_mods":["Cursed Run","Vintage","Lethality"],"is_ascension_mode":false,"campfire_choices":[{"data":"Cloak And Dagger","floor":7,"key":"SMITH"},{"data":"Neutralize","floor":10,"key":"SMITH"},{"floor":15,"key":"REST"},{"data":"Tools of the Trade","floor":24,"key":"SMITH"},{"data":"Accuracy","floor":27,"key":"SMITH"},{"floor":32,"key":"REST"},{"floor":41,"key":"REST"},{"floor":49,"key":"REST"}],"circlet_count":0,"master_deck":["Strike_G+1","Strike_G+1","Strike_G+1","Strike_G+1","Strike_G+1","Defend_G+1","Defend_G+1","Defend_G+1","Defend_G+1","Defend_G+1","Survivor+1","Neutralize+1","Cloak And Dagger+1","Backflip","Tools of the Trade+1","Accuracy+1","Outmaneuver","Reflex","Bullet Time+1","Accuracy","Prepared","Deflect","Dash+1","Prepared","Grand Finale","Tactician","Backflip+1","Dagger Throw+1","Dodge and Roll+1","Metamorphosis","Chrysalis","Apotheosis","Blade Dance+1","Clumsy"],"relics":["Cursed Key","Darkstone Periapt","Du-Vu Doll","Pen Nib","Happy Flower","Golden Idol","PreservedInsect","Potion Belt","Meat on the Bone","White Beast Statue","Orichalcum","Question Card","Runic Pyramid","Smiling Mask","War Paint","Blue Candle","Pantograph","Gremlin Horn","Blood Vial","CeramicFish","Tiny House","Centennial Puzzle","Unceasing Top","Anchor","Bronze Scales","Juzu Bracelet","Dream Catcher","Bag of Marbles","Akabeko","Whetstone","Ice Cream"],"acts_visited":["Exordium","TheCity","TheBeyond"],"potions_floor_usage":[6,16,18,23,25,30,33,33,35,36,39,46],"damage_taken":[{"damage":0,"enemies":"Cultist","floor":1,"turns":3},{"damage":0,"enemies":"Jaw Worm","floor":3,"turns":3},{"damage":0,"enemies":"2 Louse","floor":5,"turns":2},{"damage":12,"enemies":"Gremlin Nob","floor":6,"turns":3},{"damage":6,"enemies":"Exordium Thugs","floor":8,"turns":2},{"damage":2,"enemies":"Exordium Wildlife","floor":12,"turns":4},{"damage":8,"enemies":"Lagavulin","floor":14,"turns":4},{"damage":29,"enemies":"Slime Boss","floor":16,"turns":12},{"damage":0,"enemies":"Shell Parasite","floor":18,"turns":4},{"damage":0,"enemies":"Spheric Guardian","floor":20,"turns":3},{"damage":22,"enemies":"Slavers","floor":23,"turns":5},{"damage":7,"enemies":"Gremlin Leader","floor":25,"turns":6},{"damage":1,"enemies":"Snecko","floor":29,"turns":5},{"damage":14,"enemies":"Snake Plant","floor":30,"turns":6},{"damage":85,"enemies":"Collector","floor":33,"turns":15},{"damage":2,"enemies":"Orb Walker","floor":35,"turns":4},{"damage":15,"enemies":"2 Orb Walkers","floor":36,"turns":5},{"damage":5,"enemies":"3 Darklings","floor":39,"turns":5},{"damage":33,"enemies":"Reptomancer","floor":40,"turns":6},{"damage":0,"enemies":"Giant Head","floor":44,"turns":8},{"damage":25,"enemies":"Writhing Mass","floor":46,"turns":4},{"damage":17,"enemies":"Mind Bloom Boss Battle","floor":48,"turns":7},{"damage":44,"enemies":"Donu and Deca","floor":50,"turns":7}],"seed_played":"-4624312993155624390","potions_obtained":[{"floor":3,"key":"GhostInAJar"},{"floor":5,"key":"Fire Potion"},{"floor":6,"key":"LiquidBronze"},{"floor":12,"key":"PowerPotion"},{"floor":14,"key":"Strength Potion"},{"floor":16,"key":"Ancient Potion"},{"floor":18,"key":"Weak Potion"},{"floor":20,"key":"PowerPotion"},{"floor":23,"key":"Poison Potion"},{"floor":25,"key":"SpeedPotion"},{"floor":29,"key":"BlessingOfTheForge"},{"floor":30,"key":"BlessingOfTheForge"},{"floor":33,"key":"GamblersBrew"},{"floor":34,"key":"Weak Potion"},{"floor":35,"key":"Explosive Potion"},{"floor":36,"key":"Weak Potion"},{"floor":39,"key":"AttackPotion"},{"floor":40,"key":"DuplicationPotion"},{"floor":44,"key":"Dexterity Potion"},{"floor":46,"key":"Weak Potion"},{"floor":48,"key":"Block Potion"}],"is_trial":false,"path_per_floor":["M","?","M","?","M","E","R","M","T","R","$","M","$","E","R","B",null,"M","$","M","$","?","E","R","E","T","R","?","M","M","?","R","B",null,"M","?","?","$","M","E","R","?","T","E","?","M","$","?","R","B",null],"character_chosen":"THE_SILENT","items_purchased":["Backflip","Tools of the Trade","Accuracy","Outmaneuver","Accuracy","Prepared","Deflect","Dagger Throw","Anchor","Apotheosis","Whetstone"],"campfire_rested":4,"item_purchase_floors":[11,11,13,13,19,21,21,38,38,47,47],"current_hp_per_floor":[70,59,59,65,65,53,53,47,53,53,53,51,51,43,67,56,88,88,88,88,88,88,66,66,59,65,65,65,64,52,52,80,27,105,103,90,90,90,87,56,87,87,93,95,90,67,67,77,110,73],"gold":118,"neow_bonus":"","is_daily":true,"chose_seed":false,"campfire_upgraded":4,"win_rate":0.0,"timestamp":1610568704,"path_taken":["M","?","M","?","M","E","R","M","T","R","$","M","?","E","R","BOSS","M","$","M","$","?","E","R","E","T","R","?","?","M","?","R","BOSS","M","?","?","$","?","E","R","?","T","E","?","M","?","?","R","BOSS"],"items_purchased_type":["Card","Card","Card","Card","Card","Card","Card","Card","Relic","Card","Relic"],"build_version":"2020-12-22","purchased_purges":3,"victory":true,"max_hp_per_floor":[70,70,70,76,76,76,76,76,82,82,82,82,82,82,82,88,88,88,88,88,88,88,88,88,88,94,94,94,94,94,94,94,100,105,105,105,105,105,105,105,105,105,111,111,111,111,111,111,111,117],"card_choices":[{"not_picked":["Poisoned Stab","Dagger Spray"],"picked":"Cloak And Dagger","floor":6},{"not_picked":["Masterful Stab","Bane"],"picked":"Reflex","floor":14},{"not_picked":["Glass Knife","Wraith Form v2","Malaise"],"picked":"Bullet Time","floor":16},{"not_picked":["Blur","Bane+1","Riddle With Holes"],"picked":"Dash","floor":23},{"not_picked":["Crippling Poison","Expertise","Predator"],"picked":"Prepared","floor":25},{"not_picked":["Glass Knife","Die Die Die","Phantasmal Killer"],"picked":"Grand Finale","floor":33},{"not_picked":["Bouncing Flask","Slice","Prepared"],"picked":"Tactician","floor":34},{"not_picked":["Poisoned Stab+1","Bane+1","Outmaneuver+1"],"picked":"Backflip+1","floor":36},{"not_picked":["Backflip","Slice","Sucker Punch"],"picked":"Dodge and Roll+1","floor":40},{"not_picked":["Prepared+1","Bane","Setup+1","Unload"],"picked":"SKIP","floor":44},{"not_picked":["Discovery","Blind","Mind Blast"],"picked":"Metamorphosis","floor":45},{"not_picked":["Impatience","Trip","Bandage Up"],"picked":"Chrysalis","floor":45},{"not_picked":["Cloak And Dagger+1","Backflip","Outmaneuver"],"picked":"Blade Dance+1","floor":48}],"player_experience":224168,"relics_obtained":[{"floor":1,"key":"Pen Nib"},{"floor":3,"key":"Happy Flower"},{"floor":5,"key":"PreservedInsect"},{"floor":6,"key":"Potion Belt"},{"floor":8,"key":"Meat on the Bone"},{"floor":9,"key":"White Beast Statue"},{"floor":12,"key":"Orichalcum"},{"floor":14,"key":"Question Card"},{"floor":18,"key":"Smiling Mask"},{"floor":20,"key":"War Paint"},{"floor":23,"key":"Blue Candle"},{"floor":25,"key":"Pantograph"},{"floor":26,"key":"Gremlin Horn"},{"floor":29,"key":"Blood Vial"},{"floor":30,"key":"CeramicFish"},{"floor":35,"key":"Centennial Puzzle"},{"floor":36,"key":"Unceasing Top"},{"floor":39,"key":"Bronze Scales"},{"floor":40,"key":"Juzu Bracelet"},{"floor":43,"key":"Dream Catcher"},{"floor":44,"key":"Bag of Marbles"},{"floor":46,"key":"Akabeko"},{"floor":48,"key":"Ice Cream"}],"event_choices":[{"damage_healed":0,"gold_gain":75,"player_choice":"Gather Gold","damage_taken":11,"max_hp_gain":0,"max_hp_loss":0,"event_name":"World of Goop","floor":2,"gold_loss":0},{"damage_healed":0,"gold_gain":0,"player_choice":"Take Wound","damage_taken":0,"relics_obtained":["Golden Idol"],"max_hp_gain":0,"max_hp_loss":0,"event_name":"Golden Idol","floor":4,"gold_loss":0,"cards_obtained":["Injury"]},{"damage_healed":0,"gold_gain":0,"player_choice":"Paid Fearfully","damage_taken":0,"max_hp_gain":0,"max_hp_loss":0,"event_name":"Masked Bandits","floor":22,"gold_loss":8},{"cards_removed":["Clumsy","Clumsy"],"damage_healed":0,"gold_gain":0,"player_choice":"Removed Curses","damage_taken":0,"max_hp_gain":0,"max_hp_loss":0,"event_name":"Fountain of Cleansing","floor":28,"gold_loss":0},{"damage_healed":0,"gold_gain":0,"player_choice":"Simplicity","damage_taken":0,"max_hp_gain":0,"max_hp_loss":0,"event_name":"Back to Basics","floor":31,"gold_loss":0,"cards_upgraded":["Strike_G","Strike_G","Strike_G","Strike_G","Strike_G","Defend_G","Defend_G","Defend_G","Defend_G"]},{"damage_healed":0,"gold_gain":0,"player_choice":"Fight","damage_taken":0,"max_hp_gain":0,"max_hp_loss":0,"event_name":"Mysterious Sphere","floor":36,"gold_loss":0},{"cards_removed":["Doubt"],"damage_healed":0,"gold_gain":0,"player_choice":"Purged","damage_taken":0,"max_hp_gain":0,"max_hp_loss":0,"event_name":"Purifier","floor":37,"gold_loss":0},{"damage_healed":0,"gold_gain":0,"player_choice":"Ignored","damage_taken":0,"max_hp_gain":0,"max_hp_loss":0,"event_name":"Tomb of Lord Red Mask","floor":42,"gold_loss":0},{"damage_healed":0,"gold_gain":0,"player_choice":"Memory 2","damage_taken":5,"max_hp_gain":0,"max_hp_loss":0,"event_name":"SensoryStone","floor":45,"gold_loss":0},{"damage_healed":0,"gold_gain":0,"player_choice":"Fight","damage_taken":0,"max_hp_gain":0,"max_hp_loss":0,"event_name":"MindBloom","floor":48,"gold_loss":0}],"is_beta":false,"boss_relics":[{"not_picked":["Astrolabe","Empty Cage"],"picked":"Runic Pyramid"},{"not_picked":["Sozu","Philosopher\u0027s Stone"],"picked":"Tiny House"}],"items_purged_floors":[11,19,47],"is_endless":false,"potions_floor_spawned":[3,5,6,12,14,16,18,20,23,25,29,30,33,35,36,39,40,44,46,48],"ascension_level":0}}