{"host":"d61fcf2p3sjwe6yo","time":1610572360,"event":{"mods":["AchievementEnabler","BaseMod","Colored Map","Minty Spire (QoL Compilation)","StSLib","SuperFastMode"],"gold_per_floor":[217,142,155,155,173,173,201,201,201,201,201,212,182,198,198,273,273,287,287,303,316,327,327,360,360,433,449,484,503,503,531,531,531,531],"floor_reached":33,"language":"ENG","playtime":1239,"items_purged":["Defend_G"],"score":537,"play_id":"d70e9e1a-b0f2-43c4-8e07-2ded80f95fcc","local_time":"20210114001240","is_ascension_mode":true,"campfire_choices":[{"data":"Neutralize","floor":6,"key":"SMITH"},{"data":"Glass Knife","floor":8,"key":"SMITH"},{"floor":10,"key":"REST"},{"data":"Catalyst","floor":15,"key":"SMITH"},{"data":"Crippling Poison","floor":23,"key":"SMITH"},{"floor":25,"key":"REST"},{"floor":30,"key":"REST"},{"floor":32,"key":"REST"}],"circlet_count":0,"master_deck":["AscendersBane","Strike_G","Strike_G+1","Strike_G","Strike_G","Defend_G","Defend_G","Defend_G","Defend_G","Survivor","Neutralize+1","Deadly Poison+1","Glass Knife+1","Catalyst+1","Crippling Poison+1","Dash","Backflip","PiercingWail+1"],"relics":["Ring of the Snake","Bird Faced Urn","TungstenRod","Runic Dome","Nilry\u0027s Codex","Tough Bandages","Molten Egg 2","Omamori","Thread and Needle"],"acts_visited":["Exordium","TheCity"],"potions_floor_usage":[3,7,20,28,28,31,33],"damage_taken":[{"damage":0,"enemies":"Small Slimes","floor":1,"turns":7},{"damage":1,"enemies":"2 Louse","floor":3,"turns":3},{"damage":4,"enemies":"Cultist","floor":5,"turns":3},{"damage":18,"enemies":"Lagavulin","floor":7,"turns":7},{"damage":0,"enemies":"Blue Slaver","floor":12,"turns":3},{"damage":0,"enemies":"Looter","floor":14,"turns":3},{"damage":4,"enemies":"The Guardian","floor":16,"turns":8},{"damage":0,"enemies":"3 Byrds","floor":18,"turns":5},{"damage":8,"enemies":"Spheric Guardian","floor":20,"turns":4},{"damage":5,"enemies":"Cultist and Chosen","floor":21,"turns":6},{"damage":1,"enemies":"3 Cultists","floor":22,"turns":3},{"damage":12,"enemies":"Gremlin Leader","floor":24,"turns":5},{"damage":15,"enemies":"Sentry and Sphere","floor":27,"turns":7},{"damage":23,"enemies":"Slavers","floor":28,"turns":7},{"damage":0,"enemies":"Snake Plant","floor":29,"turns":4},{"damage":17,"enemies":"Book of Stabbing","floor":31,"turns":4},{"damage":50,"enemies":"Automaton","floor":33,"turns":6}],"seed_played":"-333062918699515181","potions_obtained":[{"floor":3,"key":"Fruit Juice"},{"floor":5,"key":"Explosive Potion"},{"floor":13,"key":"Ancient Potion"},{"floor":13,"key":"AttackPotion"},{"floor":16,"key":"Block Potion"},{"floor":24,"key":"EssenceOfSteel"},{"floor":27,"key":"Regen Potion"},{"floor":28,"key":"AttackPotion"},{"floor":31,"key":"DuplicationPotion"}],"is_trial":false,"path_per_floor":["M","$","M","?","M","R","E","R","T","R","?","M","?","M","R","B",null,"M","?","M","M","M","R","E","R","T","M","E","M","R","E","R","B"],"character_chosen":"THE_SILENT","items_purchased":[],"campfire_rested":4,"item_purchase_floors":[],"current_hp_per_floor":[59,59,63,42,38,38,20,20,20,41,41,41,41,41,41,37,63,63,46,38,35,34,34,22,43,43,28,20,20,41,24,45,0,0],"gold":531,"neow_bonus":"HUNDRED_GOLD","is_daily":false,"chose_seed":false,"campfire_upgraded":4,"win_rate":0.0,"timestamp":1610572360,"path_taken":["M","$","M","?","M","R","E","R","T","R","?","M","?","?","R","BOSS","M","?","M","M","M","R","E","R","T","M","E","M","R","E","R","BOSS"],"items_purchased_type":[],"build_version":"2020-12-22","purchased_purges":1,"victory":false,"max_hp_per_floor":[66,66,71,71,71,71,71,71,71,71,71,71,71,71,71,71,71,71,71,71,71,71,71,71,71,71,71,71,71,71,71,71,71,71],"card_choices":[{"not_picked":["Dodge and Roll","Underhanded Strike","PiercingWail"],"picked":"SKIP","floor":1},{"not_picked":["Accuracy","Eviscerate"],"picked":"Deadly Poison","floor":3},{"not_picked":["Prepared","Reflex","Infinite Blades"],"picked":"SKIP","floor":5},{"not_picked":["Flying Knee","Tactician"],"picked":"Glass Knife","floor":7},{"not_picked":["Deflect","Underhanded Strike"],"picked":"Catalyst","floor":12},{"not_picked":["Outmaneuver","Calculated Gamble","Acrobatics"],"picked":"SKIP","floor":14},{"not_picked":["Dodge and Roll","Deadly Poison"],"picked":"Crippling Poison","floor":18},{"not_picked":["Eviscerate","Concentrate"],"picked":"Dash","floor":20},{"not_picked":["Caltrops","Dodge and Roll","Skewer"],"picked":"SKIP","floor":21},{"not_picked":["Dagger Spray","Cloak And Dagger+1","Poisoned Stab"],"picked":"SKIP","floor":22},{"not_picked":["Slice","Acrobatics"],"picked":"Backflip","floor":24},{"not_picked":["Cloak And Dagger","Dodge and Roll","Envenom"],"picked":"SKIP","floor":27},{"not_picked":["Setup","Caltrops","Deflect+1"],"picked":"SKIP","floor":28},{"not_picked":["Sucker Punch+1","Quick Slash+1"],"picked":"PiercingWail+1","floor":29},{"not_picked":["Blade Dance","Expertise","A Thousand Cuts"],"picked":"SKIP","floor":31}],"player_experience":209389,"relics_obtained":[{"floor":7,"key":"Bird Faced Urn"},{"floor":9,"key":"TungstenRod"},{"floor":19,"key":"Nilry\u0027s Codex"},{"floor":24,"key":"Tough Bandages"},{"floor":26,"key":"Molten Egg 2"},{"floor":28,"key":"Omamori"},{"floor":31,"key":"Thread and Needle"}],"event_choices":[{"damage_healed":0,"gold_gain":0,"player_choice":"Entered Light","damage_taken":21,"max_hp_gain":0,"max_hp_loss":0,"event_name":"Shining Light","floor":4,"gold_loss":0,"cards_upgraded":["Deadly Poison","Strike_G"]},{"cards_removed":["Strike_G"],"damage_healed":0,"gold_gain":0,"player_choice":"Forget","damage_taken":0,"max_hp_gain":0,"max_hp_loss":0,"event_name":"Living Wall","floor":11,"gold_loss":0},{"damage_healed":0,"gold_gain":0,"player_choice":"Bought 2 Potions","damage_taken":0,"max_hp_gain":0,"max_hp_loss":0,"event_name":"The Woman in Blue","floor":13,"gold_loss":0},{"damage_healed":0,"gold_gain":0,"player_choice":"Obtained Book","damage_taken":21,"max_hp_gain":0,"max_hp_loss":0,"event_name":"Cursed Tome","floor":19,"gold_loss":0}],"is_beta":false,"boss_relics":[{"not_picked":["Snecko Eye","SacredBark"],"picked":"Runic Dome"}],"items_purged_floors":[2],"is_endless":false,"potions_floor_spawned":[3,5,16,18,24,27,28,31],"killed_by":"Automaton","ascension_level":15}}