{"host":"n605f8gctjc87d7h","time":1610580740,"event":{"mods":["Aspiration","Bard","BaseMod","Better Match","Better Note","Better Skull","Better Third Choice","Conspire","Downfall","Halation","Infinite Spire","Minty Spire (QoL Compilation)","Replay The Spire","Retaliation","Shade Mod","Spicy Shops","StSLib","The IronCluck"],"gold_per_floor":[114,114,126,126,147,147,162,231,231,231,231,275,46,46,46,172,172,167,266,120,120,120,120,159,179,179,179,79,79,52,96,96,245,245,347,509,479,517,569,569,656,715,742,742,815,905,905,79,79,175],"floor_reached":51,"language":"ENG","playtime":7552,"items_purged":["Defend_G","Strike_G","Concentrate"],"score":809,"play_id":"3d697868-b560-4cf1-a873-4ded4ee74d4e","local_time":"20210113153220","is_ascension_mode":true,"campfire_choices":[{"floor":6.0,"key":"REST"},{"floor":10.0,"key":"REST"},{"floor":15.0,"key":"REST"},{"floor":23.0,"key":"REST"},{"floor":27.0,"key":"REST"},{"floor":32,"key":"REST"},{"data":"ReplayTheSpireMod:Scrap Shanks","floor":40,"key":"SMITH"},{"data":"Fluid Movement","floor":44,"key":"SMITH"},{"floor":47,"key":"REST"},{"floor":49,"key":"REST"}],"circlet_count":0,"master_deck":["Strike_G","Strike_G","Strike_G","Strike_G","Defend_G","Defend_G","Defend_G","Survivor","Neutralize","Prepared","Backflip","Outmaneuver","Slice","conspire:PoisonWeapons","Backflip","ReplayTheSpireMod:Scrap Shanks+1","Apotheosis+1","A Thousand Cuts","Prepared","Eviscerate","Dagger Spray+1","Dagger Throw","Fluid Movement+1","infinitespire:Neurotoxin","Finisher+1","Prepared+1","Slice+1","ReplayTheSpireMod:The Works+1","Fluid Movement+1","Crippling Poison+1"],"relics":["Ring of the Snake","Golden Idol","Toy Ornithopter","Replay:WaspNest","halation:EternalFortune","aspiration:DSix","HoveringKite","Pen Nib","Ornamental Fan","Replay:Towering Pillar of Hats","Replay:Bandana","aspiration:PoetsPen_weak","The Specimen","Vampiric Spirits","Happy Flower","Turnip","Akabeko"],"acts_visited":["Exordium","TheCity","TheBeyond"],"potions_floor_usage":[33,39,42,50],"damage_taken":[{"damage":4.0,"enemies":"Jaw Worm","floor":1.0,"turns":6.0},{"damage":0.0,"enemies":"2 Louse","floor":3.0,"turns":3.0},{"damage":1.0,"enemies":"conspire:RoseBush","floor":5.0,"turns":5.0},{"damage":1.0,"enemies":"2 Fungi Beasts","floor":7.0,"turns":5.0},{"damage":23.0,"enemies":"Lagavulin Event","floor":8.0,"turns":7.0},{"damage":56.0,"enemies":"Lagavulin","floor":12.0,"turns":12.0},{"damage":30.0,"enemies":"Slime Boss","floor":16.0,"turns":8.0},{"damage":20.0,"enemies":"2 Thieves","floor":18.0,"turns":4.0},{"damage":20.0,"enemies":"Replay:Snechameleon","floor":24.0,"turns":3.0},{"damage":7.0,"enemies":"conspire:FuzzyDice","floor":25.0,"turns":7.0},{"damage":0,"enemies":"Sentry and Sphere","floor":31,"turns":3},{"damage":2,"enemies":"Collector","floor":33,"turns":6},{"damage":0,"enemies":"3 Darklings","floor":35,"turns":2},{"damage":0,"enemies":"2 Orb Walkers","floor":36,"turns":2},{"damage":3,"enemies":"Orb Walker","floor":38,"turns":3},{"damage":17,"enemies":"Transient","floor":39,"turns":5},{"damage":17,"enemies":"Reptomancer","floor":41,"turns":5},{"damage":2,"enemies":"4 Shapes","floor":42,"turns":2},{"damage":0,"enemies":"Maw","floor":45,"turns":1},{"damage":64,"enemies":"Sphere and 2 Shapes","floor":46,"turns":2},{"damage":28,"enemies":"Replay:Hell Engine","floor":50,"turns":4}],"seed_played":"2879939401905418434","potions_obtained":[{"floor":3.0,"key":"Fire Potion"},{"floor":7.0,"key":"Block Potion"},{"floor":16.0,"key":"LifebloodPotion"},{"floor":24.0,"key":"Adrenaline Potion"},{"floor":25.0,"key":"Milkshake"},{"floor":37,"key":"Elixir"},{"floor":37,"key":"Explosive Potion"},{"floor":39,"key":"Swift Potion"},{"floor":41,"key":"Guardian:BlockOnCardUsePotion"}],"is_trial":false,"path_per_floor":["M","?","M","?","M","R","M","?","T","R","?","E","$","?","R","B",null,"M","?","$","?","?","R","E","M","T","R","$","T","$","M","R","B",null,"M","?","?","M","M","R","E","M","T","R","M","M","R","$","R","B",null],"character_chosen":"THE_SILENT","items_purchased":["Concentrate","Pen Nib","Dagger Throw","CunningPotion","conspire:TimeTravelPotion","Turnip","Akabeko"],"campfire_rested":8,"item_purchase_floors":[13,20,30,48,48,48,48],"current_hp_per_floor":[59,59,59,42,41,62,61,43,43,64,67,16,16,16,37,7,57,42,42,42,42,42,63,43,36,36,57,57,57,57,57,73,71,73,73,73,73,70,56,56,42,63,63,63,76,16,38,38,60,45],"gold":175,"neow_bonus":"TRANSFORM_CARD","is_daily":false,"chose_seed":false,"campfire_upgraded":2,"win_rate":0.0,"timestamp":1610580740,"path_taken":["M","?","M","?","M","R","M","?","T","R","?","E","$","?","R","BOSS","M","?","$","?","?","R","E","M","T","R","$","?","?","M","R","BOSS","M","?","?","M","M","R","E","?","T","R","M","M","R","$","R","BOSS"],"items_purchased_type":["Card","Relic","Card","Potion","Potion","Relic","Relic"],"build_version":"2020-12-22","purchased_purges":3,"victory":true,"max_hp_per_floor":[70,70,70,70,70,70,70,70,70,70,73,73,73,73,73,73,73,73,73,73,73,73,73,73,73,73,73,73,73,73,73,73,73,73,73,73,73,73,73,73,76,76,76,76,76,76,76,76,76,76],"card_choices":[{"not_picked":["Blade Dance","Endless Agony"],"picked":"Backflip","floor":1.0},{"not_picked":["Backflip","Masterful Stab"],"picked":"Outmaneuver","floor":3.0},{"not_picked":["Dagger Spray","Endless Agony"],"picked":"Slice","floor":5.0},{"not_picked":["Bane","Poisoned Stab"],"picked":"conspire:PoisonWeapons","floor":7.0},{"not_picked":["Sucker Punch","Deadly Poison"],"picked":"Backflip","floor":8.0},{"not_picked":["Infinite Blades","Slice"],"picked":"ReplayTheSpireMod:Scrap Shanks","floor":12.0},{"not_picked":["Corpse Explosion","ReplayTheSpireMod:From All Sides"],"picked":"A Thousand Cuts","floor":16.0},{"not_picked":["Dagger Spray+1","Underhanded Strike"],"picked":"Prepared","floor":18.0},{"not_picked":["Flechettes","Poisoned Stab"],"picked":"Eviscerate","floor":24.0},{"not_picked":["Acrobatics","Quick Slash"],"picked":"Dagger Spray+1","floor":25.0},{"not_picked":["Acrobatics","Deflect"],"picked":"Fluid Movement","floor":31},{"not_picked":["Night Terror","ReplayTheSpireMod:Necrosis"],"picked":"infinitespire:Neurotoxin","floor":33},{"not_picked":["Escape Plan+1","ReplayTheSpireMod:Speed Training"],"picked":"Finisher+1","floor":35},{"not_picked":["Deflect","Crippling Poison"],"picked":"Prepared+1","floor":38},{"not_picked":["Underhanded Strike","Acrobatics"],"picked":"Slice+1","floor":39},{"not_picked":["Prepared","Endless Agony+1"],"picked":"ReplayTheSpireMod:The Works+1","floor":41},{"not_picked":["Poisoned Stab","Hidden Blade+1"],"picked":"Fluid Movement+1","floor":42},{"not_picked":["Backflip+1","ReplayTheSpireMod:From All Sides","Dagger Throw+1"],"picked":"SKIP","floor":45},{"not_picked":["Cloak And Dagger+1","Blur+1"],"picked":"Crippling Poison+1","floor":46}],"player_experience":664537,"relics_obtained":[{"floor":9.0,"key":"Replay:WaspNest"},{"floor":12.0,"key":"aspiration:DSix"},{"floor":24.0,"key":"Ornamental Fan"},{"floor":26.0,"key":"Replay:Towering Pillar of Hats"},{"floor":29,"key":"Replay:Bandana"},{"floor":36,"key":"The Specimen"},{"floor":41,"key":"halation:EternalFortune"},{"floor":41,"key":"Vampiric Spirits"},{"floor":43,"key":"Happy Flower"}],"event_choices":[{"damage_healed":0.0,"max_hp_gain":0.0,"max_hp_loss":0.0,"gold_gain":0.0,"event_name":"conspire:LoneGhost","player_choice":"Disagree","floor":2.0,"gold_loss":0.0,"damage_taken":0.0},{"damage_healed":0.0,"max_hp_gain":0.0,"max_hp_loss":0.0,"gold_gain":0.0,"event_name":"Golden Idol","player_choice":"Take Damage","floor":4.0,"gold_loss":0.0,"damage_taken":17.0,"relics_obtained":["Golden Idol"]},{"damage_healed":0.0,"max_hp_gain":0.0,"max_hp_loss":0.0,"gold_gain":0.0,"event_name":"Dead Adventurer","player_choice":"Searched \u00272\u0027 times","floor":8.0,"gold_loss":0.0,"damage_taken":0.0,"relics_obtained":["Toy Ornithopter"]},{"damage_healed":16.0,"max_hp_gain":0.0,"max_hp_loss":73.0,"gold_gain":0.0,"event_name":"betterThird:BetterShining","player_choice":"Embrace","floor":14.0,"gold_loss":0.0,"damage_taken":0.0},{"damage_healed":0.0,"max_hp_gain":0.0,"max_hp_loss":0.0,"gold_gain":99.0,"event_name":"betterThird:BetterNest","player_choice":"Steal","floor":19.0,"gold_loss":0.0,"damage_taken":0.0},{"damage_healed":0.0,"max_hp_gain":0.0,"max_hp_loss":0.0,"gold_gain":0.0,"event_name":"Ghosts","player_choice":"Ignored","floor":21.0,"gold_loss":0.0,"damage_taken":0.0},{"damage_healed":0,"gold_gain":0,"player_choice":"Fight","damage_taken":0,"max_hp_gain":0,"max_hp_loss":0,"event_name":"Mysterious Sphere","floor":36,"gold_loss":0},{"damage_healed":0,"gold_gain":0,"player_choice":"Bought 2 Potions","damage_taken":0,"max_hp_gain":0,"max_hp_loss":0,"event_name":"The Woman in Blue","floor":37,"gold_loss":0}],"is_beta":false,"boss_relics":[{"not_picked":["Fusion Hammer","Abe\u0027s Treasure"],"picked":"HoveringKite"},{"not_picked":["Pandora\u0027s Box","Replay:Grab Bag"],"picked":"aspiration:PoetsPen_weak"}],"items_purged_floors":[13,28,48],"is_endless":false,"potions_floor_spawned":[3,7,16,24,25,39,41],"ascension_level":9}}