{"host":"q9718omregw4er46","time":1610551843,"event":{"mods":["BaseMod","Bestiary","Colored Powertips","Minty Spire (QoL Compilation)","Quick Restart","Relic Stats"],"gold_per_floor":[116,28,45,45,45,85,85,85,135,155,173,188,188,188,188],"floor_reached":14,"language":"ENG","playtime":260,"items_purged":[],"score":230,"play_id":"674b34dd-fc32-49bf-a94d-77217597d5fa","local_time":"20210113203043","is_ascension_mode":true,"campfire_choices":[{"data":"Capacitor","floor":7,"key":"SMITH"},{"data":"Buffer","floor":13,"key":"SMITH"}],"circlet_count":0,"master_deck":["AscendersBane","Strike_B","Strike_B","Strike_B","Strike_B","Defend_B","Defend_B","Defend_B","Defend_B","Zap","Dualcast","Rebound","Static Discharge+1","Capacitor+1","Static Discharge","FTL","Buffer+1"],"relics":["Cracked Core","NeowsBlessing","Golden Idol","Matryoshka","Toy Ornithopter","Ancient Tea Set"],"acts_visited":["Exordium"],"potions_floor_usage":[14,14],"damage_taken":[{"damage":0,"enemies":"Small Slimes","floor":1,"turns":1},{"damage":0,"enemies":"2 Louse","floor":3,"turns":1},{"damage":0,"enemies":"Lagavulin","floor":6,"turns":1},{"damage":1,"enemies":"Cultist","floor":10,"turns":3},{"damage":17,"enemies":"3 Louse","floor":11,"turns":3},{"damage":2,"enemies":"Looter","floor":12,"turns":3},{"damage":35,"enemies":"3 Sentries","floor":14,"turns":5}],"seed_played":"-4645108928472888827","potions_obtained":[{"floor":6,"key":"EssenceOfSteel"},{"floor":8,"key":"ColorlessPotion"},{"floor":8,"key":"SteroidPotion"},{"floor":11,"key":"Fruit Juice"}],"is_trial":false,"path_per_floor":["M","$","M","?","?","E","R","?","T","M","M","M","R","E"],"character_chosen":"DEFECT","items_purchased":["Static Discharge"],"campfire_rested":0,"item_purchase_floors":[2],"current_hp_per_floor":[64,64,64,40,40,40,40,40,40,39,22,20,20,0,0],"gold":188,"neow_bonus":"THREE_ENEMY_KILL","is_daily":false,"chose_seed":false,"campfire_upgraded":2,"win_rate":0.0,"timestamp":1610551843,"path_taken":["M","$","M","?","?","E","R","?","T","M","?","M","R","E"],"items_purchased_type":["Card"],"build_version":"2020-12-22","purchased_purges":0,"victory":false,"max_hp_per_floor":[71,71,71,71,71,71,71,71,71,71,71,71,71,76,76],"relic_stats":{"counters":[7,17],"Golden Idol":19,"obtain_stats":[{"Matryoshka":6,"NeowsBlessing":0,"Golden Idol":4,"Cracked Core":0,"Ancient Tea Set":9,"Toy Ornithopter":9},{"Matryoshka":3,"NeowsBlessing":0,"Golden Idol":2,"Cracked Core":0,"Ancient Tea Set":3,"Toy Ornithopter":3},{"Matryoshka":3,"NeowsBlessing":0,"Golden Idol":2,"Cracked Core":0,"Ancient Tea Set":3,"Toy Ornithopter":3}],"Toy Ornithopter":10},"card_choices":[{"not_picked":["Blizzard","Force Field"],"picked":"Rebound","floor":1},{"not_picked":["Steam","Loop"],"picked":"Capacitor","floor":3},{"not_picked":["Rebound","Recycle"],"picked":"Static Discharge","floor":6},{"not_picked":["Turbo","Steam Power"],"picked":"FTL","floor":10},{"not_picked":["Streamline","Rip and Tear","Steam Power"],"picked":"SKIP","floor":11},{"not_picked":["Storm","Rebound"],"picked":"Buffer","floor":12}],"player_experience":1204198,"relics_obtained":[{"floor":6,"key":"Matryoshka"},{"floor":9,"key":"Toy Ornithopter"},{"floor":9,"key":"Ancient Tea Set"}],"event_choices":[{"damage_healed":0,"gold_gain":0,"player_choice":"Take Damage","damage_taken":24,"relics_obtained":["Golden Idol"],"max_hp_gain":0,"max_hp_loss":0,"event_name":"Golden Idol","floor":4,"gold_loss":0},{"damage_healed":0,"gold_gain":0,"player_choice":"Grow","damage_taken":0,"max_hp_gain":0,"max_hp_loss":0,"event_name":"Living Wall","floor":5,"gold_loss":0,"cards_upgraded":["Static Discharge"]},{"damage_healed":0,"gold_gain":0,"player_choice":"Got Potions","damage_taken":0,"max_hp_gain":0,"max_hp_loss":0,"event_name":"Lab","floor":8,"gold_loss":0}],"is_beta":false,"boss_relics":[],"items_purged_floors":[],"is_endless":false,"potions_floor_spawned":[6,10,11],"killed_by":"3 Sentries","ascension_level":20}}