{"host":"Stephanie","time":1610552161,"event":{"mods":["BaseMod","Colored Powertips","Minty Spire (QoL Compilation)","Rare Cards Sparkle","Relic Stats","StSLib","The Marked"],"gold_per_floor":[214,214,227,227,9,52,52,85,109,109,142,155,230,250,250,369,369,394,493,418,439,453,453,453],"floor_reached":23,"language":"ENG","playtime":1140,"items_purged":[],"score":209,"play_id":"558bf74c-1315-4b15-95bf-f4210cc6af16","local_time":"20210113103601","is_ascension_mode":false,"campfire_choices":[{"data":"theMarked:SelfDefenseTraining","floor":7,"key":"SMITH"},{"floor":10,"key":"REST"},{"floor":15,"key":"REST"}],"circlet_count":0,"master_deck":["theMarked:Strike","theMarked:Strike","theMarked:Strike","theMarked:Defend","theMarked:Defend","theMarked:Defend","theMarked:Defend","theMarked:SoldierOfQuellstein","theMarked:BanishingStrike","theMarked:SelfDefenseTraining+1","theMarked:HeritageOfTheMarked","theMarked:RepellingDischarge","theMarked:MaelstromOfLightning","theMarked:ChannelForce","theMarked:StartUp+1","theMarked:Seal","theMarked:Abjuration+1","theMarked:PowerFlow","theMarked:Polarize"],"relics":["theMarked:ArtifactOfAir","Golden Idol","Blood Vial","Orichalcum","Pen Nib","Boot","Molten Egg 2","Black Star"],"acts_visited":["Exordium","TheCity"],"potions_floor_usage":[16,23,23],"damage_taken":[{"damage":1,"enemies":"Cultist","floor":1,"turns":3},{"damage":0,"enemies":"Small Slimes","floor":3,"turns":3},{"damage":25,"enemies":"Gremlin Nob","floor":6,"turns":4},{"damage":18,"enemies":"Lagavulin","floor":8,"turns":6},{"damage":12,"enemies":"Gremlin Nob","floor":11,"turns":5},{"damage":10,"enemies":"Jaw Worm","floor":12,"turns":6},{"damage":0,"enemies":"Exordium Wildlife","floor":14,"turns":3},{"damage":17,"enemies":"Hexaghost","floor":16,"turns":10},{"damage":10,"enemies":"Shell Parasite","floor":18,"turns":7},{"damage":0,"enemies":"Chosen","floor":21,"turns":4},{"damage":21,"enemies":"Shelled Parasite and Fungi","floor":22,"turns":5},{"damage":49,"enemies":"Gremlin Leader","floor":23,"turns":6}],"seed_played":"6767216079874237486","potions_obtained":[{"floor":6,"key":"Strength Potion"},{"floor":8,"key":"SneckoOil"},{"floor":11,"key":"Weak Potion"},{"floor":21,"key":"LiquidMemories"}],"is_trial":false,"path_per_floor":["M","?","M","?","$","E","R","E","T","R","E","M","?","M","R","B",null,"M","?","?","M","M","E"],"character_chosen":"THE_DEFAULT","items_purchased":["Blood Vial","theMarked:HeritageOfTheMarked"],"campfire_rested":2,"item_purchase_floors":[5,5],"current_hp_per_floor":[69,65,65,65,65,40,40,24,24,43,33,25,14,16,35,20,65,55,55,55,57,38,0,0],"gold":453,"neow_bonus":"HUNDRED_GOLD","is_daily":false,"chose_seed":false,"campfire_upgraded":1,"win_rate":0.0,"timestamp":1610552161,"path_taken":["M","?","M","?","$","E","R","E","T","R","E","M","?","M","R","BOSS","M","?","?","M","M","E"],"items_purchased_type":["Relic","Card"],"build_version":"2020-12-18","purchased_purges":0,"victory":false,"max_hp_per_floor":[70,65,65,65,65,65,65,65,65,65,65,65,65,65,65,65,65,65,65,65,65,65,65,65],"relic_stats":{"Blood Vial":16,"counters":[12,61],"Golden Idol":69,"Pen Nib":[4],"Black Star":0,"Orichalcum":[96],"Boot":[10],"obtain_stats":[{"Blood Vial":5,"theMarked:ArtifactOfAir":0,"Golden Idol":2,"Molten Egg 2":11,"Pen Nib":8,"Black Star":17,"Orichalcum":6,"Boot":9},{"Blood Vial":2,"theMarked:ArtifactOfAir":0,"Golden Idol":1,"Molten Egg 2":5,"Pen Nib":4,"Black Star":8,"Orichalcum":3,"Boot":4},{"Blood Vial":6,"theMarked:ArtifactOfAir":0,"Golden Idol":3,"Molten Egg 2":21,"Pen Nib":16,"Black Star":39,"Orichalcum":10,"Boot":16}]},"card_choices":[{"not_picked":["theMarked:ResourceFulStrike","theMarked:Frustration"],"picked":"theMarked:BanishingStrike","floor":1},{"not_picked":["theMarked:WardOff","theMarked:BanishingStrike"],"picked":"theMarked:SelfDefenseTraining","floor":3},{"not_picked":["theMarked:Parkour","theMarked:Static"],"picked":"theMarked:RepellingDischarge","floor":6},{"not_picked":["theMarked:RogueSparks","theMarked:Parry"],"picked":"theMarked:MaelstromOfLightning","floor":8},{"not_picked":["theMarked:SuspiciousRaven","theMarked:WastefulDefense"],"picked":"theMarked:ChannelForce","floor":11},{"not_picked":["theMarked:Frustration+1","theMarked:WastefulDefense"],"picked":"theMarked:StartUp+1","floor":12},{"not_picked":["theMarked:TwofoldDefense","theMarked:ShockingTouch+1"],"picked":"theMarked:Seal","floor":14},{"not_picked":["theMarked:Snap+1","theMarked:BindingBlade"],"picked":"theMarked:Abjuration+1","floor":16},{"not_picked":["theMarked:HeightenedSenses","theMarked:RepellingDischarge+1"],"picked":"theMarked:PowerFlow","floor":18},{"not_picked":["theMarked:GodGivenPower","theMarked:Generate"],"picked":"theMarked:Polarize","floor":21},{"not_picked":["theMarked:ContemptForTheProud+1","theMarked:Polarize","theMarked:CreepingChasm"],"picked":"SKIP","floor":22}],"player_experience":844908,"relics_obtained":[{"floor":6,"key":"Orichalcum"},{"floor":8,"key":"Pen Nib"},{"floor":9,"key":"Boot"},{"floor":11,"key":"Molten Egg 2"}],"event_choices":[{"damage_healed":0,"gold_gain":0,"player_choice":"Lose Max HP","damage_taken":0,"relics_obtained":["Golden Idol"],"max_hp_gain":0,"max_hp_loss":5,"event_name":"Golden Idol","floor":2,"gold_loss":0},{"cards_removed":["theMarked:Strike"],"damage_healed":0,"gold_gain":0,"player_choice":"Forget","damage_taken":0,"max_hp_gain":0,"max_hp_loss":0,"event_name":"Living Wall","floor":4,"gold_loss":0},{"damage_healed":0,"gold_gain":75,"player_choice":"Gather Gold","damage_taken":11,"max_hp_gain":0,"max_hp_loss":0,"event_name":"World of Goop","floor":13,"gold_loss":0},{"damage_healed":0,"gold_gain":99,"player_choice":"Stole From Cult","damage_taken":0,"max_hp_gain":0,"max_hp_loss":0,"event_name":"Nest","floor":19,"gold_loss":0},{"cards_removed":["theMarked:Strike"],"damage_healed":0,"gold_gain":0,"player_choice":"Gave Gold","damage_taken":0,"max_hp_gain":0,"max_hp_loss":0,"event_name":"Beggar","floor":20,"gold_loss":75}],"is_beta":true,"boss_relics":[{"not_picked":["theMarked:Eyepatch","Sozu"],"picked":"Black Star"}],"items_purged_floors":[],"is_endless":false,"potions_floor_spawned":[6,8,11,21,22],"killed_by":"Gremlin Leader","ascension_level":0}}