{"host":"95i1gxnztdrdyvhi","time":1610529098,"event":{"mods":["100% Spire Juice","AchievementEnabler","Act Like it!","BaseMod","Minty Spire (QoL Compilation)","Quick Restart","StSLib"],"gold_per_floor":[112,128,128,128,24,24,24],"floor_reached":6,"language":"ENG","playtime":183,"items_purged":[],"score":36,"play_id":"608383ee-83b3-4a6e-a8d2-32090aab812b","local_time":"20210113091138","is_ascension_mode":false,"campfire_choices":[],"circlet_count":0,"master_deck":["Moonworks:Strike","Moonworks:Strike","Moonworks:Strike","Moonworks:Defend","Moonworks:Defend","Moonworks:Defend","Moonworks:Defend","Moonworks:Ambush","Moonworks:LongDistanceShot","Moonworks:CompletionReward","Moonworks:AwakeningOfTalent","Moonworks:CookingTime"],"relics":["Moonworks:BrokenBomb","Moonworks:Homemark","NeowsBlessing","Golden Idol"],"acts_visited":["Exordium"],"potions_floor_usage":[],"damage_taken":[{"damage":0,"enemies":"Cultist","floor":1,"turns":1},{"damage":0,"enemies":"2 Louse","floor":2,"turns":1},{"damage":0,"enemies":"Small Slimes","floor":5,"turns":1},{"damage":36,"enemies":"Lagavulin","floor":6,"turns":8}],"seed_played":"2830240610400639013","potions_obtained":[{"floor":5,"key":"LiquidBronze"}],"is_trial":false,"path_per_floor":["M","M","?","?","M","E"],"character_chosen":"THE_STARBREAKER","items_purchased":[],"campfire_rested":0,"item_purchase_floors":[],"current_hp_per_floor":[60,60,45,38,38,5,5],"gold":24,"neow_bonus":"THREE_ENEMY_KILL","is_daily":false,"chose_seed":false,"campfire_upgraded":0,"win_rate":0.0,"timestamp":1610529098,"path_taken":["M","M","?","?","M","E"],"items_purchased_type":[],"build_version":"2020-12-22","purchased_purges":0,"victory":false,"max_hp_per_floor":[60,60,60,60,60,60,60],"card_choices":[{"not_picked":["Moonworks:IndiscriminateFireSupport","Moonworks:Bloodlust"],"picked":"Moonworks:CompletionReward","floor":1},{"not_picked":["Moonworks:RedAndBlue","Moonworks:Flamethrower"],"picked":"Moonworks:AwakeningOfTalent","floor":2},{"not_picked":["Moonworks:IndiscriminateFireSupport","Moonworks:BigMagnum"],"picked":"Moonworks:CookingTime","floor":5}],"player_experience":643106,"relics_obtained":[],"event_choices":[{"damage_healed":0,"gold_gain":0,"player_choice":"Take Damage","damage_taken":15,"relics_obtained":["Golden Idol"],"max_hp_gain":0,"max_hp_loss":0,"event_name":"Golden Idol","floor":3,"gold_loss":0},{"cards_removed":["Moonworks:Strike"],"damage_healed":0,"gold_gain":0,"player_choice":"Card Removal","damage_taken":7,"max_hp_gain":0,"max_hp_loss":0,"event_name":"Golden Wing","floor":4,"gold_loss":0}],"is_beta":false,"boss_relics":[],"items_purged_floors":[],"is_endless":false,"potions_floor_spawned":[5],"killed_by":"Lagavulin","ascension_level":0}}