{"host":"25beq07qjecnigqh","time":1610512638,"event":{"mods":["BaseMod","Minty Spire (QoL Compilation)"],"gold_per_floor":[112,126,141,152,171,200,200,228,252,270,296,306,306,338,338,438,438,454,454,468,483,497,497,95,124,147,176,176,188,222,222,222],"floor_reached":31,"language":"ZHS","playtime":1838,"items_purged":[],"score":345,"play_id":"7e4401e2-1616-4be3-828f-deb32dc9f692","local_time":"20210113123718","is_ascension_mode":true,"campfire_choices":[{"floor":7,"key":"REST"},{"data":"Armaments","floor":13,"key":"SMITH"},{"floor":15,"key":"REST"},{"floor":23,"key":"REST"},{"floor":28,"key":"REST"}],"circlet_count":0,"master_deck":["Strike_R","Strike_R","Strike_R+1","Strike_R","Strike_R","Defend_R","Defend_R","Defend_R","Defend_R","Bash","Flex","Spot Weakness","Heavy Blade+1","Double Tap","Armaments+1","Burning Pact","Sword Boomerang","Hemokinesis","Corruption","Intimidate+1","Shrug It Off","Warcry","Dropkick+1","Combust","Panache","Blood for Blood","Seeing Red+1","Havoc+1"],"relics":["Burning Blood","NeowsBlessing","Paper Frog","White Beast Statue","Lantern","Juzu Bracelet","Whetstone","Fusion Hammer","Nilry\u0027s Codex","Vajra","Pen Nib","Regal Pillow","Toxic Egg 2","Happy Flower"],"acts_visited":["Exordium","TheCity"],"potions_floor_usage":[6,8,11,12,14,14,16,16,16,16,21,22,22,25,27,30],"damage_taken":[{"damage":0,"enemies":"Cultist","floor":1,"turns":1},{"damage":0,"enemies":"2 Louse","floor":2,"turns":1},{"damage":0,"enemies":"Jaw Worm","floor":3,"turns":1},{"damage":12,"enemies":"2 Fungi Beasts","floor":4,"turns":4},{"damage":16,"enemies":"Blue Slaver","floor":5,"turns":5},{"damage":26,"enemies":"Lagavulin","floor":6,"turns":7},{"damage":12,"enemies":"Gremlin Nob","floor":8,"turns":3},{"damage":8,"enemies":"Exordium Wildlife","floor":10,"turns":5},{"damage":21,"enemies":"Lagavulin","floor":11,"turns":7},{"damage":10,"enemies":"Large Slime","floor":12,"turns":6},{"damage":31,"enemies":"3 Sentries","floor":14,"turns":6},{"damage":34,"enemies":"The Guardian","floor":16,"turns":8},{"damage":34,"enemies":"Chosen","floor":18,"turns":5},{"damage":32,"enemies":"Spheric Guardian","floor":20,"turns":4},{"damage":7,"enemies":"Snake Plant","floor":21,"turns":4},{"damage":12,"enemies":"Cultist and Chosen","floor":22,"turns":4},{"damage":19,"enemies":"Slavers","floor":25,"turns":4},{"damage":17,"enemies":"Gremlin Leader","floor":27,"turns":4},{"damage":24,"enemies":"Snecko","floor":29,"turns":4},{"damage":45,"enemies":"Book of Stabbing","floor":30,"turns":5},{"damage":26,"enemies":"Chosen and Byrds","floor":31,"turns":4}],"seed_played":"8375300691258042388","potions_obtained":[{"floor":1,"key":"Energy Potion"},{"floor":6,"key":"AttackPotion"},{"floor":8,"key":"SpeedPotion"},{"floor":10,"key":"ColorlessPotion"},{"floor":11,"key":"SkillPotion"},{"floor":12,"key":"Swift Potion"},{"floor":14,"key":"EntropicBrew"},{"floor":16,"key":"FairyPotion"},{"floor":18,"key":"Block Potion"},{"floor":20,"key":"DuplicationPotion"},{"floor":21,"key":"Fire Potion"},{"floor":22,"key":"FearPotion"},{"floor":25,"key":"BlessingOfTheForge"},{"floor":27,"key":"LiquidMemories"},{"floor":29,"key":"LiquidBronze"},{"floor":30,"key":"Dexterity Potion"}],"is_trial":false,"path_per_floor":["M","M","M","M","M","E","R","E","T","M","E","M","R","E","R","B",null,"M","?","M","M","M","R","$","E","T","E","R","M","E","M"],"character_chosen":"IRONCLAD","items_purchased":["Combust","Vajra","Panache"],"campfire_rested":4,"item_purchase_floors":[24,24,24],"current_hp_per_floor":[80,80,80,74,64,44,68,62,62,60,45,41,41,16,40,12,80,52,36,10,9,29,53,53,40,40,29,68,50,11,0,0],"gold":222,"neow_bonus":"THREE_ENEMY_KILL","is_daily":false,"chose_seed":false,"campfire_upgraded":1,"win_rate":0.0,"timestamp":1610512638,"path_taken":["M","M","M","?","M","E","R","E","T","M","E","M","R","E","R","BOSS","M","?","M","M","M","R","$","E","T","E","R","M","E","M"],"items_purchased_type":["Card","Relic","Card"],"build_version":"2020-12-22","purchased_purges":0,"victory":false,"max_hp_per_floor":[80,80,80,80,80,80,80,80,80,80,80,80,80,80,80,80,80,80,80,80,80,80,80,80,80,80,80,80,80,80,80,80],"card_choices":[{"not_picked":["Bloodletting","Headbutt"],"picked":"Flex","floor":1},{"not_picked":["Rupture","Rampage"],"picked":"Spot Weakness","floor":2},{"not_picked":["Second Wind","Havoc","Evolve"],"picked":"SKIP","floor":3},{"not_picked":["Bloodletting","Perfected Strike"],"picked":"Heavy Blade","floor":4},{"not_picked":["Headbutt","Iron Wave","Spot Weakness"],"picked":"SKIP","floor":5},{"not_picked":["Sentinel","Reckless Charge"],"picked":"Double Tap","floor":6},{"not_picked":["Shrug It Off","Dropkick"],"picked":"Armaments","floor":8},{"not_picked":["Spot Weakness","Havoc"],"picked":"Burning Pact","floor":10},{"not_picked":["Perfected Strike","Armaments","Juggernaut"],"picked":"SKIP","floor":11},{"not_picked":["Thunderclap","Shrug It Off"],"picked":"Sword Boomerang","floor":12},{"not_picked":["Entrench","Ghostly Armor"],"picked":"Hemokinesis","floor":14},{"not_picked":["Exhume","Berserk"],"picked":"Corruption","floor":16},{"not_picked":["Havoc","Burning Pact"],"picked":"Intimidate+1","floor":18},{"not_picked":["Uppercut","Sever Soul"],"picked":"Shrug It Off","floor":20},{"not_picked":["Twin Strike","Headbutt+1"],"picked":"Warcry","floor":21},{"not_picked":["Shrug It Off","Searing Blow"],"picked":"Dropkick+1","floor":22},{"not_picked":["Intimidate","Immolate"],"picked":"Blood for Blood","floor":25},{"not_picked":["Shockwave+1","Fiend Fire"],"picked":"Seeing Red+1","floor":27},{"not_picked":["Heavy Blade+1","Evolve+1"],"picked":"Havoc+1","floor":29},{"not_picked":["Clothesline","Entrench+1","Cleave+1"],"picked":"SKIP","floor":30}],"player_experience":46617,"relics_obtained":[{"floor":6,"key":"Paper Frog"},{"floor":8,"key":"White Beast Statue"},{"floor":9,"key":"Lantern"},{"floor":11,"key":"Juzu Bracelet"},{"floor":14,"key":"Whetstone"},{"floor":19,"key":"Nilry\u0027s Codex"},{"floor":25,"key":"Pen Nib"},{"floor":26,"key":"Regal Pillow"},{"floor":27,"key":"Toxic Egg 2"},{"floor":30,"key":"Happy Flower"}],"event_choices":[{"damage_healed":0,"gold_gain":0,"player_choice":"Obtained Book","damage_taken":16,"max_hp_gain":0,"max_hp_loss":0,"event_name":"Cursed Tome","floor":19,"gold_loss":0}],"is_beta":false,"boss_relics":[{"not_picked":["Philosopher\u0027s Stone","Runic Dome"],"picked":"Fusion Hammer"}],"items_purged_floors":[],"is_endless":false,"potions_floor_spawned":[1,6,8,10,11,12,14,16,18,20,21,22,25,27,29,30],"killed_by":"Chosen and Byrds","ascension_level":1}}