{"host":"xm0tf1maiknh0fp9","time":1610516714,"event":{"mods":["BaseMod","Colored Map","Colored Powertips","Googly Eyes","Minty Spire (QoL Compilation)","Replay The Spire","StSLib"],"gold_per_floor":[364,364,140,153,168,194,211,245,245,245,245,261,261,261,261,261,261,360,360,374,14,14,14,25,25,58,58,58,238,258,37,47,64,64,162,162,172,18,18,31,46,76,76,76,76,90,118,132,132,132,132,132],"floor_reached":53,"language":"ENG","playtime":2590,"items_purged":["Defend_G","Strike_G","Strike_G"],"score":857,"play_id":"c9f55e82-811b-48e5-bd3d-66388590e358","local_time":"20210113004514","is_ascension_mode":true,"campfire_choices":[{"floor":11.0,"key":"REST"},{"floor":13.0,"key":"REST"},{"data":"ReplayTheSpireMod:Shiv Toss","floor":17.0,"key":"SMITH"},{"data":"Deep Breath","floor":25.0,"key":"SMITH"},{"data":"Blade Dance","floor":27,"key":"SMITH"},{"floor":34,"key":"REST"},{"data":"Prepared","floor":43,"key":"SMITH"},{"floor":49,"key":"REST"},{"floor":51,"key":"REST"}],"circlet_count":0,"master_deck":["Survivor","Neutralize","Defend_B","Defend_P","Blade Dance+1","Slice","ReplayTheSpireMod:Shiv Toss+1","ReplayTheSpireMod:Scrap Shanks","Slice+1","Deep Breath+1","ReplayTheSpireMod:Speed Training","Tools of the Trade+1","ReplayTheSpireMod:Scrap Shanks+1","Prepared+1","Blade Dance+1"],"relics":["Ring of the Snake","Chemical X","ReplayTheSpireMod:Ninjato","Basket Of Snakes","Pantograph","CultistMask","Empty Cage","BargainBundle","Omamori","Frozen Egg 2","Bottled Lightning","Kintsugi","Replay:Baseball","Replay:Bottled Flurry","Toy Ornithopter","Centennial Puzzle"],"acts_visited":["Exordium","TheCity","TheBeyond"],"potions_floor_usage":[26,30,33,35,52,52,52],"damage_taken":[{"damage":0.0,"enemies":"Small Slimes","floor":1.0,"turns":3.0},{"damage":0.0,"enemies":"2 Louse","floor":4.0,"turns":3.0},{"damage":0.0,"enemies":"Cultist","floor":5.0,"turns":3.0},{"damage":29.0,"enemies":"Lagavulin","floor":6.0,"turns":6.0},{"damage":10.0,"enemies":"2 Fungi Beasts","floor":7.0,"turns":2.0},{"damage":22.0,"enemies":"3 Sentries","floor":8.0,"turns":5.0},{"damage":0.0,"enemies":"Exordium Wildlife","floor":12.0,"turns":3.0},{"damage":59.0,"enemies":"Hexaghost","floor":18.0,"turns":11.0},{"damage":5.0,"enemies":"Shell Parasite","floor":20.0,"turns":3.0},{"damage":5.0,"enemies":"2 Thieves","floor":24.0,"turns":4.0},{"damage":1,"enemies":"Replay:Snechameleon","floor":26,"turns":5},{"damage":4,"enemies":"3 Cultists","floor":30,"turns":3},{"damage":0,"enemies":"Snecko","floor":32,"turns":2},{"damage":11,"enemies":"Snake Plant","floor":33,"turns":3},{"damage":17,"enemies":"Pondfish","floor":35,"turns":3},{"damage":8,"enemies":"3 Shapes","floor":37,"turns":2},{"damage":0,"enemies":"Orb Walker","floor":40,"turns":1},{"damage":0,"enemies":"3 Darklings","floor":41,"turns":1},{"damage":25,"enemies":"R_Hoarder","floor":42,"turns":3},{"damage":0,"enemies":"Jaw Worm Horde","floor":46,"turns":1},{"damage":4,"enemies":"Giant Head","floor":47,"turns":2},{"damage":24,"enemies":"Writhing Mass","floor":48,"turns":2},{"damage":67,"enemies":"Time Eater","floor":52,"turns":4}],"seed_played":"-8339354515234744410","potions_obtained":[{"floor":4.0,"key":"Strength Potion"},{"floor":5.0,"key":"Ancient Potion"},{"floor":7.0,"key":"SteroidPotion"},{"floor":12.0,"key":"Energy Potion"},{"floor":18.0,"key":"Weak Potion"},{"floor":24.0,"key":"SteroidPotion"},{"floor":26,"key":"Venom Potion"},{"floor":33,"key":"Weak Potion"},{"floor":37,"key":"LiquidBronze"}],"is_trial":false,"path_per_floor":["M","?","$","M","M","E","M","E","T","?","R","M","R","PTL","PTL","?","R","B",null,"M","$","?","$","M","R","E","R","T","?","M","$","M","M","R","B",null,"M","$","?","M","M","E","R","$","T","M","E","M","R","$","R","B",null],"character_chosen":"THE_SILENT","items_purchased":["Chemical X","BargainBundle","Omamori","Deep Breath","ReplayTheSpireMod:Speed Training","Well Laid Plans","Prepared","SteroidPotion","Replay:Baseball"],"campfire_rested":5,"item_purchase_floors":[3,21,21,21,21,21,31,31,38],"current_hp_per_floor":[70,70,70,70,70,41,31,9,9,9,30,30,51,51,51,56,56,16,75,70,70,56,56,51,51,50,50,50,31,27,27,27,16,40,48,80,72,72,72,72,72,47,47,47,47,47,43,19,43,43,67,13],"gold":132,"neow_bonus":"TWO_FIFTY_GOLD","is_daily":false,"chose_seed":false,"campfire_upgraded":4,"win_rate":0.0,"timestamp":1610516714,"path_taken":["M","?","$","M","M","E","M","E","T","?","R","?","R","PTL","PTL","?","R","BOSS","M","$","?","?","M","R","E","R","T","?","?","$","M","M","R","BOSS","M","$","?","M","?","E","R","?","T","?","E","M","R","?","R","BOSS"],"items_purchased_type":["Relic","Relic","Relic","Card","Card","Card","Card","Potion","Relic"],"build_version":"2020-12-22","purchased_purges":3,"victory":true,"max_hp_per_floor":[70,70,70,70,70,70,70,70,70,70,70,70,70,70,70,75,75,75,75,75,75,80,80,80,80,80,80,80,80,80,80,80,80,80,80,80,80,80,80,80,80,80,80,80,80,80,80,80,80,80,80,80],"card_choices":[{"not_picked":["Slice","Replay:Poison Smokescreen"],"picked":"Blade Dance","floor":1.0},{"not_picked":["Concentrate","PiercingWail","Outmaneuver"],"picked":"SKIP","floor":4.0},{"not_picked":["Slice","Deadly Poison","Poisoned Stab"],"picked":"SKIP","floor":5.0},{"not_picked":["Replay:Poison Smokescreen","Poisoned Stab"],"picked":"Slice","floor":6.0},{"not_picked":["Draining Mist","PiercingWail","Blur"],"picked":"SKIP","floor":7.0},{"not_picked":["Dagger Spray","ReplayTheSpireMod:Speed Training"],"picked":"ReplayTheSpireMod:Shiv Toss","floor":8.0},{"not_picked":["Poisoned Stab","Deadly Poison"],"picked":"ReplayTheSpireMod:Scrap Shanks","floor":12.0},{"not_picked":["Bane","Sucker Punch+1"],"picked":"Slice+1","floor":20.0},{"not_picked":["Well Laid Plans","Quick Slash","Flying Knee"],"picked":"SKIP","floor":24.0},{"not_picked":["Quick Slash","Eviscerate"],"picked":"Tools of the Trade+1","floor":26},{"not_picked":["Replay:Poison Smokescreen+1","Escape Plan+1"],"picked":"ReplayTheSpireMod:Scrap Shanks+1","floor":30},{"not_picked":["Terror","Slice+1","Replay:Poison Smokescreen"],"picked":"SKIP","floor":32},{"not_picked":["Quick Slash","Poisoned Stab+1"],"picked":"Blade Dance+1","floor":33},{"not_picked":["Wraith Form v2+1","Malaise"],"picked":"Doppelganger","floor":35},{"not_picked":["Flying Knee","Deadly Poison+1","Quick Slash"],"picked":"SKIP","floor":37},{"not_picked":["Backstab+1","Masterful Stab","Bane"],"picked":"SKIP","floor":40},{"not_picked":["Leg Sweep+1","Flying Knee","Finisher"],"picked":"SKIP","floor":41},{"not_picked":["Poisoned Stab+1","Dodge and Roll+1","Distraction"],"picked":"SKIP","floor":42},{"not_picked":["Poisoned Stab+1","Dodge and Roll+1","Distraction"],"picked":"SKIP","floor":42},{"not_picked":["Flying Knee+1","Dodge and Roll+1","Deadly Poison+1"],"picked":"SKIP","floor":46},{"not_picked":["Bouncing Flask+1","Leg Sweep+1","Flying Knee"],"picked":"SKIP","floor":47},{"not_picked":["Caltrops+1","Noxious Fumes+1","Bane"],"picked":"SKIP","floor":48}],"player_experience":110029,"relics_obtained":[{"floor":6.0,"key":"ReplayTheSpireMod:Ninjato"},{"floor":8.0,"key":"Basket Of Snakes"},{"floor":9.0,"key":"Pantograph"},{"floor":26,"key":"Frozen Egg 2"},{"floor":28,"key":"Bottled Lightning"},{"floor":42,"key":"Replay:Bottled Flurry"},{"floor":45,"key":"Toy Ornithopter"},{"floor":47,"key":"Centennial Puzzle"}],"event_choices":[{"damage_healed":0.0,"max_hp_gain":0.0,"max_hp_loss":0.0,"gold_gain":0.0,"event_name":"FaceTrader","player_choice":"Trade","floor":10.0,"gold_loss":0.0,"damage_taken":0.0,"relics_obtained":["CultistMask"]},{"damage_healed":0.0,"max_hp_gain":5.0,"max_hp_loss":0.0,"gold_gain":0.0,"event_name":"Big Fish","player_choice":"Donut","floor":16.0,"gold_loss":0.0,"damage_taken":0.0},{"damage_healed":0.0,"max_hp_gain":5.0,"max_hp_loss":0.0,"gold_gain":0.0,"event_name":"Forgotten Altar","player_choice":"Shed Blood","floor":22.0,"gold_loss":0.0,"damage_taken":19.0},{"damage_healed":0,"gold_gain":180,"player_choice":"GOLD GOLD ","damage_taken":19,"max_hp_gain":0,"max_hp_loss":0,"event_name":"Knowing Skull","floor":29,"potions_obtained":[],"gold_loss":0,"cards_obtained":[]},{"cards_removed":["Defend_G"],"damage_healed":0,"gold_gain":0,"player_choice":"Offered Basic","damage_taken":0,"max_hp_gain":0,"max_hp_loss":0,"event_name":"Bonfire Elementals","floor":39,"gold_loss":0}],"is_beta":false,"boss_relics":[{"not_picked":["Runic Dome","HoveringKite"],"picked":"Empty Cage"},{"not_picked":["Cursed Key","Philosopher\u0027s Stone"],"picked":"Kintsugi"}],"items_purged_floors":[3,21,31],"is_endless":false,"potions_floor_spawned":[4,5,7,12,18,24,26,33,37,47],"ascension_level":1}}