{"host":"0cgp910o8339lr91","time":1610549570,"event":{"mods":["BaseMod","Block Reminder","Colored Map","Colored Powertips","Minty Spire (QoL Compilation)","Relic Stats","Slay-I","ojb\u0027s Better Paths Mod","ojb\u0027s Info Mod"],"gold_per_floor":[116,129,129,129,139,139,171,171,250,250,17,42,58,58,58,160,160,160,160,177,177,188,220,220,220,220],"floor_reached":25,"language":"ENG","playtime":1797,"items_purged":[],"score":366,"play_id":"9dfa9de8-d55f-4dbf-906d-6820e3b88c56","local_time":"20210113155250","is_ascension_mode":true,"campfire_choices":[{"data":"Zap","floor":6.0,"key":"SMITH"},{"data":"Electrodynamics","floor":8.0,"key":"SMITH"},{"data":"Hologram","floor":10.0,"key":"SMITH"},{"data":"Genetic Algorithm","floor":15,"key":"SMITH"},{"data":"Defragment","floor":24,"key":"SMITH"}],"circlet_count":0,"master_deck":["AscendersBane","Strike_B","Strike_B+1","Strike_B+1","Defend_B","Defend_B","Defend_B","Zap+1","Dualcast","Hologram+1","Electrodynamics+1","Defragment+1","Genetic Algorithm+1","Buffer","RitualDagger","BootSequence","Genetic Algorithm+1","Core Surge"],"relics":["Runic Pyramid","Strawberry","Eternal Feather","ClockworkSouvenir","TungstenRod","Philosopher\u0027s Stone","Whetstone"],"acts_visited":["Exordium","TheCity"],"potions_floor_usage":[18,22,23],"damage_taken":[{"damage":7.0,"enemies":"Jaw Worm","floor":1.0,"turns":4.0},{"damage":0.0,"enemies":"Small Slimes","floor":2.0,"turns":3.0},{"damage":0.0,"enemies":"Cultist","floor":5.0,"turns":3.0},{"damage":15.0,"enemies":"3 Sentries","floor":7.0,"turns":4.0},{"damage":7.0,"enemies":"Gremlin Nob","floor":12.0,"turns":3.0},{"damage":11,"enemies":"3 Louse","floor":13,"turns":2},{"damage":22,"enemies":"Slime Boss","floor":16,"turns":8},{"damage":0,"enemies":"3 Byrds","floor":18,"turns":1},{"damage":3,"enemies":"Spheric Guardian","floor":20,"turns":5},{"damage":12,"enemies":"3 Cultists","floor":22,"turns":4},{"damage":28,"enemies":"Gremlin Leader","floor":23,"turns":6},{"damage":37,"enemies":"Slavers","floor":25,"turns":3}],"seed_played":"-802870257893719589","potions_obtained":[{"floor":1.0,"key":"FocusPotion"},{"floor":7.0,"key":"SmokeBomb"},{"floor":13,"key":"SteroidPotion"},{"floor":20,"key":"AttackPotion"}],"is_trial":false,"path_per_floor":["M","M","?","?","M","R","E","R","T","R","$","E","M","$","R","B",null,"M","?","M","?","M","E","R","E"],"character_chosen":"DEFECT","items_purchased":["ClockworkSouvenir","Defragment"],"campfire_rested":0,"item_purchase_floors":[11,11],"current_hp_per_floor":[61,61,54,54,54,54,46,46,46,52,52,45,34,34,40,18,66,66,61,58,58,46,18,27,0,0],"gold":220,"neow_bonus":"BOSS_RELIC","is_daily":false,"chose_seed":false,"campfire_upgraded":5,"win_rate":0.0,"timestamp":1610549570,"path_taken":["M","M","?","?","M","R","E","R","T","R","$","E","M","?","R","BOSS","M","?","M","?","?","E","R","E"],"items_purchased_type":["Relic","Card"],"build_version":"2020-12-22","purchased_purges":0,"victory":false,"max_hp_per_floor":[75,75,75,75,75,75,82,82,82,82,82,82,82,82,82,82,82,82,82,82,82,82,82,82,82,82],"relic_stats":{"counters":[12,46],"Eternal Feather":21,"Whetstone":["Strike_B","Strike_B"],"obtain_stats":[{"Strawberry":7,"Eternal Feather":9,"Philosopher\u0027s Stone":17,"Whetstone":23,"Cracked Core":0,"TungstenRod":12,"Runic Pyramid":0,"ClockworkSouvenir":11},{"Strawberry":4,"Eternal Feather":4,"Philosopher\u0027s Stone":7,"Whetstone":11,"Cracked Core":0,"TungstenRod":5,"Runic Pyramid":0,"ClockworkSouvenir":4},{"Strawberry":14,"Eternal Feather":14,"Philosopher\u0027s Stone":27,"Whetstone":43,"Cracked Core":0,"TungstenRod":17,"Runic Pyramid":0,"ClockworkSouvenir":14}],"TungstenRod":17},"card_choices":[{"not_picked":["Turbo","Steam","Streamline"],"picked":"SKIP","floor":1.0},{"not_picked":["Leap","Rebound"],"picked":"Hologram","floor":2.0},{"not_picked":["Rebound","Sweeping Beam","Static Discharge"],"picked":"SKIP","floor":5.0},{"not_picked":["Sweeping Beam","Turbo","Darkness"],"picked":"SKIP","floor":7.0},{"not_picked":["Auto Shields","Go for the Eyes"],"picked":"Genetic Algorithm","floor":12.0},{"not_picked":["Turbo","Rebound","Darkness"],"picked":"SKIP","floor":13},{"not_picked":["Rainbow","Multi-Cast"],"picked":"Buffer","floor":16},{"not_picked":["Hologram","Turbo"],"picked":"BootSequence","floor":20},{"not_picked":["Steam","Go for the Eyes","Conserve Battery"],"picked":"SKIP","floor":22},{"not_picked":["Steam","Creative AI"],"picked":"Core Surge","floor":23}],"player_experience":1397332,"relics_obtained":[{"floor":7.0,"key":"Strawberry"},{"floor":9.0,"key":"Eternal Feather"},{"floor":12.0,"key":"TungstenRod"},{"floor":23,"key":"Whetstone"}],"event_choices":[{"cards_removed":["Defend_B"],"damage_healed":0.0,"max_hp_gain":0.0,"max_hp_loss":0.0,"gold_gain":0.0,"event_name":"Golden Wing","player_choice":"Card Removal","floor":3.0,"gold_loss":0.0,"damage_taken":7.0},{"damage_healed":0.0,"max_hp_gain":0.0,"max_hp_loss":0.0,"gold_gain":0.0,"cards_transformed":["Strike_B"],"event_name":"Living Wall","player_choice":"Change","floor":4.0,"gold_loss":0.0,"damage_taken":0.0,"cards_obtained":["Electrodynamics"]},{"damage_healed":0,"gold_gain":0,"player_choice":"Joined the Cult","damage_taken":6,"max_hp_gain":0,"max_hp_loss":0,"event_name":"Nest","floor":19,"gold_loss":0,"cards_obtained":["RitualDagger"]},{"damage_healed":0,"gold_gain":0,"player_choice":"Copied","damage_taken":0,"max_hp_gain":0,"max_hp_loss":0,"event_name":"Duplicator","floor":21,"gold_loss":0,"cards_obtained":["Genetic Algorithm"]}],"is_beta":false,"boss_relics":[{"not_picked":["SlaversCollar","Tiny House"],"picked":"Philosopher\u0027s Stone"}],"items_purged_floors":[],"is_endless":false,"potions_floor_spawned":[1,7,13,18,20],"killed_by":"Slavers","ascension_level":12}}