{"host":"g5ztulhog0otympt","time":1610570997,"event":{"mods":["AchievementEnabler","BaseMod","Downfall","Hermit","Minty Spire (QoL Compilation)","StSLib","The Cursed"],"gold_per_floor":[115,133,133,143,143,143,143,163,209,284,284,309,383,393,393,489,489,499,499,516,516,516,516],"floor_reached":22,"language":"ENG","playtime":1009,"items_purged":[],"score":184,"play_id":"748861f9-29ef-4397-a554-da3583d15567","local_time":"20210113224957","is_ascension_mode":false,"campfire_choices":[{"data":"hermit:Horror","floor":6,"key":"SMITH"},{"floor":15,"key":"REST"}],"circlet_count":0,"master_deck":["hermit:Strike_Hermit","hermit:Strike_Hermit","hermit:Strike_Hermit","hermit:Strike_Hermit","hermit:Defend_Hermit","hermit:Defend_Hermit","hermit:Defend_Hermit","hermit:Defend_Hermit","hermit:Snapshot+1","hermit:Covet","hermit:Horror+1","hermit:LowProfile","hermit:SprayPray","hermit:Glare","hermit:Brawl","hermit:DeadMansHand","hermit:Gambit","hermit:Misfire+1","hermit:Quickdraw"],"relics":["hermit:Momento","Regal Pillow","Centennial Puzzle","SlaversCollar"],"acts_visited":["Exordium","TheCity"],"potions_floor_usage":[8,16,20,22],"damage_taken":[{"damage":5,"enemies":"Jaw Worm","floor":1,"turns":4},{"damage":7,"enemies":"2 Louse","floor":2,"turns":2},{"damage":0,"enemies":"Small Slimes","floor":4,"turns":3},{"damage":0,"enemies":"Blue Slaver","floor":8,"turns":1},{"damage":20,"enemies":"3 Sentries","floor":12,"turns":11},{"damage":11,"enemies":"Lots of Slimes","floor":14,"turns":3},{"damage":65,"enemies":"The Guardian","floor":16,"turns":8},{"damage":23,"enemies":"2 Thieves","floor":18,"turns":3},{"damage":51,"enemies":"3 Byrds","floor":20,"turns":6},{"damage":7,"enemies":"Snake Plant","floor":22,"turns":2}],"seed_played":"-2641779292532400842","potions_obtained":[{"floor":2,"key":"SteroidPotion"},{"floor":14,"key":"SteroidPotion"},{"floor":16,"key":"Guardian:BlockOnCardUsePotion"},{"floor":20,"key":"Explosive Potion"}],"is_trial":false,"path_per_floor":["M","M","?","M","$","R","?","M","T","?","?","E","?","M","R","B",null,"M","$","M","?","M"],"character_chosen":"HERMIT","items_purchased":[],"campfire_rested":1,"item_purchase_floors":[],"current_hp_per_floor":[77,70,70,70,70,70,75,75,75,64,64,44,44,33,74,9,87,64,64,13,7,0,0],"gold":516,"neow_bonus":"TEN_PERCENT_HP_BONUS","is_daily":false,"chose_seed":false,"campfire_upgraded":1,"win_rate":0.0,"timestamp":1610570997,"path_taken":["M","M","?","M","$","R","?","M","T","?","?","E","?","M","R","BOSS","M","$","M","?","?"],"items_purchased_type":[],"build_version":"2020-12-22","purchased_purges":0,"victory":false,"max_hp_per_floor":[82,82,82,82,82,82,87,87,87,87,87,87,87,87,87,87,87,87,87,87,87,87,87],"card_choices":[{"not_picked":["hermit:Glare","hermit:Manifest"],"picked":"hermit:Horror","floor":1},{"not_picked":["hermit:Feint","hermit:BigShot"],"picked":"hermit:LowProfile","floor":2},{"not_picked":["hermit:LowProfile","hermit:Glare"],"picked":"hermit:SprayPray","floor":4},{"not_picked":["hermit:Virtue","hermit:Ricochet"],"picked":"hermit:Glare","floor":8},{"not_picked":["hermit:Shortfuse","hermit:Misfire"],"picked":"hermit:Brawl","floor":12},{"not_picked":["hermit:Grudge","hermit:WideOpen"],"picked":"hermit:DeadMansHand","floor":14},{"not_picked":["hermit:FatalDesire","hermit:Adapt"],"picked":"hermit:Gambit","floor":16},{"not_picked":["hermit:HighCaliber","hermit:Glare"],"picked":"hermit:Misfire+1","floor":18},{"not_picked":["hermit:Manifest","hermit:SprayPray"],"picked":"hermit:Quickdraw","floor":20}],"player_experience":65759,"relics_obtained":[{"floor":9,"key":"Regal Pillow"},{"floor":12,"key":"Centennial Puzzle"}],"event_choices":[{"damage_healed":0,"gold_gain":0,"player_choice":"Ignored","damage_taken":0,"max_hp_gain":0,"max_hp_loss":0,"event_name":"Liars Game","floor":3,"gold_loss":0},{"damage_healed":0,"gold_gain":0,"player_choice":"Donut","damage_taken":0,"max_hp_gain":5,"max_hp_loss":0,"event_name":"Big Fish","floor":7,"gold_loss":0},{"damage_healed":0,"gold_gain":75,"player_choice":"Gather Gold","damage_taken":11,"max_hp_gain":0,"max_hp_loss":0,"event_name":"World of Goop","floor":10,"gold_loss":0},{"damage_healed":0,"gold_gain":0,"player_choice":"Grow","damage_taken":0,"max_hp_gain":0,"max_hp_loss":0,"event_name":"Living Wall","floor":11,"gold_loss":0,"cards_upgraded":["hermit:Snapshot"]},{"damage_healed":0,"gold_gain":74,"player_choice":"Gained Gold","damage_taken":0,"max_hp_gain":0,"max_hp_loss":0,"event_name":"Golden Wing","floor":13,"gold_loss":0},{"damage_healed":0,"gold_gain":0,"player_choice":"","damage_taken":6,"max_hp_gain":0,"max_hp_loss":0,"event_name":"Knowing Skull","floor":21,"potions_obtained":[],"gold_loss":0,"cards_obtained":[]}],"is_beta":false,"boss_relics":[{"not_picked":["Busted Crown","hermit:ClaspedLocket"],"picked":"SlaversCollar"}],"items_purged_floors":[],"is_endless":false,"potions_floor_spawned":[2,14,16,20],"killed_by":"Snake Plant","ascension_level":0}}