{"host":"Connor","time":1610534045,"event":{"mods":["Aspiration","BaseMod","Downfall","Hubris","Marisa????????","Minty Spire (QoL Compilation)","Replay The Spire","StSLib","The Cursed","The Jungle","The Servant 0.9.4"],"gold_per_floor":[109,194,194,213,0,0,0,51,133,183,195,207,219,267,279,369,381,408,419,431,10,10,61,61,95,121,121,46,46,94,94,94,114,114],"floor_reached":33,"language":"ENG","playtime":961,"items_purged":["Injury"],"score":593,"play_id":"614ce015-7ec4-4f5a-babe-696c5e98443d","local_time":"20210113023405","is_ascension_mode":true,"campfire_choices":[{"data":"HandOfGreed","floor":6,"key":"SMITH"},{"data":"Shrug It Off","floor":12,"key":"SMITH"},{"floor":15,"key":"DIG"},{"floor":24,"key":"REST"},{"floor":27,"key":"REST"},{"floor":32,"key":"RECALL"}],"circlet_count":0,"master_deck":["AscendersBane","Strike_R","Strike_R","Strike_R","Strike_R","Strike_R","Defend_R","Defend_R+1","Defend_R","Defend_R","Bash","Berserk+1","Shrug It Off+1","HandOfGreed+1","Spot Weakness+1","Metallicize+1","Offering","ReplayTheSpireMod:Stacked+1","Fire Breathing+1","Offering","Offering","RitualDagger","Sentinel","Armaments+1"],"relics":["Burning Blood","NeowsBlessing","Juzu Bracelet","MawBank","Frozen Egg 2","Bronze Scales","aspiration:SecretTechniqueScroll","Oddly Smooth Stone","Happy Flower","War Paint","CaptainsWheel","Replay:Bandana","MutagenicStrength","hubris:TinFlute"],"acts_visited":["Exordium","TheCity"],"potions_floor_usage":[16,16,23,23,32,33],"damage_taken":[{"damage":0,"enemies":"Jaw Worm","floor":1,"turns":1},{"damage":0,"enemies":"Small Slimes","floor":4,"turns":1},{"damage":0,"enemies":"3 Sentries","floor":8,"turns":2},{"damage":6,"enemies":"Cultist","floor":10,"turns":3},{"damage":11,"enemies":"3 Louse","floor":14,"turns":4},{"damage":36,"enemies":"Fading Forest","floor":16,"turns":13},{"damage":7,"enemies":"Spheric Guardian","floor":18,"turns":4},{"damage":21,"enemies":"2 Thieves","floor":19,"turns":4},{"damage":29,"enemies":"Book of Stabbing","floor":23,"turns":5},{"damage":35,"enemies":"Gremlin Leader","floor":25,"turns":6},{"damage":15,"enemies":"Shelled Parasite and Fungi","floor":30,"turns":5},{"damage":43,"enemies":"Pondfish","floor":33,"turns":4}],"seed_played":"-5780311973727542241","potions_obtained":[{"floor":4,"key":"AttackPotion"},{"floor":8,"key":"EssenceOfSteel"},{"floor":20,"key":"SkillPotion"},{"floor":20,"key":"Guardian:BlockOnCardUsePotion"},{"floor":23,"key":"Guardian:BlockOnCardUsePotion"},{"floor":25,"key":"GamblersBrew"},{"floor":30,"key":"BloodPotion"}],"is_trial":false,"path_per_floor":["M","?","?","M","$","R","$","E","T","M","?","R","$","M","R","B",null,"M","M","?","$","?","E","R","E","T","R","$","?","M","T","R","B"],"character_chosen":"IRONCLAD","items_purchased":["HandOfGreed","Offering","Oddly Smooth Stone","Happy Flower"],"campfire_rested":2,"item_purchase_floors":[5,21,21,21],"current_hp_per_floor":[74,50,50,56,56,56,56,62,62,62,62,62,62,57,57,43,67,66,51,51,51,45,22,44,15,15,37,37,37,28,28,43,0,0],"gold":114,"neow_bonus":"THREE_ENEMY_KILL","is_daily":false,"chose_seed":false,"campfire_upgraded":2,"win_rate":0.0,"timestamp":1610534045,"path_taken":["M","?","?","M","$","R","$","E","T","M","?","R","$","M","R","BOSS","M","M","?","$","?","E","R","E","T","R","$","?","M","?","R","BOSS"],"items_purchased_type":["Card","Card","Relic","Relic"],"build_version":"2020-12-18","purchased_purges":1,"victory":false,"max_hp_per_floor":[75,75,75,75,75,75,75,75,75,75,75,75,75,75,75,75,75,75,75,75,75,75,75,75,75,75,75,75,75,75,75,75,75,75],"card_choices":[{"not_picked":["Anger","Flex","Reckless Charge"],"picked":"SKIP","floor":1},{"not_picked":["Warcry","Anger"],"picked":"Berserk","floor":2},{"not_picked":["Body Slam","ReplayTheSpireMod:Corrosion Curse"],"picked":"Shrug It Off","floor":2},{"not_picked":["Thunderclap","Clothesline","Evolve"],"picked":"SKIP","floor":4},{"not_picked":["Anger","Life Link"],"picked":"Spot Weakness","floor":8},{"not_picked":["Disarm","Perfected Strike","True Grit"],"picked":"SKIP","floor":10},{"not_picked":["Searing Blow","hubris:ReadiedAction"],"picked":"Metallicize+1","floor":14},{"not_picked":["Exhume","Immolate"],"picked":"Offering","floor":16},{"not_picked":["Twin Strike","Heavy Blade"],"picked":"ReplayTheSpireMod:Stacked+1","floor":18},{"not_picked":["Perfected Strike","Whirlwind"],"picked":"Fire Breathing+1","floor":19},{"not_picked":["Sever Soul","ReplayTheSpireMod:Strike From Hell"],"picked":"Sentinel","floor":23},{"not_picked":["Flame Barrier","hubris:CleavingFinish","Immolate"],"picked":"SKIP","floor":25},{"not_picked":["Headbutt","Flex+1"],"picked":"Armaments+1","floor":30}],"player_experience":622898,"relics_obtained":[{"floor":2,"key":"Juzu Bracelet"},{"floor":8,"key":"MawBank"},{"floor":15,"key":"Bronze Scales"},{"floor":23,"key":"War Paint"},{"floor":25,"key":"CaptainsWheel"},{"floor":26,"key":"Replay:Bandana"},{"floor":31,"key":"hubris:TinFlute"}],"event_choices":[{"damage_healed":0,"gold_gain":0,"player_choice":"Upgraded","damage_taken":0,"max_hp_gain":0,"max_hp_loss":0,"event_name":"Upgrade Shrine","floor":3,"gold_loss":0,"cards_upgraded":["Berserk"]},{"damage_healed":0,"gold_gain":0,"player_choice":"Got Potions","damage_taken":0,"max_hp_gain":0,"max_hp_loss":0,"event_name":"Lab","floor":20,"gold_loss":0},{"damage_healed":0,"gold_gain":0,"player_choice":"Joined the Cult","damage_taken":6,"max_hp_gain":0,"max_hp_loss":0,"event_name":"Nest","floor":22,"gold_loss":0,"cards_obtained":["RitualDagger"]},{"damage_healed":0,"gold_gain":0,"player_choice":"Inject Mutagens","damage_taken":0,"relics_obtained":["MutagenicStrength"],"max_hp_gain":0,"max_hp_loss":0,"event_name":"Drug Dealer","floor":29,"gold_loss":0}],"is_beta":true,"boss_relics":[{"not_picked":["Astrolabe","Runic Cube"],"picked":"aspiration:SecretTechniqueScroll"}],"items_purged_floors":[28],"is_endless":false,"potions_floor_spawned":[4,8,23,25,30],"killed_by":"Pondfish","ascension_level":19}}