{"host":"udzsrhbqdxqtlypj","time":1610557187,"event":{"mods":["BaseMod","Minty Spire (QoL Compilation)","Relic Stats"],"gold_per_floor":[118,135,37,37,54,54,68,68,68,68,82,112,139,172,172,276,276,293,306,325,325,338,338,75,75,124,156,170,185,220,145,145,246,246,258,276,276,292,292,292,324,324,350,350,350,368,402,418,418,418,418,418,45,71,71],"floor_reached":56,"language":"ENG","playtime":5676,"items_purged":["Strike_G"],"score":1761,"play_id":"79f28270-d689-4eeb-bc48-e31940f7a1a8","local_time":"20210113105947","is_ascension_mode":true,"campfire_choices":[{"data":"Wraith Form v2","floor":6,"key":"SMITH"},{"data":"Noxious Fumes","floor":8,"key":"SMITH"},{"data":"Neutralize","floor":15,"key":"SMITH"},{"data":"After Image","floor":23,"key":"SMITH"},{"data":"Crippling Poison","floor":25,"key":"SMITH"},{"data":"A Thousand Cuts","floor":32,"key":"SMITH"},{"floor":40,"key":"RECALL"},{"data":"Burst","floor":42,"key":"SMITH"},{"data":"Corpse Explosion","floor":49,"key":"SMITH"},{"data":"Acrobatics","floor":52,"key":"SMITH"}],"circlet_count":0,"master_deck":["AscendersBane","Strike_G","Strike_G","Defend_G","Defend_G","Defend_G","Defend_G","Defend_G","Survivor","Neutralize+1","Wraith Form v2+1","Blade Dance","Poisoned Stab","Noxious Fumes+1","Quick Slash","Venomology","Deadly Poison","Night Terror","Dash+1","After Image+1","Acrobatics+1","Dagger Spray+1","Crippling Poison+1","A Thousand Cuts+1","Sucker Punch+1","Corpse Explosion+1","Catalyst+1","Crippling Poison+1","Burst+1","Sucker Punch+1","Leg Sweep+1","PiercingWail","Noxious Fumes+1"],"relics":["Ring of the Snake","Molten Egg 2","Pantograph","Odd Mushroom","Paper Crane","Snecko Eye","Nilry\u0027s Codex","Potion Belt","Nunchaku","Matryoshka","Blood Vial","SlaversCollar","Juzu Bracelet","Bottled Lightning","The Specimen","Kunai","HornCleat"],"acts_visited":["Exordium","TheCity","TheBeyond","TheEnding"],"potions_floor_usage":[7,11,12,12,14,16,18,19,20,22,22,22,22,22,27,28,28,30,33,33,35,36,41,41,41,46,47,48,48,50,50,54,55,55,55],"damage_taken":[{"damage":7,"enemies":"Cultist","floor":1,"turns":6},{"damage":8,"enemies":"Jaw Worm","floor":2,"turns":4},{"damage":0,"enemies":"Small Slimes","floor":5,"turns":3},{"damage":4,"enemies":"Exordium Wildlife","floor":7,"turns":3},{"damage":2,"enemies":"Looter","floor":11,"turns":4},{"damage":2,"enemies":"Gremlin Nob","floor":12,"turns":4},{"damage":8,"enemies":"The Mushroom Lair","floor":13,"turns":5},{"damage":17,"enemies":"Lagavulin","floor":14,"turns":7},{"damage":4,"enemies":"Hexaghost","floor":16,"turns":9},{"damage":0,"enemies":"3 Byrds","floor":18,"turns":5},{"damage":11,"enemies":"Spheric Guardian","floor":19,"turns":6},{"damage":0,"enemies":"Shelled Parasite and Fungi","floor":20,"turns":4},{"damage":3,"enemies":"3 Cultists","floor":22,"turns":4},{"damage":9,"enemies":"Slavers","floor":27,"turns":4},{"damage":1,"enemies":"Snecko","floor":28,"turns":5},{"damage":2,"enemies":"Shelled Parasite and Fungi","floor":29,"turns":5},{"damage":0,"enemies":"Book of Stabbing","floor":30,"turns":5},{"damage":21,"enemies":"Automaton","floor":33,"turns":11},{"damage":15,"enemies":"Orb Walker","floor":35,"turns":5},{"damage":11,"enemies":"3 Shapes","floor":36,"turns":3},{"damage":3,"enemies":"Sphere and 2 Shapes","floor":38,"turns":4},{"damage":0,"enemies":"Giant Head","floor":41,"turns":6},{"damage":1,"enemies":"Jaw Worm Horde","floor":46,"turns":2},{"damage":15,"enemies":"Nemesis","floor":47,"turns":7},{"damage":3,"enemies":"Spire Growth","floor":48,"turns":5},{"damage":6,"enemies":"Awakened One","floor":50,"turns":12},{"damage":24,"enemies":"Shield and Spear","floor":54,"turns":6},{"damage":20,"enemies":"The Heart","floor":55,"turns":7}],"seed_played":"7210836044298161725","potions_obtained":[{"floor":1,"key":"DistilledChaos"},{"floor":5,"key":"LiquidMemories"},{"floor":7,"key":"EssenceOfSteel"},{"floor":13,"key":"AttackPotion"},{"floor":22,"key":"CunningPotion"},{"floor":29,"key":"GhostInAJar"},{"floor":33,"key":"Regen Potion"},{"floor":38,"key":"SpeedPotion"},{"floor":48,"key":"AttackPotion"},{"floor":54,"key":"Energy Potion"}],"is_trial":false,"path_per_floor":["M","M","$","?","M","R","M","R","T","T","M","E","?","E","R","B",null,"M","M","M","?","M","R","$","R","T","E","M","M","E","?","R","B",null,"M","M","?","M","?","R","E","R","T","?","?","M","E","M","R","B",null,"R","$","E","B",null],"character_chosen":"THE_SILENT","items_purchased":["Noxious Fumes","Quick Slash","Potion Belt","Crippling Poison","Kunai","Ancient Potion","Strength Potion"],"campfire_rested":0,"item_purchase_floors":[3,3,24,24,53,53,53],"current_hp_per_floor":[56,48,48,48,48,48,44,44,44,44,42,40,32,15,15,36,56,56,45,45,29,26,26,26,26,26,17,30,28,28,28,28,34,56,43,46,46,45,45,45,47,47,47,47,47,48,35,48,48,54,59,59,59,36,40],"gold":71,"neow_bonus":"THREE_RARE_CARDS","is_daily":false,"chose_seed":false,"campfire_upgraded":9,"win_rate":0.0,"timestamp":1610557187,"path_taken":["M","M","$","?","M","R","M","R","T","?","M","E","?","E","R","BOSS","M","M","M","?","M","R","$","R","T","E","M","M","E","?","R","BOSS","M","M","?","M","?","R","E","R","T","?","?","M","E","M","R","BOSS","R","$","E","BOSS"],"items_purchased_type":["Card","Card","Relic","Card","Relic","Potion","Potion"],"build_version":"2020-12-22","purchased_purges":1,"victory":true,"max_hp_per_floor":[63,63,63,63,63,63,63,63,63,63,63,63,63,63,63,63,63,63,63,63,63,63,63,63,63,63,63,63,63,63,63,63,63,63,63,63,63,63,63,63,63,63,63,63,60,60,60,60,60,60,60,60,60,60,60],"relic_stats":{"Blood Vial":21,"Nunchaku":[15],"counters":[28,151],"Pantograph":82,"Snecko Eye":[196,179,213,208],"Juzu Bracelet":1,"Kunai":[4],"obtain_stats":[{"Potion Belt":24,"The Specimen":47,"Nilry\u0027s Codex":21,"Juzu Bracelet":43,"Odd Mushroom":13,"Paper Crane":14,"Blood Vial":30,"SlaversCollar":34,"Nunchaku":26,"Matryoshka":27,"HornCleat":54,"Pantograph":12,"Snecko Eye":17,"Molten Egg 2":9,"Bottled Lightning":43,"Kunai":53,"Ring of the Snake":0},{"Potion Belt":13,"The Specimen":24,"Nilry\u0027s Codex":12,"Juzu Bracelet":22,"Odd Mushroom":7,"Paper Crane":8,"Blood Vial":17,"SlaversCollar":18,"Nunchaku":13,"Matryoshka":14,"HornCleat":27,"Pantograph":6,"Snecko Eye":9,"Molten Egg 2":4,"Bottled Lightning":22,"Kunai":26,"Ring of the Snake":0},{"Potion Belt":64,"The Specimen":121,"Nilry\u0027s Codex":60,"Juzu Bracelet":112,"Odd Mushroom":29,"Paper Crane":36,"Blood Vial":83,"SlaversCollar":94,"Nunchaku":64,"Matryoshka":68,"HornCleat":144,"Pantograph":24,"Snecko Eye":45,"Molten Egg 2":16,"Bottled Lightning":112,"Kunai":138,"Ring of the Snake":0}],"Ring of the Snake":[56]},"card_choices":[{"not_picked":["A Thousand Cuts","Burst"],"picked":"Wraith Form v2","floor":0},{"not_picked":["Footwork","Well Laid Plans"],"picked":"Blade Dance","floor":1},{"not_picked":["Acrobatics","Deflect"],"picked":"Poisoned Stab","floor":2},{"not_picked":["Sucker Punch","Bane"],"picked":"Venomology","floor":5},{"not_picked":["Backstab","Calculated Gamble"],"picked":"PiercingWail","floor":7},{"not_picked":["Blur","Dodge and Roll","Dagger Throw+1"],"picked":"SKIP","floor":11},{"not_picked":["Cloak And Dagger","PiercingWail"],"picked":"Deadly Poison","floor":12},{"not_picked":["Concentrate","Acrobatics"],"picked":"Night Terror","floor":13},{"not_picked":["Bane+1","Escape Plan"],"picked":"Dash+1","floor":14},{"not_picked":["Night Terror","Envenom"],"picked":"After Image","floor":16},{"not_picked":["Bane+1","Underhanded Strike+1"],"picked":"Acrobatics","floor":18},{"not_picked":["Escape Plan","Quick Slash+1"],"picked":"Dagger Spray+1","floor":19},{"not_picked":["Slice+1","Heel Hook+1","Acrobatics"],"picked":"SKIP","floor":20},{"not_picked":["Underhanded Strike+1","PiercingWail","Quick Slash+1"],"picked":"SKIP","floor":22},{"not_picked":["Bane+1","Deadly Poison"],"picked":"A Thousand Cuts","floor":27},{"not_picked":["Deflect","Outmaneuver","Dodge and Roll"],"picked":"SKIP","floor":28},{"not_picked":["Slice+1","Dodge and Roll+1"],"picked":"Sucker Punch+1","floor":29},{"not_picked":["PiercingWail","Blade Dance","Concentrate"],"picked":"SKIP","floor":30},{"not_picked":["Doppelganger","Malaise"],"picked":"Corpse Explosion","floor":33},{"not_picked":["Deflect","Underhanded Strike+1"],"picked":"Catalyst+1","floor":35},{"not_picked":["Reflex+1","Finisher+1","Deflect"],"picked":"SKIP","floor":36},{"not_picked":["Noxious Fumes+1","Underhanded Strike+1"],"picked":"Crippling Poison+1","floor":38},{"not_picked":["Setup","Underhanded Strike+1"],"picked":"Burst","floor":41},{"not_picked":["Flechettes+1","Deflect+1"],"picked":"Sucker Punch+1","floor":46},{"not_picked":["Skewer+1","Eviscerate+1"],"picked":"Leg Sweep+1","floor":47},{"not_picked":["Deflect","Outmaneuver"],"picked":"PiercingWail","floor":48},{"not_picked":["Tactician","Acrobatics"],"picked":"Noxious Fumes+1","floor":54}],"player_experience":2782503,"relics_obtained":[{"floor":9,"key":"Molten Egg 2"},{"floor":12,"key":"Pantograph"},{"floor":13,"key":"Odd Mushroom"},{"floor":14,"key":"Paper Crane"},{"floor":21,"key":"Nilry\u0027s Codex"},{"floor":26,"key":"Nunchaku"},{"floor":27,"key":"Matryoshka"},{"floor":30,"key":"Blood Vial"},{"floor":43,"key":"Juzu Bracelet"},{"floor":43,"key":"Bottled Lightning"},{"floor":47,"key":"The Specimen"},{"floor":54,"key":"HornCleat"}],"event_choices":[{"damage_healed":0,"gold_gain":0,"player_choice":"Ignored","damage_taken":0,"max_hp_gain":0,"max_hp_loss":0,"event_name":"Liars Game","floor":4,"gold_loss":0},{"damage_healed":0,"gold_gain":0,"player_choice":"Fought Mushrooms","damage_taken":0,"max_hp_gain":0,"max_hp_loss":0,"event_name":"Mushrooms","floor":13,"gold_loss":0},{"damage_healed":0,"gold_gain":0,"player_choice":"Obtained Book","damage_taken":16,"max_hp_gain":0,"max_hp_loss":0,"event_name":"Cursed Tome","floor":21,"gold_loss":0},{"cards_removed":["Strike_G"],"damage_healed":0,"gold_gain":0,"player_choice":"Gave Gold","damage_taken":0,"max_hp_gain":0,"max_hp_loss":0,"event_name":"Beggar","floor":31,"gold_loss":75},{"cards_removed":["PiercingWail"],"damage_healed":0,"gold_gain":0,"player_choice":"Removed Skill","damage_taken":0,"max_hp_gain":0,"max_hp_loss":0,"event_name":"Falling","floor":37,"gold_loss":0},{"cards_removed":["Strike_G"],"damage_healed":0,"gold_gain":0,"player_choice":"Offered Basic","damage_taken":0,"max_hp_gain":0,"max_hp_loss":0,"event_name":"Bonfire Elementals","floor":39,"gold_loss":0},{"damage_healed":0,"gold_gain":0,"player_choice":"Ignored","damage_taken":0,"max_hp_gain":0,"max_hp_loss":0,"event_name":"Tomb of Lord Red Mask","floor":44,"gold_loss":0},{"damage_healed":0,"gold_gain":0,"player_choice":"Max HP","damage_taken":0,"max_hp_gain":0,"max_hp_loss":3,"event_name":"Winding Halls","floor":45,"gold_loss":0}],"is_beta":false,"boss_relics":[{"not_picked":["Coffee Dripper","Fusion Hammer"],"picked":"Snecko Eye"},{"not_picked":["WristBlade","Cursed Key"],"picked":"SlaversCollar"}],"items_purged_floors":[24],"is_endless":false,"potions_floor_spawned":[1,5,7,13,16,18,22,29,33,38,41,48,54],"ascension_level":10}}