{"host":"6jrnojxwearbrjzo","time":1610568429,"event":{"mods":["BaseMod","Colored Map","Conspire","Highlight Path","Minty Spire (QoL Compilation)","Quick Restart","Replay The Spire","Shop Mod","Spicy Shops","StSLib","The Servant 0.9.4"],"gold_per_floor":[110,134,62,138,149,149,180,180,180,206,217,228,244,32,32,32,32],"floor_reached":16,"language":"ZHS","playtime":567,"items_purged":["Writhe"],"score":121,"play_id":"33978fa6-8fc3-4242-a1cb-b146c885f1cb","local_time":"20210114040709","is_ascension_mode":true,"campfire_choices":[{"data":"Fission","floor":6.0,"key":"SMITH"},{"data":"Double Energy","floor":8.0,"key":"SMITH"},{"data":"Streamline","floor":15.0,"key":"SMITH"}],"circlet_count":0,"master_deck":["Strike_B","Strike_B","Strike_B","Strike_B","Defend_B","Defend_B","Defend_B","Defend_B","Zap","Dualcast","Fission+1","Streamline+1","Double Energy+1","ReplayGash","Meteor Strike","Hologram","Chill","Steam","Recycle"],"relics":["Cracked Core","Vajra","MealTicket","Art of War","Blood Vial","Strange Spoon","Prayer Wheel"],"acts_visited":["Exordium"],"potions_floor_usage":[16],"damage_taken":[{"damage":1.0,"enemies":"Cultist","floor":1.0,"turns":3.0},{"damage":0.0,"enemies":"Small Slimes","floor":5.0,"turns":3.0},{"damage":36.0,"enemies":"Lagavulin","floor":7.0,"turns":6.0},{"damage":8.0,"enemies":"3 Sentries","floor":10.0,"turns":5.0},{"damage":0.0,"enemies":"Jaw Worm","floor":11.0,"turns":2.0},{"damage":0.0,"enemies":"Exordium Wildlife","floor":12.0,"turns":2.0},{"damage":0.0,"enemies":"Large Slime","floor":13.0,"turns":6.0},{"damage":50,"enemies":"The Guardian","floor":16,"turns":8}],"seed_played":"-2167741292000168912","potions_obtained":[{"floor":5.0,"key":"Explosive Potion"},{"floor":10.0,"key":"Languid Potion"},{"floor":12.0,"key":"Energy Potion"}],"is_trial":false,"path_per_floor":["M","T","$","?","M","R","E","R","T","E","M","M","M","$","R","B"],"character_chosen":"DEFECT","items_purchased":["Double Energy","Recycle","Strange Spoon"],"campfire_rested":0,"item_purchase_floors":[3,14,14],"current_hp_per_floor":[67,67,67,67,67,67,31,31,31,23,25,27,29,44,44,0,0],"gold":32,"neow_bonus":"THREE_RARE_CARDS","is_daily":false,"chose_seed":false,"campfire_upgraded":3,"win_rate":0.0,"timestamp":1610568429,"path_taken":["M","?","$","?","M","R","E","R","T","E","M","M","M","?","R","BOSS"],"items_purchased_type":["Card","Card","Relic"],"build_version":"2020-12-22","purchased_purges":1,"victory":false,"max_hp_per_floor":[68,68,68,68,68,68,68,68,68,68,68,68,68,68,68,68,68],"card_choices":[{"not_picked":["Multi-Cast","ReplayRNGCard"],"picked":"Fission","floor":0.0},{"not_picked":["ReplaySort","Ball Lightning"],"picked":"Streamline","floor":1.0},{"not_picked":["BasicCrystalCard","ReplaySort"],"picked":"ReplayGash","floor":5.0},{"not_picked":["Cold Snap","Sweeping Beam"],"picked":"Meteor Strike","floor":7.0},{"not_picked":["conspire:SharedLibrary","Go for the Eyes"],"picked":"Hologram","floor":10.0},{"not_picked":["Go for the Eyes","Barrage"],"picked":"Chill","floor":11.0},{"not_picked":["Hologram","Double Energy"],"picked":"Steam","floor":12.0},{"not_picked":["BasicCrystalCard","Compile Driver"],"picked":"ReplayTheSpireMod:Fabricate Wheel","floor":13.0}],"player_experience":73423,"relics_obtained":[{"floor":2.0,"key":"Vajra"},{"floor":7.0,"key":"MealTicket"},{"floor":9.0,"key":"Art of War"},{"floor":10.0,"key":"Blood Vial"}],"event_choices":[{"damage_healed":0.0,"max_hp_gain":0.0,"max_hp_loss":0.0,"gold_gain":76.0,"event_name":"Golden Wing","player_choice":"Gained Gold","floor":4.0,"gold_loss":0.0,"damage_taken":0.0}],"is_beta":false,"boss_relics":[],"items_purged_floors":[14],"is_endless":false,"potions_floor_spawned":[5,10,12],"killed_by":"The Guardian","ascension_level":2}}