{"host":"gndxudri6ebovps6","time":1610565826,"event":{"mods":["AchievementEnabler","Act Like it!","Aspiration","BaseMod","Better Altar","Better Match","Better Note","Better Sensory Stone","Better Skull","Better Vampires","BetterRewards","Block Reminder","Conspire","GifTheSpireLib","Hubris","Infinite Spire","Marked Mod","Minty Spire (QoL Compilation)","Pale of the Ancients","Quick Restart","Replay The Spire","Shop Mod","Spicy Shops","Spikes Relics","StSLib","Stuff the Spire","The Cursed","The Disciple","The Judge","The Necromancer","everything is the same but u backflip on backflip","vexMod"],"gold_per_floor":[111,111,111,130,141,141,170,345,400,400,419,446,446,461,461,563,563,578,594,594,669,682,682,702,719,765,780,780,805,805,720,720,720,720],"floor_reached":33,"language":"ENG","playtime":1719,"items_purged":[],"score":277,"play_id":"fa3fd521-9680-4dfe-946c-2746cc425a9c","local_time":"20210113172346","is_ascension_mode":false,"campfire_choices":[{"data":"LockedWhetstone","floor":6.0,"key":"SMITH"},{"data":"LockedMedicine","floor":10.0,"key":"SMITH"},{"floor":15.0,"key":"REST"},{"data":"LockedThread","floor":23.0,"key":"SMITH"},{"floor":28.0,"key":"REST"},{"data":"ExoVibe","floor":32,"key":"SMITH"}],"circlet_count":0,"master_deck":["Strike_Br","Strike_Br","Strike_Br","Strike_Br","Defend_Br","Defend_Br","Defend_Br","Defend_Br","SecondHand","PatternShift","HandsUpC+1","LockedWhetstone+1","LockedMedicine+1","HandsUpB","Doubt","LockedBlood","ExoVibe+3","LockedThread+1","OldTimer","Parity","PrimeTime+1","Echoward+1","LockedBlood+1","HandsUpB","ExoVibe","ReapSow+4"],"relics":["Chronometer","NeowsBlessing","Mercury?","Anchor","Simple Rune","infinitespire:CursedDice","Chameleon Ring","Metronome","Vajra","hubris:TenFootPole","MealTicket"],"acts_visited":["Exordium","TheCity"],"potions_floor_usage":[],"damage_taken":[{"damage":0.0,"enemies":"Small Slimes","floor":1.0,"turns":2.0},{"damage":0.0,"enemies":"2 Louse","floor":4.0,"turns":1.0},{"damage":0.0,"enemies":"Cultist","floor":5.0,"turns":1.0},{"damage":28.0,"enemies":"Lagavulin","floor":7.0,"turns":6.0},{"damage":0.0,"enemies":"3 Louse","floor":11.0,"turns":4.0},{"damage":32.0,"enemies":"Gremlin Nob","floor":12.0,"turns":4.0},{"damage":1.0,"enemies":"Exordium Wildlife","floor":14.0,"turns":5.0},{"damage":3.0,"enemies":"Slime Boss","floor":16.0,"turns":12.0},{"damage":9.0,"enemies":"Chosen","floor":18.0,"turns":5.0},{"damage":3.0,"enemies":"conspire:FuzzyDice","floor":19.0,"turns":7.0},{"damage":38.0,"enemies":"Snake Plant","floor":22.0,"turns":6.0},{"damage":0.0,"enemies":"Cultist and Chosen","floor":24.0,"turns":6.0},{"damage":13.0,"enemies":"Chosen and Byrds","floor":25.0,"turns":7.0},{"damage":8.0,"enemies":"Snake Plant","floor":27.0,"turns":6.0},{"damage":20.0,"enemies":"Nightmare","floor":29.0,"turns":10.0},{"damage":97,"enemies":"Collector","floor":33,"turns":12}],"seed_played":"257202672667466458","potions_obtained":[{"floor":1.0,"key":"DuplicationPotion"},{"floor":4.0,"key":"Languid Potion"},{"floor":11.0,"key":"LiquidBronze"},{"floor":14.0,"key":"Swift Potion"},{"floor":19.0,"key":"FairyPotion"},{"floor":24.0,"key":"Languid Potion"},{"floor":27.0,"key":"EntropicBrew"},{"floor":29,"key":"SmokeBomb"}],"is_trial":false,"path_per_floor":["M","?","?","M","M","R","E","?","T","R","M","E","T","M","R","B",null,"M","M","?","?","M","R","M","M","T","M","R","NM","?","?","R","B"],"character_chosen":"CHRONO_CLASS","items_purchased":[],"campfire_rested":2,"item_purchase_floors":[],"current_hp_per_floor":[65,65,65,65,65,65,37,37,37,37,37,11,11,14,33,36,65,58,61,61,55,23,23,29,31,31,25,44,39,46,46,46,0,0],"gold":720,"neow_bonus":"THREE_ENEMY_KILL","is_daily":false,"chose_seed":false,"campfire_upgraded":4,"win_rate":0.0,"timestamp":1610565826,"path_taken":["M","?","?","?","M","R","E","?","T","R","M","E","?","M","R","BOSS","M","?","?","?","?","R","M","M","T","M","R","NM","?","?","R","BOSS"],"items_purchased_type":[],"build_version":"2020-12-22","purchased_purges":0,"victory":false,"max_hp_per_floor":[65,65,65,65,65,65,65,65,65,65,65,65,65,65,65,65,65,65,65,65,65,65,65,65,65,65,65,65,65,65,65,65,65,65],"card_choices":[{"not_picked":["EscortCommand","AlternateTimeline"],"picked":"HandsUpC","floor":1.0},{"not_picked":["BiteCommand","LockedBlood"],"picked":"LockedWhetstone","floor":4.0},{"not_picked":["Engulf","Parity"],"picked":"LockedMedicine","floor":5.0},{"not_picked":["Accruing","AlternateTimeline"],"picked":"HandsUpB","floor":7.0},{"not_picked":["HandsUpC","ExoVibe"],"picked":"LockedBlood","floor":11.0},{"not_picked":["Backlash","Chronoelasticity"],"picked":"ExoVibe","floor":12.0},{"not_picked":["LockedMawBank","HandsUpB"],"picked":"LockedThread","floor":14.0},{"not_picked":["Chronoelasticity","BackFourSeconds"],"picked":"OldTimer","floor":16.0},{"not_picked":["LockedMedicine+1","LockedOrichalcum"],"picked":"Parity","floor":18.0},{"not_picked":["Analog+1","Break"],"picked":"PrimeTime+1","floor":19.0},{"not_picked":["Engulf","BlueShift"],"picked":"Echoward+1","floor":22.0},{"not_picked":["Accruing","Engulf"],"picked":"LockedBlood+1","floor":24.0},{"not_picked":["OldTimer","LockedBlood+1"],"picked":"HandsUpB","floor":25.0},{"not_picked":["Tempo","BeatsPerMinute+1"],"picked":"ExoVibe","floor":27.0},{"not_picked":["LockedAnchor","LockedMedicine"],"picked":"ReapSow+1","floor":29}],"player_experience":505447,"relics_obtained":[{"floor":7.0,"key":"Anchor"},{"floor":9.0,"key":"Simple Rune"},{"floor":12.0,"key":"infinitespire:CursedDice"},{"floor":13.0,"key":"Chameleon Ring"},{"floor":26.0,"key":"Vajra"},{"floor":29,"key":"hubris:TenFootPole"}],"event_choices":[{"damage_healed":0.0,"max_hp_gain":0.0,"max_hp_loss":0.0,"gold_gain":0.0,"event_name":"Accursed Blacksmith","player_choice":"Forge","floor":3.0,"gold_loss":0.0,"damage_taken":0.0,"cards_upgraded":["HandsUpC"]},{"damage_healed":0.0,"max_hp_gain":0.0,"max_hp_loss":0.0,"gold_gain":175.0,"event_name":"Liars Game","player_choice":"AGREE","floor":8.0,"gold_loss":0.0,"damage_taken":0.0,"cards_obtained":["Doubt"]},{"damage_healed":0.0,"max_hp_gain":0.0,"max_hp_loss":0.0,"gold_gain":0.0,"event_name":"betterNote:BetterNote","player_choice":"Ignored","floor":20.0,"gold_loss":0.0,"damage_taken":0.0,"cards_obtained":["Doubt"]},{"damage_healed":0.0,"max_hp_gain":0.0,"max_hp_loss":0.0,"gold_gain":75.0,"event_name":"FaceTrader","player_choice":"Touch","floor":21.0,"gold_loss":0.0,"damage_taken":6.0},{"damage_healed":0,"gold_gain":0,"player_choice":"Obtained Relic","damage_taken":0,"relics_obtained":["MealTicket"],"max_hp_gain":0,"max_hp_loss":0,"event_name":"Addict","floor":31,"gold_loss":85}],"is_beta":false,"boss_relics":[{"not_picked":["aspiration:RunicSpoon","Calling Bell"],"picked":"Metronome"}],"items_purged_floors":[],"is_endless":true,"potions_floor_spawned":[1,4,11,14,19,24,27,29],"killed_by":"Collector","ascension_level":0}}