{"host":"igi9xpgoc000gxf5","time":1610574559,"event":{"mods":["BaseMod","Colored Powertips","Downfall","Googly Eyes","Minty Spire (QoL Compilation)","StSLib"],"gold_per_floor":[99,2,302,317,317,317,342,342,361,5,5,16,16,26,40,145,145,145,160,160,160,145,178,228,246,246,246,246],"floor_reached":26,"language":"ENG","playtime":4589,"items_purged":[],"score":214,"play_id":"bba364f3-55c1-465e-983c-55719cb591a5","local_time":"20210113224919","is_ascension_mode":false,"campfire_choices":[{"data":"Guardian:PrismaticBarrier","floor":1.0,"key":"SMITH"},{"data":"Guardian:CrystalBeam","floor":11.0,"key":"SMITH"},{"data":"Guardian:PiercingHide","floor":13.0,"key":"SMITH"},{"data":"Guardian:CurlUp","floor":18.0,"key":"SMITH"}],"circlet_count":0,"master_deck":["Guardian:Strike_Guardian+1","Guardian:Strike_Guardian+1","Guardian:Strike_Guardian+1","Guardian:Strike_Guardian+1","Guardian:Defend_Guardian+1","Guardian:Defend_Guardian+1","Guardian:Defend_Guardian+1","Guardian:Defend_Guardian+1","Guardian:CurlUp+1","Guardian:TwinSlam+1","Guardian:PrismaticBarrier+1","Guardian:EvasiveProtocol+1","Slimebound:Icky","Slimebound:Icky","Guardian:ChargeCore+1","Regret","Guardian:CrystalBeam+1","Guardian:Repulse","Guardian:PiercingHide+1","Guardian:Gem_Synthetic","Guardian:WalkerClaw","Guardian:Gem_Cyan","Guardian:BronzeArmor","Guardian:Planning"],"relics":["Guardian:ModeShifter","Whetstone","Sundial","Pantograph","Philosopher\u0027s Stone","Enchiridion","Mummified Hand","Vajra"],"acts_visited":["Exordium","TheCity"],"potions_floor_usage":[23,26],"damage_taken":[{"damage":0.0,"enemies":"downfall:FleeingMerchant","floor":2.0,"turns":4.0},{"damage":0.0,"enemies":"2 Louse","floor":4.0,"turns":2.0},{"damage":5.0,"enemies":"Jaw Worm","floor":9.0,"turns":3.0},{"damage":6.0,"enemies":"downfall:FleeingMerchant","floor":10.0,"turns":4.0},{"damage":0.0,"enemies":"Small Slimes","floor":12.0,"turns":3.0},{"damage":2.0,"enemies":"3 Louse","floor":14.0,"turns":3.0},{"damage":1.0,"enemies":"Blue Slaver","floor":15.0,"turns":2.0},{"damage":38.0,"enemies":"downfall:Defect","floor":16.0,"turns":11.0},{"damage":4.0,"enemies":"3 Byrds","floor":19.0,"turns":2.0},{"damage":17.0,"enemies":"downfall:FleeingMerchant","floor":22.0,"turns":4.0},{"damage":14,"enemies":"Gremlin Leader","floor":23,"turns":7},{"damage":26,"enemies":"Snake Plant","floor":25,"turns":3},{"damage":8,"enemies":"Snecko","floor":26,"turns":4}],"seed_played":"-3170763597338537101","potions_obtained":[{"floor":9.0,"key":"PowerPotion"},{"floor":12.0,"key":"BlessingOfTheForge"},{"floor":15.0,"key":"Explosive Potion"},{"floor":16.0,"key":"BlessingOfTheForge"},{"floor":25,"key":"SkillPotion"}],"is_trial":false,"path_per_floor":["R","$","?","M","?","?","T","T","M","$","R","M","R","M","M","B",null,"R","M","?","?","$","E","T","M","M"],"character_chosen":"GUARDIAN","items_purchased":["Guardian:EvasiveProtocol","Guardian:Gem_Cyan","Pantograph","Guardian:PiercingHide"],"campfire_rested":0,"item_purchase_floors":[2,10,10,10],"current_hp_per_floor":[80,80,80,80,80,80,80,80,75,69,69,69,69,67,66,42,80,80,76,76,60,43,29,29,3,0,0,0],"gold":246,"neow_bonus":"THREE_CARDS","is_daily":false,"chose_seed":false,"campfire_upgraded":4,"win_rate":0.0,"timestamp":1610574559,"path_taken":["R","$","?","M","?","?","T","?","M","$","R","M","R","M","M","BOSS","R","M","?","?","$","E","T","M","M"],"items_purchased_type":["Card","Card","Relic","Card"],"build_version":"2020-12-22","purchased_purges":0,"victory":false,"max_hp_per_floor":[80,80,80,80,80,80,80,80,80,80,80,80,80,80,80,80,80,80,80,80,80,80,80,80,80,80,80,80],"card_choices":[{"not_picked":["Guardian:PrimingBeam","Guardian:BronzeOrb"],"picked":"Guardian:PrismaticBarrier","floor":0.0},{"not_picked":["Guardian:ShieldCharger","Guardian:ChargeCore"],"picked":"Guardian:Gem_Fragmented","floor":2.0},{"not_picked":["Guardian:Emergency","Guardian:ChargeUp"],"picked":"Guardian:ChargeCore","floor":4.0},{"not_picked":["Guardian:ShieldCharger","Guardian:TemporalStrike"],"picked":"Guardian:CrystalBeam","floor":9.0},{"not_picked":["Guardian:DonusPower","Guardian:RollAttack"],"picked":"Guardian:Repulse","floor":10.0},{"not_picked":["Guardian:VentSteam","Guardian:RevengeProtocol"],"picked":"Guardian:Gem_Cyan","floor":12.0},{"not_picked":["Guardian:Suspension","Guardian:Gem_Yellow"],"picked":"Guardian:Gem_Green","floor":14.0},{"not_picked":["Guardian:MultiBeam","Guardian:TemporalStrike"],"picked":"Guardian:Gem_Blue","floor":15.0},{"not_picked":["Guardian:ExploitGems","Guardian:GatlingBeam"],"picked":"Guardian:Gem_Synthetic","floor":16.0},{"not_picked":["Guardian:MultiBeam","Guardian:RefractedBeam+1"],"picked":"Guardian:WalkerClaw","floor":19.0},{"not_picked":["Guardian:PiercingHide+1","Guardian:ArmoredProtocol"],"picked":"Guardian:Gem_Cyan","floor":22},{"not_picked":["Guardian:VentSteam","Guardian:CrystalBeam+1"],"picked":"Guardian:BronzeArmor","floor":23},{"not_picked":["Guardian:TemporalShield+1","Guardian:ChargeCore"],"picked":"Guardian:Planning","floor":25}],"player_experience":932713,"relics_obtained":[{"floor":7.0,"key":"Whetstone"},{"floor":8.0,"key":"Sundial"},{"floor":21.0,"key":"Enchiridion"},{"floor":23,"key":"Mummified Hand"},{"floor":24,"key":"Vajra"}],"event_choices":[{"damage_healed":0.0,"max_hp_gain":0.0,"max_hp_loss":0.0,"gold_gain":0.0,"event_name":"Living Wall","player_choice":"Grow","floor":6.0,"gold_loss":0.0,"damage_taken":0.0,"cards_upgraded":["Guardian:EvasiveProtocol"]},{"damage_healed":0.0,"max_hp_gain":0.0,"max_hp_loss":0.0,"gold_gain":0.0,"event_name":"Back to Basics","player_choice":"Simplicity","floor":20.0,"gold_loss":0.0,"damage_taken":0.0,"cards_upgraded":["Guardian:Strike_Guardian","Guardian:Defend_Guardian","Guardian:Defend_Guardian","Guardian:Defend_Guardian","Guardian:Defend_Guardian"]}],"is_beta":false,"boss_relics":[{"not_picked":["Guardian:ModeShifterPlus","Black Star"],"picked":"Philosopher\u0027s Stone"}],"items_purged_floors":[],"is_endless":false,"potions_floor_spawned":[9,12,15,16,25],"killed_by":"Snecko","ascension_level":0}}