{"host":"mn5kbj4x7gv3jr0o","time":1610513980,"event":{"mods":["100% Spire Juice","2.2 Compatiblity","AchievementEnabler","Ascension Reborn","Ascension Unlocker","Aspiration","BaseMod","Better Note","CCEM","Conjunction","Conspire","Curses Come First","Downfall","HololiveMod","Hubris","Infinite Spire","Jess\u0027s Bottle","Minty Spire (QoL Compilation)","Quarter Circle Forward PUNCH!","Quick Restart","Relic Sorter","Relic Stats","Replay The Spire","Reworked Bosses","SCP261 Mod","SacredBarkPlus","Shedinja","Small Relic Pack","Spicy Shops","Spikes Relics","StSLib","Trackpad","Uncapped","Unceasing Turn Reminder","Virulent Crown","vexMod"],"gold_per_floor":[110,110,110,125,135,135,25,56,56,56,56],"floor_reached":10,"language":"ENG","playtime":837,"items_purged":[],"score":68,"play_id":"82eb9cff-32d3-4690-91a7-2c2a819a5263","local_time":"20210112235940","is_ascension_mode":true,"campfire_choices":[{"data":"Moonworks:BackdoorTrade","floor":6,"key":"SMITH"}],"circlet_count":1,"master_deck":["Moonworks:Strike","Moonworks:Strike","Moonworks:Strike","Moonworks:Strike","Moonworks:Defend","Moonworks:Defend","Moonworks:Defend","Moonworks:Defend","Moonworks:Ambush","Moonworks:LongDistanceShot+1","Moonworks:LulusLuckyEgg","Moonworks:BackdoorTrade+1","Moonworks:EvilSpyWorkPreparation","Moonworks:CloudOfSeagulls","Moonworks:CloudOfSeagulls"],"relics":["Moonworks:BrokenBomb","Moonworks:Homemark","aspiration:SeaSaltIceCream","Circlet","hubris:MedicalManual"],"acts_visited":["Exordium"],"potions_floor_usage":[],"damage_taken":[{"damage":2,"enemies":"Jaw Worm","floor":1,"turns":4},{"damage":0,"enemies":"Small Slimes","floor":4,"turns":3},{"damage":0,"enemies":"conspire:RoseBush","floor":5,"turns":3},{"damage":6,"enemies":"Looter","floor":7,"turns":4},{"damage":50,"enemies":"Gremlin Nob","floor":8,"turns":5},{"damage":36,"enemies":"Lagavulin","floor":10,"turns":4}],"seed_played":"-3252695914690021","potions_obtained":[{"floor":1,"key":"BlessingOfTheForge"},{"floor":4,"key":"FairyPotion"}],"is_trial":false,"path_per_floor":["M","?","$","M","M","R","M","E","T","E"],"character_chosen":"THE_STARBREAKER","items_purchased":[],"campfire_rested":0,"item_purchase_floors":[],"current_hp_per_floor":[64,64,64,64,64,64,58,8,8,0,0],"gold":56,"neow_bonus":"TEN_PERCENT_HP_BONUS","is_daily":false,"chose_seed":false,"campfire_upgraded":1,"win_rate":0.0,"timestamp":1610513980,"path_taken":["M","?","?","M","M","R","M","E","T","E"],"items_purchased_type":[],"build_version":"2020-12-22","purchased_purges":0,"victory":false,"max_hp_per_floor":[66,66,66,66,66,66,66,66,66,66,66],"relic_stats":{"counters":[6,23],"obtain_stats":[{"Moonworks:Homemark":0,"Circlet":8,"hubris:MedicalManual":9,"aspiration:SeaSaltIceCream":8,"Moonworks:BrokenBomb":0},{"Moonworks:Homemark":0,"Circlet":5,"hubris:MedicalManual":5,"aspiration:SeaSaltIceCream":5,"Moonworks:BrokenBomb":0},{"Moonworks:Homemark":0,"Circlet":19,"hubris:MedicalManual":19,"aspiration:SeaSaltIceCream":19,"Moonworks:BrokenBomb":0}]},"card_choices":[{"not_picked":["Moonworks:IndiscriminateFireSupport","Moonworks:ImOnFire"],"picked":"Moonworks:LulusLuckyEgg","floor":1},{"not_picked":["Moonworks:IndiscriminateFireSupport","Moonworks:SealedMemories"],"picked":"Moonworks:BackdoorTrade","floor":4},{"not_picked":["Moonworks:TreasureThief","Moonworks:SakisCookie"],"picked":"Moonworks:EvilSpyWorkPreparation","floor":5},{"not_picked":["Moonworks:NicePresent","Moonworks:JonathanRush"],"picked":"Moonworks:CloudOfSeagulls","floor":7},{"not_picked":["Moonworks:UnpaidWork","Moonworks:CookingTime"],"picked":"Moonworks:CloudOfSeagulls","floor":8}],"player_experience":144760,"relics_obtained":[{"floor":8,"key":"aspiration:SeaSaltIceCream"},{"floor":9,"key":"hubris:MedicalManual"}],"event_choices":[],"is_beta":false,"boss_relics":[],"items_purged_floors":[],"is_endless":false,"potions_floor_spawned":[1,4,5,7],"killed_by":"Lagavulin","ascension_level":0}}