{"host":"kiah4uoohy01p0hv","time":1610550256,"event":{"mods":["AchievementEnabler","Aspiration","BaseMod","BetterRewards","CCEM","Colored Map","Colored Powertips","Conspire","Highlight Path","Hubris","Infinite Spire","Minty Spire (QoL Compilation)","Permanent Neow","Replay The Spire","Spicy Shops","Spikes Relics","StSLib"],"gold_per_floor":[113,113,113,113,5,5,38,54,79,110,110,4,4,29,29,126,126,137,137,151,0,13,13,25,25,25],"floor_reached":25,"language":"ENG","playtime":2672,"items_purged":[],"score":242,"play_id":"476aa18e-07e9-4d6b-9258-7fd9aa1a4f0c","local_time":"20210114010416","is_ascension_mode":false,"campfire_choices":[{"data":"Searing Blow+1","floor":6,"key":"SMITH"},{"data":"Searing Blow+2","floor":11,"key":"SMITH"},{"data":"Searing Blow+3","floor":13,"key":"SMITH"}],"circlet_count":0,"master_deck":["Strike_R","Strike_R","Strike_R","Strike_R","Strike_R","Defend_R","Defend_R+1","Defend_R","Defend_R","Bash","Searing Blow+4","Blood for Blood","Rupture","BarbarianYell","Whirlwind","Sword Boomerang","Chrysalis","hubris:ReadiedAction","Exhume","CurseOfTheBell","Thunderclap+1","infinitespire:UltimateForm","Havoc+1","Rampage+1","Dual Wield"],"relics":["Burning Blood","hubris:Towel","Paper Frog","MealTicket","hubris:SlimyHat","Ice Cream","aspiration:ArtOfWarUpgrade","Calling Bell","CCEMRelics:JestersCrown","Molten Egg 2","Torii","hubris:Backtick","Replay:Bottled Snecko"],"acts_visited":["Exordium","TheCity"],"potions_floor_usage":[7,16,16,24,25],"damage_taken":[{"damage":7,"enemies":"Jaw Worm","floor":1,"turns":4},{"damage":27,"enemies":"3 Sentries","floor":7,"turns":7},{"damage":0,"enemies":"Small Slimes","floor":8,"turns":2},{"damage":14,"enemies":"Replay:BlueRogue","floor":10,"turns":5},{"damage":0,"enemies":"Gremlin Nob","floor":14,"turns":2},{"damage":53,"enemies":"The Guardian","floor":16,"turns":9},{"damage":31,"enemies":"Shell Parasite","floor":18,"turns":5},{"damage":21,"enemies":"3 Byrds","floor":20,"turns":4},{"damage":19,"enemies":"3 Cultists","floor":22,"turns":4},{"damage":44,"enemies":"Snake Plant","floor":24,"turns":5},{"damage":22,"enemies":"Centurion and Healer","floor":25,"turns":2}],"seed_played":"-4982582628924250454","potions_obtained":[{"floor":1,"key":"SteroidPotion"},{"floor":8,"key":"Swift Potion"},{"floor":14,"key":"BlessingOfTheForge"},{"floor":24,"key":"PowerPotion"}],"is_trial":false,"path_per_floor":["M","?","?","?","$","R","E","M","T","E","R","$","R","E","R","B",null,"M","AVR","M","$","M","R","M","M"],"character_chosen":"IRONCLAD","items_purchased":["Rupture","Ice Cream","Chrysalis","Rampage+1","BloodPotion"],"campfire_rested":0,"item_purchase_floors":[5,12,12,21,21],"current_hp_per_floor":[79,79,79,79,79,79,58,64,64,56,56,71,71,77,77,30,80,55,55,40,55,42,42,20,0,0],"gold":25,"neow_bonus":"RANDOM_EVENT","is_daily":false,"chose_seed":false,"campfire_upgraded":3,"win_rate":0.0,"timestamp":1610550256,"path_taken":["M","?","?","?","$","R","E","M","T","E","R","$","R","E","R","BOSS","M","AVR","?","?","M","R","M","M"],"items_purchased_type":["Card","Relic","Card","Card","Potion"],"build_version":"2020-12-22","purchased_purges":0,"victory":false,"max_hp_per_floor":[80,80,80,80,80,80,80,80,80,80,80,80,80,80,80,80,80,80,80,80,80,80,80,80,80,80],"card_choices":[{"not_picked":["Run Through","Pommel Strike"],"picked":"Searing Blow","floor":1},{"not_picked":["Second Wind","Disarm"],"picked":"BarbarianYell","floor":7},{"not_picked":["Armaments","Wild Strike"],"picked":"Whirlwind","floor":8},{"not_picked":["Uppercut","Run Through"],"picked":"Sword Boomerang","floor":10},{"not_picked":["Warcry","Second Wind"],"picked":"hubris:ReadiedAction","floor":14},{"not_picked":["Feed","Impervious"],"picked":"Exhume","floor":16},{"not_picked":["Wild Strike+1","Iron Wave+1"],"picked":"Thunderclap+1","floor":18},{"not_picked":["Pommel Strike+1","Headbutt+1"],"picked":"Havoc+1","floor":20},{"not_picked":["Corruption","Replay:Undeath\u0027s Touch+1","Wild Strike+1"],"picked":"SKIP","floor":22},{"not_picked":["Run Through+1","hubris:ReadiedAction"],"picked":"Dual Wield","floor":24}],"player_experience":233101,"relics_obtained":[{"floor":7,"key":"Paper Frog"},{"floor":9,"key":"MealTicket"},{"floor":10,"key":"hubris:SlimyHat"},{"floor":14,"key":"Art of War"},{"floor":17,"key":"CCEMRelics:JestersCrown"},{"floor":17,"key":"Molten Egg 2"},{"floor":17,"key":"Torii"}],"event_choices":[{"damage_healed":0,"gold_gain":0,"player_choice":"1 cards matched","damage_taken":0,"max_hp_gain":0,"max_hp_loss":0,"event_name":"Match and Keep!","floor":4,"gold_loss":0,"cards_obtained":["Blood for Blood"]}],"is_beta":false,"boss_relics":[{"not_picked":["conspire:SeveredTorchhead","Velvet Choker"],"picked":"Calling Bell"}],"items_purged_floors":[],"is_endless":false,"potions_floor_spawned":[1,8,14,22,24],"killed_by":"Centurion and Healer","ascension_level":0}}