{"host":"22s5scuj7mu87reg","time":1610559097,"event":{"mods":["BaseMod","Colored Powertips","Dota2Spire","Downfall","Duelist Mod","GungeonMod","Halation","Hubris","Koishi","KomeijiMod","Minty Spire (QoL Compilation)","Replay The Spire","StSLib","SuperFastMode","The Jungle","The Mystic","The Necromancer","Wandering Minibosses"],"gold_per_floor":[119,119,133,133,144,173,173,173,173,98,98,98,114,130,130,231,231,186,144,44,44,60,60,92,92,92,92,92,108,123,134,134,235,235,1048,1048,1048,1058,995,995,1008,1021,1021,1021,1037,1064,502,514,514,514],"floor_reached":51,"language":"POL","playtime":2821,"items_purged":["Defend_R","Defend_R","Looming Evil"],"score":974,"play_id":"6028080c-a716-465d-bd78-ae8d90810656","local_time":"20210113183137","is_ascension_mode":false,"campfire_choices":[{"floor":8.0,"key":"REST"},{"data":"Flex","floor":12.0,"key":"SMITH"},{"data":"Second Wind","floor":15.0,"key":"SMITH"},{"data":"Barricade","floor":23.0,"key":"SMITH"},{"floor":25,"key":"REST"},{"floor":28,"key":"REST"},{"data":"Demon Form","floor":32,"key":"SMITH"},{"floor":40,"key":"REST"},{"data":"Limit Break","floor":44,"key":"SMITH"},{"data":"Fire Breathing","floor":44,"key":"SMITH"},{"floor":49,"key":"REST"}],"circlet_count":0,"master_deck":["Strike_R+1","Strike_R","Defend_R","Defend_R","Bash","Massacre+1","Second Wind+1","Flex+1","Replay:Undeath\u0027s Touch","Barricade+1","Body Slam+1","Demon Form+1","Replay:Undeath\u0027s Touch+1","Pommel Strike+1","Limit Break+1","CurseOfTheBell","Fire Breathing+1","Spot Weakness"],"relics":["Black Blood","Another Sword","halation:PinkSoulGem","Dota2Spire:Butterfly","ReplayFunnel","Replay:Grab Bag","Painkiller Herb","ReplayTheSpireMod:DimensionalGlitch","Dota2Spire:UrnOfShadows","DemoMod:PinkGuonStone","halation:BottledLove","Calling Bell","MealTicket","Molten Egg 2","DemoMod:NanoMachines","wanderingMiniBosses:MasterThiefsPresence","Ring of Peace","Golden Egg","Replay:Arrowhead","Red Skull","Dota2Spire:AssaultCuirass","ReplayTheSpireMod:Spearhead"],"acts_visited":["Exordium","TheCity","TheBeyond"],"potions_floor_usage":[24,50],"damage_taken":[{"damage":7.0,"enemies":"Small Slimes","floor":1.0,"turns":5.0},{"damage":12.0,"enemies":"Cultist","floor":3.0,"turns":5.0},{"damage":0.0,"enemies":"2 Louse","floor":5.0,"turns":3.0},{"damage":17.0,"enemies":"3 Sentries","floor":6.0,"turns":7.0},{"damage":12.0,"enemies":"Blue Slaver","floor":13.0,"turns":3.0},{"damage":0.0,"enemies":"Exordium Wildlife","floor":14.0,"turns":3.0},{"damage":12.0,"enemies":"Slime Boss","floor":16.0,"turns":6.0},{"damage":8.0,"enemies":"3 Byrds","floor":18.0,"turns":5.0},{"damage":30.0,"enemies":"Chosen","floor":19.0,"turns":8.0},{"damage":0.0,"enemies":"Centurion and Healer","floor":22.0,"turns":3.0},{"damage":28,"enemies":"Slavers","floor":24,"turns":7},{"damage":18,"enemies":"Chosen and Byrds","floor":29,"turns":4},{"damage":6,"enemies":"Snecko","floor":30,"turns":3},{"damage":6,"enemies":"Centurion and Healer","floor":31,"turns":4},{"damage":24,"enemies":"Pondfish","floor":33,"turns":8},{"damage":46,"enemies":"3 Shapes","floor":35,"turns":5},{"damage":8,"enemies":"3 Darklings","floor":38,"turns":4},{"damage":11,"enemies":"Jaw Worm Horde","floor":41,"turns":4},{"damage":0,"enemies":"Maw","floor":42,"turns":5},{"damage":9,"enemies":"3 Darklings","floor":45,"turns":4},{"damage":4,"enemies":"R_Hoarder","floor":46,"turns":7},{"damage":21,"enemies":"Sphere and 2 Shapes","floor":48,"turns":5},{"damage":0,"enemies":"hubris:GrandSnecko","floor":50,"turns":8}],"seed_played":"-1414304457655206766","potions_obtained":[{"floor":3.0,"key":"Venom Potion"},{"floor":13.0,"key":"PowerPotion"},{"floor":14.0,"key":"Energy Potion"},{"floor":16.0,"key":"Dota2Spire:Clarity"},{"floor":19.0,"key":"LifebloodPotion"},{"floor":29,"key":"Weak Potion"},{"floor":42,"key":"SteroidPotion"}],"is_trial":false,"path_per_floor":["M","?","M","?","M","E","?","R","T","$","T","R","M","M","R","B",null,"?","?","T","?","?","T","E","T","T","T","T","?","?","?","T","B",null,"?","?","?","?","?","T","?","?","T","T","?","E","T","?","T","B",null],"character_chosen":"IRONCLAD","items_purchased":["Dota2Spire:AssaultCuirass","ReplayTheSpireMod:Spearhead"],"campfire_rested":5,"item_purchase_floors":[47,47],"current_hp_per_floor":[55,55,49,33,39,28,28,52,52,52,52,52,46,52,52,46,80,78,54,54,39,45,45,23,48,55,55,82,70,70,70,70,52,92,52,52,52,54,54,81,80,86,86,86,83,88,92,77,92,92],"gold":514,"neow_bonus":"TRANSFORM_TWO_CARDS","is_daily":false,"chose_seed":false,"campfire_upgraded":6,"win_rate":0.0,"timestamp":1610559097,"path_taken":["M","?","?","?","M","E","?","R","T","$","?","R","M","?","R","BOSS","?","?","T","?","?","T","E","T","T","?","T","?","?","?","T","BOSS","?","?","?","?","?","T","?","?","T","T","?","E","T","?","T","BOSS"],"items_purchased_type":["Relic","Relic"],"build_version":"2020-12-13","purchased_purges":3,"victory":true,"max_hp_per_floor":[80,80,80,80,80,80,80,80,80,80,80,80,80,80,80,80,80,80,80,80,85,85,85,85,85,92,92,92,92,92,92,92,92,92,92,92,92,92,92,92,92,92,92,92,92,92,92,92,92,92],"card_choices":[{"not_picked":["Twin Strike","ReplayTheSpireMod:Strike From Hell"],"picked":"Flex","floor":1.0},{"not_picked":["Heavy Blade","Run Through","Twin Strike"],"picked":"SKIP","floor":3.0},{"not_picked":["Armaments","Whirlwind","ReplayTheSpireMod:LeadingStrike"],"picked":"SKIP","floor":5.0},{"not_picked":["Cleave","Replay:Many Hands","Dark Embrace"],"picked":"SKIP","floor":6.0},{"not_picked":["Clash","Perfected Strike","Disarm"],"picked":"SKIP","floor":13.0},{"not_picked":["Rampage","DemoMod:WhiteBlade","DemoMod:BlackBlade"],"picked":"SKIP","floor":14.0},{"not_picked":["Replay:Many Hands","Double Tap"],"picked":"Barricade","floor":16.0},{"not_picked":["Perfected Strike+1","Twin Strike","Replay:Undeath\u0027s Touch"],"picked":"SKIP","floor":18.0},{"not_picked":["Rage+1","Cleave","Ghostly Armor"],"picked":"SKIP","floor":19.0},{"not_picked":["Run Through","Heavy Blade"],"picked":"Body Slam+1","floor":22.0},{"not_picked":["Blood for Blood","Shrug It Off+1"],"picked":"Demon Form","floor":24},{"not_picked":["ReplayTheSpireMod:Stacked","Pommel Strike"],"picked":"Replay:Undeath\u0027s Touch+1","floor":29},{"not_picked":["Clothesline+1","Sever Soul","hubris:SharpeningStone"],"picked":"SKIP","floor":30},{"not_picked":["Iron Wave","Body Slam"],"picked":"Pommel Strike+1","floor":31},{"not_picked":["Double Tap","Juggernaut"],"picked":"Limit Break","floor":33},{"not_picked":["Twin Strike+1","Iron Wave+1","Perfected Strike+1"],"picked":"SKIP","floor":35},{"not_picked":["Reckless Charge+1","Pommel Strike+1"],"picked":"Fire Breathing","floor":38},{"not_picked":["Anger+1","Heavy Blade+1","Pommel Strike+1"],"picked":"SKIP","floor":41},{"not_picked":["Heavy Blade+1","Sword Boomerang+1","ReplayTheSpireMod:Strike From Hell+1"],"picked":"SKIP","floor":42},{"not_picked":["Anger+1","ReplayTheSpireMod:LeadingStrike+1","Pommel Strike+1"],"picked":"SKIP","floor":45},{"not_picked":["Rage","ReplayTheSpireMod:LeadingStrike+1"],"picked":"Spot Weakness","floor":46},{"not_picked":["Reaper+1","Flame Barrier+1","Metallicize"],"picked":"SKIP","floor":48}],"player_experience":91408,"relics_obtained":[{"floor":6.0,"key":"Another Sword"},{"floor":9.0,"key":"Dota2Spire:Butterfly"},{"floor":11.0,"key":"ReplayFunnel"},{"floor":24,"key":"Dota2Spire:UrnOfShadows"},{"floor":26,"key":"DemoMod:PinkGuonStone"},{"floor":27,"key":"halation:BottledLove"},{"floor":34,"key":"MealTicket"},{"floor":34,"key":"Molten Egg 2"},{"floor":34,"key":"DemoMod:NanoMachines"},{"floor":35,"key":"wanderingMiniBosses:MasterThiefsPresence"},{"floor":37,"key":"Ring of Peace"},{"floor":43,"key":"Replay:Arrowhead"},{"floor":46,"key":"Red Skull"}],"event_choices":[{"damage_healed":0.0,"max_hp_gain":0.0,"max_hp_loss":0.0,"gold_gain":0.0,"cards_transformed":["Strike_R"],"event_name":"Transmorgrifier","player_choice":"Transformed","floor":2.0,"gold_loss":0.0,"damage_taken":0.0,"cards_obtained":["Replay:Undeath\u0027s Touch"]},{"damage_healed":0.0,"max_hp_gain":0.0,"max_hp_loss":0.0,"gold_gain":0.0,"event_name":"Shining Light","player_choice":"Entered Light","floor":4.0,"gold_loss":0.0,"damage_taken":16.0,"cards_upgraded":["Massacre","Strike_R"]},{"damage_healed":0.0,"max_hp_gain":5.0,"max_hp_loss":0.0,"gold_gain":0.0,"event_name":"Forgotten Altar","player_choice":"Shed Blood","floor":21.0,"gold_loss":0.0,"damage_taken":20.0},{"damage_healed":0,"gold_gain":0,"player_choice":"Ignored","damage_taken":0,"max_hp_gain":0,"max_hp_loss":0,"event_name":"Tomb of Lord Red Mask","floor":36,"gold_loss":0},{"damage_healed":0,"gold_gain":0,"player_choice":"Paid Gold","damage_taken":0,"relics_obtained":["Golden Egg"],"max_hp_gain":0,"max_hp_loss":0,"event_name":"WeMeetAgain","floor":39,"gold_loss":63}],"is_beta":false,"boss_relics":[{"not_picked":["Dota2Spire:Bloodstone","halation:HeavySnake"],"picked":"Replay:Grab Bag"},{"not_picked":["Replay:Fungal Core","Ectoplasm"],"picked":"Painkiller Herb"},{"not_picked":["ReplayTheSpireMod:Onyx Gauntlets","hubris:CrackedHourglass"],"picked":"ReplayTheSpireMod:DimensionalGlitch"},{"not_picked":["halation:LoveArrow","hubris:ScarierMask"],"picked":"Black Blood"},{"not_picked":["Replay:Ancient Bell","halation:MonkeysPaw"],"picked":"Calling Bell"}],"items_purged_floors":[10,20,47],"is_endless":false,"potions_floor_spawned":[3,13,14,16,19,29,30,31,35,38,41,42],"ascension_level":0}}