{"host":"4ek4eq5z32z3zgvw","time":1610508806,"event":{"mods":["2.2 Compatiblity","AchievementEnabler","Act Like it!","AlwaysNeverKeys","Aspiration","BaseMod","Better Match","Better Note","Better Sensory Stone","Better Third Choice","BetterRewards","Block Reminder","Colored Map","Colored Powertips","DeckTracker","Defuse TimeMaze Blight","Downfall","Energized Spire","Halation","Hubris","Infinite Spire","Minty Spire (QoL Compilation)","Permanent Neow","Quick Restart","Rare Cards Sparkle","Relic Filter","Relic Sorter","Replay The Spire","Shop Mod","Spikes Relics","StSLib","SuperFastMode","Synergy Search","Unceasing Turn Reminder","UnlockEverythingMod","egg","vexMod"],"gold_per_floor":[116,8,20,68,68,68,68],"floor_reached":6,"language":"ENG","playtime":171,"items_purged":[],"score":68,"play_id":"1aa11ef0-4990-4aad-885d-f8ea66fcb852","local_time":"20210112213326","is_ascension_mode":true,"campfire_choices":[],"circlet_count":0,"master_deck":["AscendersBane","Strike_B","Strike_B","Strike_B","Strike_B","Defend_B","Defend_B","Defend_B","Defend_B","Zap","Dualcast","Meteor Strike","Time Bomb","Panic Button","Cold Snap","Self Repair","Burn+1"],"relics":["Cracked Core","vexMod:BerryBomb"],"acts_visited":["Exordium"],"potions_floor_usage":[],"damage_taken":[{"damage":7,"enemies":"Jaw Worm","floor":1,"turns":3},{"damage":6,"enemies":"Small Slimes","floor":3,"turns":3},{"damage":33,"enemies":"Gremlin Nob","floor":6,"turns":3}],"seed_played":"8685084492609344051","potions_obtained":[],"is_trial":false,"path_per_floor":["M","$","M","?","?","E"],"character_chosen":"DEFECT","items_purchased":["Panic Button","Cold Snap"],"campfire_rested":0,"item_purchase_floors":[2,2],"current_hp_per_floor":[57,57,51,29,29,0,0],"gold":68,"neow_bonus":"ONE_RANDOM_RARE_CARD","is_daily":false,"chose_seed":false,"campfire_upgraded":0,"win_rate":0.0,"timestamp":1610508806,"path_taken":["M","$","M","?","?","E"],"items_purchased_type":["Card","Card"],"build_version":"2020-12-22","purchased_purges":0,"victory":false,"max_hp_per_floor":[71,71,71,77,77,77,77],"card_choices":[{"not_picked":["Loop","BasicCrystalCard"],"picked":"Time Bomb","floor":1},{"not_picked":["Aggregate","Melter","Streamline"],"picked":"SKIP","floor":3},{"not_picked":["Streamline","ReplayTheSpireMod:Repulse"],"picked":"Self Repair","floor":4}],"player_experience":596911,"relics_obtained":[{"floor":4,"key":"vexMod:BerryBomb"}],"event_choices":[{"damage_healed":29,"gold_gain":0,"player_choice":"Embrace Burn","damage_taken":0,"max_hp_gain":0,"max_hp_loss":77,"event_name":"betterThird:BetterShining","floor":5,"gold_loss":0}],"is_beta":false,"boss_relics":[],"items_purged_floors":[],"is_endless":false,"potions_floor_spawned":[],"killed_by":"Gremlin Nob","ascension_level":20}}