{"host":"m1hsm1cztz438mir","time":1610549957,"event":{"mods":["2.2 Compatiblity","AchievementEnabler","Act Like it!","BaseMod","Better Altar","Better Match","Better Note","Better Sensory Stone","Better Skull","Better Third Choice","Colored Map","Minty Spire (QoL Compilation)","Relic Stats","Replay The Spire","Shop Mod","StSLib"],"gold_per_floor":[119,134,39,39,39,64,90,90,90,135,100,100,100,134,134,244,244,266,26,26,52,72,72,112,136,161,163,163],"floor_reached":27,"language":"ENG","playtime":1627,"items_purged":[],"score":356,"play_id":"2b953fd1-2ce9-4caf-b17e-18d61acfdcb0","local_time":"20210113145917","is_ascension_mode":true,"campfire_choices":[{"data":"ReplayGash","floor":8,"key":"SMITH"},{"data":"Hologram","floor":12,"key":"SMITH"},{"floor":15,"key":"REST"},{"floor":23,"key":"REST"}],"circlet_count":0,"master_deck":["Zap","Dualcast","Capacitor","BasicCrystalCard","ReplayGash+1","Hologram+1","Auto Shields+1","BasicCrystalCard","Barrage","Heatsinks","Turbo","Electrodynamics","Loop","Streamline","Reinforced Body","Coolheaded","Double Energy","Glacier","Heatsinks+1","Sickly","Ball Lightning","ReplayTheSpireMod:GoodbyeWorld+1","Darkness","Ball Lightning+1"],"relics":["Cracked Core","NeowsBlessing","Solar Panel","Replay:Bandana","Eternal Feather","Torii","Dead Branch","Pandora\u0027s Box","Frozen Egg 2","Golden Egg","Nunchaku","Akabeko"],"acts_visited":["Exordium","TheCity"],"potions_floor_usage":[14,16,24],"damage_taken":[{"damage":0,"enemies":"Cultist","floor":1,"turns":1},{"damage":0,"enemies":"Small Slimes","floor":2,"turns":1},{"damage":0,"enemies":"Lagavulin","floor":6,"turns":1},{"damage":4,"enemies":"Jaw Worm","floor":7,"turns":4},{"damage":37,"enemies":"Gremlin Nob","floor":10,"turns":5},{"damage":23,"enemies":"Lagavulin","floor":14,"turns":7},{"damage":24,"enemies":"Slime Boss","floor":16,"turns":8},{"damage":1,"enemies":"Spheric Guardian","floor":18,"turns":4},{"damage":12,"enemies":"3 Byrds","floor":21,"turns":2},{"damage":37,"enemies":"Shelled Parasite and Fungi","floor":22,"turns":7},{"damage":39,"enemies":"Slavers","floor":24,"turns":4},{"damage":10,"enemies":"Snecko","floor":25,"turns":6},{"damage":10,"enemies":"Book of Stabbing","floor":27,"turns":1}],"seed_played":"-2712648668415547351","potions_obtained":[{"floor":2,"key":"SkillPotion"},{"floor":7,"key":"Dexterity Potion"},{"floor":10,"key":"Ancient Potion"},{"floor":16,"key":"GamblersBrew"}],"is_trial":false,"path_per_floor":["M","M","$","?","?","E","M","R","T","E","?","R","?","E","R","B",null,"M","$","?","M","M","R","E","M","T","E"],"character_chosen":"DEFECT","items_purchased":["ReplayGash","Hologram","Frozen Egg 2"],"campfire_rested":2,"item_purchase_floors":[3,3,19],"current_hp_per_floor":[68,68,68,43,43,45,47,47,47,12,30,39,32,15,46,26,63,62,62,62,54,23,57,18,10,10,0,0],"gold":163,"neow_bonus":"THREE_ENEMY_KILL","is_daily":false,"chose_seed":false,"campfire_upgraded":2,"win_rate":0.0,"timestamp":1610549957,"path_taken":["M","M","?","?","?","E","M","R","T","E","?","R","?","E","R","BOSS","M","$","?","M","M","R","E","M","T","E"],"items_purchased_type":["Card","Card","Relic"],"build_version":"2020-12-22","purchased_purges":0,"victory":false,"max_hp_per_floor":[75,75,75,75,75,75,75,75,75,75,75,75,75,75,75,75,75,75,75,75,75,75,75,75,75,75,75,75],"relic_stats":{"Nunchaku":[0],"Torii":14,"counters":[13,51],"Dead Branch":[25],"Eternal Feather":30,"Pandora\u0027s Box":["Loop","Streamline","Reinforced Body","Coolheaded","Double Energy","Glacier"],"obtain_stats":[{"Solar Panel":4,"Golden Egg":20,"Replay:Bandana":6,"Nunchaku":24,"NeowsBlessing":0,"Torii":10,"Dead Branch":14,"Eternal Feather":9,"Pandora\u0027s Box":17,"Frozen Egg 2":19,"Cracked Core":0,"Akabeko":26},{"Solar Panel":2,"Golden Egg":8,"Replay:Bandana":3,"Nunchaku":11,"NeowsBlessing":0,"Torii":5,"Dead Branch":6,"Eternal Feather":4,"Pandora\u0027s Box":7,"Frozen Egg 2":8,"Cracked Core":0,"Akabeko":12},{"Solar Panel":2,"Golden Egg":31,"Replay:Bandana":3,"Nunchaku":44,"NeowsBlessing":0,"Torii":12,"Dead Branch":19,"Eternal Feather":7,"Pandora\u0027s Box":27,"Frozen Egg 2":31,"Cracked Core":0,"Akabeko":50}]},"card_choices":[{"not_picked":["Cold Snap","Blizzard"],"picked":"Capacitor","floor":1},{"not_picked":["Redo","Streamline"],"picked":"BasicCrystalCard","floor":2},{"not_picked":["Panic Button","Auto Shields"],"picked":"BasicCrystalCard","floor":6},{"not_picked":["Rebound","Go for the Eyes"],"picked":"Barrage","floor":7},{"not_picked":["Beam Cell","Capacitor"],"picked":"Heatsinks","floor":10},{"not_picked":["Leap","Compile Driver"],"picked":"Turbo","floor":14},{"not_picked":["Reboot","Hyperbeam"],"picked":"Electrodynamics","floor":16},{"not_picked":["Panic Button","Sweeping Beam"],"picked":"Heatsinks+1","floor":18},{"not_picked":["ReplayTheSpireMod:System Scan","Conserve Battery"],"picked":"Ball Lightning","floor":21},{"not_picked":["Redo","ReplaySort+1"],"picked":"ReplayTheSpireMod:GoodbyeWorld+1","floor":22},{"not_picked":["Hyperbeam","Time Bomb+1"],"picked":"Darkness","floor":24},{"not_picked":["Steam","Sunder"],"picked":"Ball Lightning+1","floor":25}],"player_experience":267275,"relics_obtained":[{"floor":6,"key":"Replay:Bandana"},{"floor":9,"key":"Eternal Feather"},{"floor":10,"key":"Torii"},{"floor":14,"key":"Dead Branch"},{"floor":24,"key":"Nunchaku"},{"floor":26,"key":"Akabeko"}],"event_choices":[{"damage_healed":0,"gold_gain":0,"player_choice":"Relic ","damage_taken":25,"max_hp_gain":0,"max_hp_loss":0,"event_name":"betterThird:BetterScrap","floor":4,"gold_loss":0,"cards_obtained":["Caltrops"]},{"damage_healed":18,"gold_gain":0,"player_choice":"Healed","damage_taken":0,"max_hp_gain":0,"max_hp_loss":0,"event_name":"The Cleric","floor":11,"gold_loss":35},{"cards_removed":["Strike_B"],"damage_healed":0,"gold_gain":0,"player_choice":"Card Removal","damage_taken":7,"max_hp_gain":0,"max_hp_loss":0,"event_name":"Golden Wing","floor":13,"gold_loss":0}],"is_beta":false,"boss_relics":[{"not_picked":["Abe\u0027s Treasure","Painkiller Herb"],"picked":"Pandora\u0027s Box"}],"items_purged_floors":[],"is_endless":false,"potions_floor_spawned":[2,7,10,16],"killed_by":"Book of Stabbing","ascension_level":6}}