{"host":"c97twqu0op5dg8i4","time":1610502078,"event":{"mods":["AchievementEnabler","BaseMod","Colored Map","Minty Spire (QoL Compilation)","Permanent Neow"],"gold_per_floor":[19,36,36,36,36,64,64,78,78,107,120,131,158,173,173,277,277,297,297,312,82,101,101,134,153,178,178,205,205,218,245,2,2,100,100,118,468,468,468,487,487,487,487],"floor_reached":42,"language":"ENG","playtime":3525,"items_purged":["Strike_P","Strike_P"],"score":695,"play_id":"9d2bb36b-806d-4c1d-b8ce-b6c57d2e19a3","local_time":"20210112204118","is_ascension_mode":true,"campfire_choices":[{"data":"SashWhip","floor":7,"key":"SMITH"},{"data":"FollowUp","floor":15,"key":"SMITH"},{"floor":23,"key":"REST"},{"floor":29,"key":"REST"},{"data":"LessonLearned","floor":33,"key":"SMITH"},{"floor":41,"key":"REST"}],"circlet_count":0,"master_deck":["Strike_P+1","Defend_P","Defend_P","Defend_P+1","Defend_P+1","Eruption+1","Vigilance","BowlingBash","Protect","SashWhip+1","DeceiveReality","FollowUp+1","FollowUp+1","Conclude","CrushJoints","LessonLearned+1","FlyingSleeves+1","BattleHymn","Establishment","Protect","MentalFortress"],"relics":["PureWater","FossilizedHelix","Mummified Hand","Damaru","Regal Pillow","Orichalcum","SlaversCollar","Toy Ornithopter","Unceasing Top","Dream Catcher","Potion Belt","Ice Cream","Art of War","Strawberry","Fusion Hammer","Old Coin"],"acts_visited":["Exordium","TheCity","TheBeyond"],"potions_floor_usage":[10,20,20,25,28,34,34,40,42],"damage_taken":[{"damage":0,"enemies":"Cultist","floor":1,"turns":3},{"damage":0,"enemies":"2 Louse","floor":2,"turns":2},{"damage":18,"enemies":"Lagavulin","floor":6,"turns":8},{"damage":0,"enemies":"Jaw Worm","floor":8,"turns":3},{"damage":0,"enemies":"Gremlin Nob","floor":10,"turns":3},{"damage":0,"enemies":"Exordium Wildlife","floor":11,"turns":5},{"damage":0,"enemies":"Red Slaver","floor":12,"turns":1},{"damage":0,"enemies":"3 Sentries","floor":13,"turns":3},{"damage":0,"enemies":"3 Louse","floor":14,"turns":3},{"damage":0,"enemies":"Slime Boss","floor":16,"turns":6},{"damage":0,"enemies":"2 Thieves","floor":18,"turns":2},{"damage":41,"enemies":"3 Byrds","floor":20,"turns":6},{"damage":9,"enemies":"Centurion and Healer","floor":22,"turns":4},{"damage":6,"enemies":"Gremlin Leader","floor":24,"turns":4},{"damage":24,"enemies":"Cultist and Chosen","floor":25,"turns":5},{"damage":2,"enemies":"Slavers","floor":28,"turns":6},{"damage":8,"enemies":"Snake Plant","floor":30,"turns":3},{"damage":67,"enemies":"Collector","floor":34,"turns":9},{"damage":0,"enemies":"Orb Walker","floor":36,"turns":4},{"damage":30,"enemies":"Mind Bloom Boss Battle","floor":37,"turns":6},{"damage":0,"enemies":"3 Darklings","floor":40,"turns":4},{"damage":43,"enemies":"Giant Head","floor":42,"turns":8}],"seed_played":"-5940566883293052482","potions_obtained":[{"floor":2,"key":"LiquidMemories"},{"floor":8,"key":"Energy Potion"},{"floor":10,"key":"DuplicationPotion"},{"floor":11,"key":"BlessingOfTheForge"},{"floor":22,"key":"PowerPotion"},{"floor":24,"key":"LiquidBronze"},{"floor":25,"key":"BlessingOfTheForge"},{"floor":28,"key":"SkillPotion"},{"floor":36,"key":"Explosive Potion"},{"floor":40,"key":"DuplicationPotion"}],"is_trial":false,"path_per_floor":["M","M","?","?","$","E","R","M","T","E","M","M","E","M","R","B",null,"M","?","M","$","M","R","E","M","T","T","E","R","M","T","$","R","B",null,"M","?","?","?","M","R","E"],"character_chosen":"WATCHER","items_purchased":["Toy Ornithopter","Strawberry"],"campfire_rested":3,"item_purchase_floors":[21,32],"current_hp_per_floor":[72,72,72,72,72,54,54,54,54,54,54,54,54,54,54,54,68,68,68,27,27,18,54,48,29,29,29,32,68,60,60,67,67,10,62,62,32,32,32,37,75,37,37],"gold":487,"neow_bonus":"ONE_RARE_RELIC","is_daily":false,"chose_seed":false,"campfire_upgraded":3,"win_rate":0.0,"timestamp":1610502078,"path_taken":["M","?","?","?","?","E","R","M","T","E","M","M","E","?","R","BOSS","M","?","M","$","?","R","E","M","T","T","E","R","M","?","?","R","BOSS","M","?","?","?","?","R","E"],"items_purchased_type":["Relic","Relic"],"build_version":"2020-12-22","purchased_purges":2,"victory":false,"max_hp_per_floor":[72,72,72,72,72,72,72,72,72,72,72,72,72,72,72,72,72,72,72,72,72,72,72,72,72,72,72,72,72,72,72,79,79,79,79,79,79,79,79,79,79,79,79],"card_choices":[{"not_picked":["ThirdEye","LikeWater"],"picked":"BowlingBash","floor":1},{"not_picked":["Prostrate","Collect"],"picked":"Protect","floor":2},{"not_picked":["Wireheading","JustLucky"],"picked":"SashWhip","floor":6},{"not_picked":["Perseverance","BowlingBash"],"picked":"DeceiveReality","floor":8},{"not_picked":["Meditate","Perseverance"],"picked":"FollowUp","floor":10},{"not_picked":["Fasting2","FlurryOfBlows"],"picked":"FollowUp","floor":11},{"not_picked":["Swivel","FearNoEvil"],"picked":"Conclude","floor":12},{"not_picked":["Worship","Ragnarok"],"picked":"CrushJoints","floor":13},{"not_picked":["FlurryOfBlows","JustLucky","SignatureMove"],"picked":"SKIP","floor":14},{"not_picked":["Devotion","MasterReality"],"picked":"LessonLearned","floor":16},{"not_picked":["Prostrate","ClearTheMind","FollowUp"],"picked":"SKIP","floor":18},{"not_picked":["WaveOfTheHand","PathToVictory","Prostrate"],"picked":"SKIP","floor":20},{"not_picked":["Nirvana+1","ForeignInfluence"],"picked":"FlyingSleeves+1","floor":22},{"not_picked":["Sanctity+1","JustLucky+1","Prostrate"],"picked":"SKIP","floor":24},{"not_picked":["FollowUp","Prostrate","Crescendo"],"picked":"SKIP","floor":25},{"not_picked":["Prostrate","Pray","Meditate"],"picked":"SKIP","floor":28},{"not_picked":["ClearTheMind","Wireheading"],"picked":"BattleHymn","floor":30},{"not_picked":["ConjureBlade","DevaForm"],"picked":"Establishment","floor":34},{"not_picked":["EmptyBody+1","CrushJoints+1","FollowUp"],"picked":"SKIP","floor":36},{"not_picked":["Halt","BowlingBash+1"],"picked":"Protect","floor":37},{"not_picked":["WreathOfFlame","JustLucky+1","Wireheading"],"picked":"SKIP","floor":40}],"player_experience":239303,"relics_obtained":[{"floor":6,"key":"Mummified Hand"},{"floor":9,"key":"Damaru"},{"floor":10,"key":"Regal Pillow"},{"floor":13,"key":"Orichalcum"},{"floor":24,"key":"Unceasing Top"},{"floor":26,"key":"Dream Catcher"},{"floor":27,"key":"Potion Belt"},{"floor":28,"key":"Ice Cream"},{"floor":31,"key":"Art of War"},{"floor":37,"key":"Old Coin"}],"event_choices":[{"damage_healed":0,"gold_gain":0,"player_choice":"Ignored","damage_taken":0,"max_hp_gain":0,"max_hp_loss":0,"event_name":"Liars Game","floor":3,"gold_loss":0},{"damage_healed":0,"gold_gain":0,"player_choice":"Grow","damage_taken":0,"max_hp_gain":0,"max_hp_loss":0,"event_name":"Living Wall","floor":4,"gold_loss":0,"cards_upgraded":["Eruption"]},{"damage_healed":0,"gold_gain":0,"player_choice":"Bought 0 Potions","damage_taken":0,"max_hp_gain":0,"max_hp_loss":0,"event_name":"The Woman in Blue","floor":19,"gold_loss":0},{"damage_healed":0,"gold_gain":0,"player_choice":"Fight","damage_taken":0,"max_hp_gain":0,"max_hp_loss":0,"event_name":"MindBloom","floor":37,"gold_loss":0},{"damage_healed":0,"gold_gain":0,"player_choice":"Memory 1","damage_taken":0,"max_hp_gain":0,"max_hp_loss":0,"event_name":"SensoryStone","floor":38,"gold_loss":0},{"damage_healed":0,"gold_gain":0,"cards_transformed":["Strike_P"],"player_choice":"Transformed","damage_taken":0,"max_hp_gain":0,"max_hp_loss":0,"event_name":"Transmorgrifier","floor":39,"gold_loss":0,"cards_obtained":["MentalFortress"]}],"is_beta":false,"boss_relics":[{"not_picked":["Pandora\u0027s Box","HolyWater"],"picked":"SlaversCollar"},{"not_picked":["Runic Pyramid","Coffee Dripper"],"picked":"Fusion Hammer"}],"items_purged_floors":[21,32],"is_endless":false,"potions_floor_spawned":[2,8,10,11,13,22,24,25,28,36,40],"killed_by":"Giant Head","ascension_level":5}}