{"host":"6h0diz2ap0m56grs","time":1610522132,"event":{"mods":["2.2 Compatiblity","BaseMod","Colored Map","Marisa????????","Minty Spire (QoL Compilation)","Quick Restart","Replay The Spire","Shop Mod","StSLib","The Servant 0.9.4"],"gold_per_floor":[112,131,131,131,27,61,73,73,73,101,101,129,129,157,157,157,157],"floor_reached":16,"language":"ENG","playtime":596,"items_purged":[],"score":185,"play_id":"4d48670d-20a4-4a36-886e-d2e165265740","local_time":"20210113011532","daily_mods":["SealedDeck","Heirloom","Time Dilation","Flight"],"is_ascension_mode":true,"campfire_choices":[{"data":"Catalyst","floor":8,"key":"SMITH"},{"data":"Replay:Poison Smokescreen","floor":11,"key":"SMITH"},{"data":"Noxious Fumes","floor":13,"key":"SMITH"},{"data":"Draining Mist","floor":15,"key":"SMITH"}],"circlet_count":0,"master_deck":["Poisoned Stab","Poisoned Stab+1","PiercingWail","Bane","Sneak Up","Dodge and Roll","Noxious Fumes+1","Dash","Sneak Up","Footwork","Catalyst+1","Footwork","Draining Mist+1","Replay:Poison Smokescreen+1","Leg Sweep","Leg Sweep"],"relics":["Snecko Eye","Ring of Chaos","replay:Trail_Library","Gambling Chip","Turnip","Girya","Omamori","Replay:Wax Seal","ReplayFunnel"],"acts_visited":["Exordium"],"potions_floor_usage":[12],"damage_taken":[{"damage":0,"enemies":"Jaw Worm","floor":1,"turns":3},{"damage":0,"enemies":"2 Louse","floor":2,"turns":3},{"damage":0,"enemies":"3 Sentries","floor":6,"turns":6},{"damage":0,"enemies":"Cultist","floor":7,"turns":3},{"damage":7,"enemies":"Lagavulin","floor":10,"turns":6},{"damage":16,"enemies":"3 Sentries","floor":12,"turns":5},{"damage":0,"enemies":"Gremlin Nob","floor":14,"turns":3},{"damage":0,"enemies":"Fading Forest","floor":16,"turns":5}],"seed_played":"-5588490460062074877","potions_obtained":[{"floor":7,"key":"Milkshake"},{"floor":10,"key":"ColorlessPotion"},{"floor":12,"key":"Energy Potion"}],"is_trial":true,"path_per_floor":["M","M","?","?","$","E","M","R","T","E","R","E","R","E","R","B"],"character_chosen":"THE_SILENT","items_purchased":["Catalyst","Footwork"],"campfire_rested":0,"item_purchase_floors":[5,5],"current_hp_per_floor":[70,70,70,70,70,70,70,70,70,63,63,47,47,47,47,57,57],"gold":157,"neow_bonus":"","is_daily":false,"chose_seed":false,"campfire_upgraded":4,"win_rate":0.0,"timestamp":1610522132,"path_taken":["M","M","?","?","$","E","?","R","T","E","R","E","R","E","R","BOSS"],"items_purchased_type":["Card","Card"],"build_version":"2020-12-22","purchased_purges":0,"victory":false,"max_hp_per_floor":[70,70,70,70,70,70,70,70,70,70,70,70,70,70,70,70,70],"card_choices":[{"not_picked":["Flying Knee","Dagger Throw","Prepared"],"picked":"SKIP","floor":1},{"not_picked":["Hidden Blade","Cloak And Dagger","Quick Slash"],"picked":"SKIP","floor":2},{"not_picked":["Underhanded Strike","Quick Slash"],"picked":"Draining Mist","floor":6},{"not_picked":["Calculated Gamble","ReplayTheSpireMod:Shiv Toss","ReplayTheSpireMod:Tripwire"],"picked":"SKIP","floor":7},{"not_picked":["Caltrops","Poisoned Stab","Cloak And Dagger"],"picked":"SKIP","floor":10},{"not_picked":["Calculated Gamble","Outmaneuver"],"picked":"Leg Sweep","floor":12},{"not_picked":["Doppelganger","Finisher"],"picked":"Leg Sweep","floor":14}],"player_experience":189939,"relics_obtained":[{"floor":6,"key":"Turnip"},{"floor":9,"key":"Girya"},{"floor":10,"key":"Omamori"},{"floor":12,"key":"Replay:Wax Seal"},{"floor":14,"key":"ReplayFunnel"}],"event_choices":[{"damage_healed":0,"gold_gain":0,"player_choice":"Ignored","damage_taken":0,"max_hp_gain":0,"max_hp_loss":0,"event_name":"Transmorgrifier","floor":4,"gold_loss":0}],"is_beta":false,"boss_relics":[],"items_purged_floors":[],"is_endless":false,"potions_floor_spawned":[7,10,12],"killed_by":"Fading Forest","ascension_level":1}}