{"host":"llpusn9usp8rznkj","time":1610511540,"event":{"mods":["2.2 Compatiblity","Aspiration","BaseMod","Colored Map","Colored Powertips","Conspire","Hubris","Minty Spire (QoL Compilation)","Quick Restart","Rare Cards Sparkle","Replay The Spire","StSLib","The Cursed"],"gold_per_floor":[113,56,56,72,72,100,118,118,118,136,167,167,167,187,187,264,264,276,276,276,276],"floor_reached":20,"language":"ENG","playtime":499,"items_purged":[],"score":414,"play_id":"4f92373c-133e-47b9-a50b-1e646b5900e6","local_time":"20210112231900","is_ascension_mode":true,"campfire_choices":[{"data":"Carnage","floor":8.0,"key":"SMITH"},{"data":"Flex","floor":13.0,"key":"SMITH"},{"data":"Demon Form","floor":15.0,"key":"SMITH"}],"circlet_count":0,"master_deck":["AscendersBane","Strike_R+1","Strike_R","Strike_R","Strike_R+1","Defend_R","Defend_R","Defend_R","Defend_R","Bash","Pummel","Rampage+1","Disarm","Flex+1","Carnage+1","Anger","Thunderclap","Demon Form+1","Limit Break"],"relics":["Burning Blood","NeowsBlessing","CultistMask","Simple Rune","Self Forming Clay","hubris:DeckOfHolding","Letter Opener","aspiration:SilentSkillbook","hubris:Icosahedron"],"acts_visited":["Exordium","TheCity"],"potions_floor_usage":[],"damage_taken":[{"damage":0.0,"enemies":"Cultist","floor":1.0,"turns":1.0},{"damage":0.0,"enemies":"Small Slimes","floor":4.0,"turns":1.0},{"damage":0.0,"enemies":"Gremlin Nob","floor":6.0,"turns":1.0},{"damage":8.0,"enemies":"2 Louse","floor":7.0,"turns":3.0},{"damage":1.0,"enemies":"Lots of Slimes","floor":10.0,"turns":4.0},{"damage":12.0,"enemies":"3 Sentries","floor":11.0,"turns":4.0},{"damage":7.0,"enemies":"2 Fungi Beasts","floor":14.0,"turns":3.0},{"damage":41.0,"enemies":"Hexaghost","floor":16.0,"turns":7.0},{"damage":11.0,"enemies":"Spheric Guardian","floor":18.0,"turns":3.0},{"damage":0,"enemies":"3 Byrds","floor":20,"turns":1}],"seed_played":"-6106932964497704875","potions_obtained":[{"floor":4.0,"key":"PowerPotion"},{"floor":7.0,"key":"GamblersBrew"},{"floor":14.0,"key":"Venom Potion"}],"is_trial":false,"path_per_floor":["M","$","?","M","?","E","M","R","T","M","E","?","R","M","R","B",null,"M","?","M"],"character_chosen":"IRONCLAD","items_purchased":["Rampage+1"],"campfire_rested":0,"item_purchase_floors":[2],"current_hp_per_floor":[74,74,74,75,75,75,73,73,73,75,69,69,69,68,68,33,65,60,60,60,60],"gold":276,"neow_bonus":"THREE_ENEMY_KILL","is_daily":false,"chose_seed":false,"campfire_upgraded":3,"win_rate":0.0,"timestamp":1610511540,"path_taken":["M","$","?","?","?","E","M","R","T","?","E","?","R","?","R","BOSS","M","?","M"],"items_purchased_type":["Card"],"build_version":"2020-12-22","purchased_purges":0,"victory":false,"max_hp_per_floor":[75,75,75,75,75,75,75,75,75,75,75,75,75,75,75,75,75,75,75,75,75],"card_choices":[{"not_picked":["Twin Strike","Armaments"],"picked":"Pummel","floor":1.0},{"not_picked":["Shrug It Off","ReplayTheSpireMod:Strike From Hell"],"picked":"Disarm","floor":4.0},{"not_picked":["Run Through","Infernal Blade"],"picked":"Flex","floor":6.0},{"not_picked":["Replay:Undeath\u0027s Touch","Twin Strike"],"picked":"Carnage","floor":7.0},{"not_picked":["Power Through","Twin Strike"],"picked":"Anger","floor":10.0},{"not_picked":["Clothesline","Second Wind"],"picked":"Thunderclap","floor":11.0},{"not_picked":["Clash","Heavy Blade"],"picked":"Demon Form","floor":14.0},{"not_picked":["Replay:Many Hands","Juggernaut"],"picked":"Limit Break","floor":16.0},{"not_picked":["hubris:TrickCloak","Heavy Blade","ReplayTheSpireMod:LeadingStrike+1","Hemokinesis"],"picked":"SKIP","floor":18.0}],"player_experience":1141687,"relics_obtained":[{"floor":5.0,"key":"Simple Rune"},{"floor":6.0,"key":"Self Forming Clay"},{"floor":9.0,"key":"hubris:DeckOfHolding"},{"floor":11.0,"key":"Letter Opener"}],"event_choices":[{"damage_healed":0.0,"max_hp_gain":0.0,"max_hp_loss":0.0,"gold_gain":0.0,"event_name":"FaceTrader","player_choice":"Trade","floor":3.0,"gold_loss":0.0,"damage_taken":0.0,"relics_obtained":["CultistMask"]},{"damage_healed":0.0,"max_hp_gain":0.0,"max_hp_loss":0.0,"gold_gain":0.0,"event_name":"Wheel of Change","player_choice":"Relic","floor":5.0,"gold_loss":0.0,"damage_taken":0.0},{"cards_removed":["Strike_R"],"damage_healed":0.0,"max_hp_gain":0.0,"max_hp_loss":0.0,"gold_gain":0.0,"event_name":"Purifier","player_choice":"Purged","floor":12.0,"gold_loss":0.0,"damage_taken":0.0}],"is_beta":false,"boss_relics":[{"not_picked":["Black Blood","hubris:CrackedHourglass"],"picked":"aspiration:SilentSkillbook"}],"items_purged_floors":[],"is_endless":false,"potions_floor_spawned":[4,7,14],"killed_by":"3 Byrds","ascension_level":20}}