{"host":"sav7uxregyirlf69","time":1610538987,"event":{"mods":["AchievementEnabler","BaseMod","Colored Map","DeckTracker","Keyboard Shortcuts","Minty Spire (QoL Compilation)","READ ME - Guardian Mod","StSLib","SuperFastMode"],"gold_per_floor":[10,25,25,43,57,90,90,102,152,77,102,112,112,129,129,206,206,226,242,257,257,307,307,335,335,361,374,391,407,407,439,439,514,514,533,1532,1586,1597,1616,1633,1633,1633,1660,1680,1709,1722,1110,1110,1110,1110,1110,1110,1110,80,109,109,109],"floor_reached":56,"language":"KOR","playtime":1297,"items_purged":["Strike_G","Deadly Poison","Expertise"],"score":1991,"play_id":"7305deb4-183f-4bea-b398-8cac01461be0","local_time":"20210113205627","is_ascension_mode":true,"campfire_choices":[{"data":"Finisher","floor":7.0,"key":"SMITH"},{"data":"Accuracy","floor":13.0,"key":"SMITH"},{"data":"Blade Dance","floor":15.0,"key":"SMITH"},{"data":"Terror","floor":23.0,"key":"SMITH"},{"data":"Adrenaline","floor":25.0,"key":"SMITH"},{"data":"Phantasmal Killer","floor":30.0,"key":"SMITH"},{"floor":32.0,"key":"REST"},{"floor":41.0,"key":"REST"},{"floor":49.0,"key":"RECALL"},{"data":"Well Laid Plans","floor":53.0,"key":"SMITH"}],"circlet_count":0,"master_deck":["AscendersBane","Survivor","Neutralize","Blur","Accuracy+1","Blade Dance+1","Masterful Stab+1","Deflect","Finisher+1","Escape Plan","Blade Dance","After Image","Phantasmal Killer+1","Masterful Stab+1","Calculated Gamble","Adrenaline+1","After Image","Accuracy","Terror+1","Footwork","After Image","Escape Plan","Cloak And Dagger+1","Thinking Ahead","PiercingWail","Well Laid Plans+1","Flash of Steel","Master of Strategy","Tactician"],"relics":["Ring of the Snake","CultistMask","Pen Nib","Bronze Scales","Mercury Hourglass","Pandora\u0027s Box","Whetstone","Omamori","Pocketwatch","WristBlade","Thread and Needle","FossilizedHelix","Bottled Tornado","Juzu Bracelet","Medical Kit","Bag of Preparation","Art of War","CaptainsWheel"],"acts_visited":["Exordium","TheCity","TheBeyond","TheEnding"],"potions_floor_usage":[],"damage_taken":[{"damage":1.0,"enemies":"2 Louse","floor":1.0,"turns":6.0},{"damage":1.0,"enemies":"Cultist","floor":2.0,"turns":4.0},{"damage":0.0,"enemies":"Small Slimes","floor":4.0,"turns":1.0},{"damage":3.0,"enemies":"Looter","floor":5.0,"turns":2.0},{"damage":26.0,"enemies":"Lagavulin","floor":6.0,"turns":6.0},{"damage":0.0,"enemies":"2 Fungi Beasts","floor":8.0,"turns":1.0},{"damage":0.0,"enemies":"Gremlin Nob","floor":11.0,"turns":1.0},{"damage":0.0,"enemies":"Exordium Wildlife","floor":12.0,"turns":1.0},{"damage":0.0,"enemies":"Looter","floor":14.0,"turns":1.0},{"damage":14.0,"enemies":"Slime Boss","floor":16.0,"turns":5.0},{"damage":0.0,"enemies":"Chosen","floor":18.0,"turns":3.0},{"damage":0.0,"enemies":"Spheric Guardian","floor":19.0,"turns":2.0},{"damage":0.0,"enemies":"Centurion and Healer","floor":20.0,"turns":3.0},{"damage":15.0,"enemies":"Book of Stabbing","floor":24.0,"turns":3.0},{"damage":9.0,"enemies":"Shelled Parasite and Fungi","floor":27.0,"turns":4.0},{"damage":10.0,"enemies":"Snecko","floor":28.0,"turns":3.0},{"damage":0.0,"enemies":"Cultist and Chosen","floor":29.0,"turns":3.0},{"damage":18.0,"enemies":"Slavers","floor":31.0,"turns":5.0},{"damage":3.0,"enemies":"Champ","floor":33.0,"turns":5.0},{"damage":0.0,"enemies":"3 Darklings","floor":35.0,"turns":2.0},{"damage":7.0,"enemies":"2 Orb Walkers","floor":37.0,"turns":3.0},{"damage":0.0,"enemies":"3 Shapes","floor":38.0,"turns":2.0},{"damage":5.0,"enemies":"Jaw Worm Horde","floor":39.0,"turns":2.0},{"damage":13.0,"enemies":"Spire Growth","floor":40.0,"turns":3.0},{"damage":0.0,"enemies":"4 Shapes","floor":44.0,"turns":3.0},{"damage":0.0,"enemies":"Giant Head","floor":45.0,"turns":4.0},{"damage":0.0,"enemies":"Transient","floor":46.0,"turns":6.0},{"damage":22.0,"enemies":"Donu and Deca","floor":50.0,"turns":7.0},{"damage":12.0,"enemies":"Time Eater","floor":51.0,"turns":5.0},{"damage":23.0,"enemies":"Shield and Spear","floor":55.0,"turns":3.0},{"damage":34,"enemies":"The Heart","floor":56,"turns":5}],"seed_played":"-2027739285946361942","potions_obtained":[{"floor":1.0,"key":"Dexterity Potion"},{"floor":6.0,"key":"SneckoOil"},{"floor":8.0,"key":"Block Potion"},{"floor":16.0,"key":"PowerPotion"},{"floor":20.0,"key":"Regen Potion"},{"floor":27.0,"key":"ColorlessPotion"},{"floor":28.0,"key":"Fruit Juice"},{"floor":33.0,"key":"DuplicationPotion"},{"floor":38.0,"key":"Block Potion"},{"floor":40.0,"key":"SteroidPotion"}],"is_trial":false,"path_per_floor":["M","M","?","M","M","E","R","M","T","$","E","M","R","M","R","B",null,"M","M","M","?","?","R","E","R","T","M","M","M","R","E","R","B",null,"M","?","?","M","M","M","R","?","T","M","E","M","$","?","R","B","B",null,"R","$","E","B"],"character_chosen":"THE_SILENT","items_purchased":["Well Laid Plans","Bottled Tornado","Juzu Bracelet","Medical Kit","Bag of Preparation","Art of War","Flash of Steel","Master of Strategy","Weak Potion","Tactician"],"campfire_rested":2,"item_purchase_floors":[47,47,47,54,54,54,54,54,54,54],"current_hp_per_floor":[58,57,57,57,54,28,28,28,28,28,28,28,28,28,28,14,53,53,53,53,53,53,53,38,38,38,41,31,31,31,13,32,29,57,57,57,50,55,50,37,58,48,48,48,48,48,48,48,48,26,14,57,57,57,34,0,0],"gold":109,"neow_bonus":"TRANSFORM_TWO_CARDS","is_daily":false,"chose_seed":false,"campfire_upgraded":7,"win_rate":0.0,"timestamp":1610538987,"path_taken":["M","M","?","M","M","E","R","M","T","$","E","M","R","M","R","BOSS","M","M","M","?","?","R","E","R","T","M","M","M","R","E","R","BOSS","M","?","?","M","M","M","R","?","T","M","E","M","$","?","R","BOSS","BOSS","R","$","E","BOSS"],"items_purchased_type":["Card","Relic","Relic","Relic","Relic","Relic","Card","Card","Potion","Card"],"build_version":"2020-12-22","purchased_purges":3,"victory":false,"max_hp_per_floor":[66,66,66,66,66,66,66,66,66,66,66,66,66,66,66,66,66,66,66,66,66,66,66,66,66,66,66,66,66,66,66,66,66,66,66,66,66,71,71,71,71,71,71,71,71,71,71,71,71,71,71,71,71,71,71,71,71],"card_choices":[{"not_picked":["Bane","Dodge and Roll"],"picked":"Blade Dance","floor":1.0},{"not_picked":["Dagger Throw","Sucker Punch"],"picked":"Masterful Stab","floor":2.0},{"not_picked":["Burst","Reflex"],"picked":"Quick Slash","floor":4.0},{"not_picked":["Deadly Poison","Calculated Gamble"],"picked":"Deflect","floor":5.0},{"not_picked":["All Out Attack","Footwork"],"picked":"Finisher","floor":6.0},{"not_picked":["Dash","Finisher"],"picked":"Escape Plan","floor":8.0},{"not_picked":["Eviscerate","PiercingWail"],"picked":"Blade Dance","floor":11.0},{"not_picked":["Underhanded Strike","Slice","Deadly Poison"],"picked":"SKIP","floor":12.0},{"not_picked":["Dagger Throw","Sucker Punch"],"picked":"After Image","floor":14.0},{"not_picked":["Unload","Malaise"],"picked":"Phantasmal Killer","floor":16.0},{"not_picked":["Tactician","Dagger Spray","Dodge and Roll"],"picked":"SKIP","floor":18.0},{"not_picked":["Dodge and Roll","Slice"],"picked":"Terror","floor":19.0},{"not_picked":["Distraction","Bane","Accuracy"],"picked":"SKIP","floor":20.0},{"not_picked":["Tools of the Trade","Noxious Fumes","Blur"],"picked":"SKIP","floor":24.0},{"not_picked":["Heel Hook","Bane"],"picked":"Footwork","floor":27.0},{"not_picked":["Slice","Underhanded Strike","Cloak And Dagger"],"picked":"SKIP","floor":28.0},{"not_picked":["Poisoned Stab","Blade Dance","Slice"],"picked":"SKIP","floor":29.0},{"not_picked":["Wraith Form v2","Skewer"],"picked":"After Image","floor":31.0},{"not_picked":["Quick Slash","Dodge and Roll"],"picked":"Escape Plan","floor":35.0},{"not_picked":["Choke","Skewer","Accuracy"],"picked":"SKIP","floor":38.0},{"not_picked":["Masterful Stab+1","PiercingWail+1"],"picked":"Cloak And Dagger+1","floor":39.0},{"not_picked":["Noxious Fumes+1","Calculated Gamble","Outmaneuver"],"picked":"SKIP","floor":40.0},{"not_picked":["Blind","Good Instincts"],"picked":"Thinking Ahead","floor":42.0},{"not_picked":["Crippling Poison","Dodge and Roll"],"picked":"PiercingWail","floor":44.0},{"not_picked":["Dodge and Roll","PiercingWail+1","Riddle With Holes"],"picked":"SKIP","floor":45.0},{"not_picked":["PiercingWail+1","Dagger Throw+1","Distraction+1"],"picked":"SKIP","floor":46.0},{"not_picked":["Quick Slash+1","Doppelganger","Distraction"],"picked":"SKIP","floor":55.0}],"player_experience":1269025,"relics_obtained":[{"floor":6.0,"key":"Pen Nib"},{"floor":9.0,"key":"Bronze Scales"},{"floor":11.0,"key":"Mercury Hourglass"},{"floor":24.0,"key":"Whetstone"},{"floor":26.0,"key":"Omamori"},{"floor":31.0,"key":"Pocketwatch"},{"floor":37.0,"key":"Thread and Needle"},{"floor":45.0,"key":"FossilizedHelix"},{"floor":55.0,"key":"CaptainsWheel"}],"event_choices":[{"damage_healed":0.0,"max_hp_gain":0.0,"max_hp_loss":0.0,"gold_gain":0.0,"event_name":"FaceTrader","player_choice":"Trade","floor":3.0,"gold_loss":0.0,"damage_taken":0.0,"relics_obtained":["CultistMask"]},{"damage_healed":0.0,"max_hp_gain":0.0,"max_hp_loss":0.0,"gold_gain":0.0,"event_name":"The Mausoleum","player_choice":"Ignored","floor":21.0,"gold_loss":0.0,"damage_taken":0.0},{"damage_healed":0.0,"max_hp_gain":0.0,"max_hp_loss":0.0,"gold_gain":50.0,"event_name":"Nest","player_choice":"Stole From Cult","floor":22.0,"gold_loss":0.0,"damage_taken":0.0},{"damage_healed":0.0,"max_hp_gain":0.0,"max_hp_loss":0.0,"gold_gain":999.0,"event_name":"MindBloom","player_choice":"Gold","floor":36.0,"gold_loss":0.0,"damage_taken":0.0,"cards_obtained":["Normality","Normality"]},{"damage_healed":0.0,"max_hp_gain":0.0,"max_hp_loss":0.0,"gold_gain":0.0,"event_name":"Mysterious Sphere","player_choice":"Fight","floor":37.0,"gold_loss":0.0,"damage_taken":0.0},{"damage_healed":0.0,"max_hp_gain":0.0,"max_hp_loss":0.0,"gold_gain":0.0,"event_name":"SensoryStone","player_choice":"Memory 3","floor":42.0,"gold_loss":0.0,"damage_taken":10.0},{"cards_removed":["Quick Slash"],"damage_healed":0.0,"max_hp_gain":0.0,"max_hp_loss":0.0,"gold_gain":0.0,"event_name":"Falling","player_choice":"Removed Attack","floor":48.0,"gold_loss":0.0,"damage_taken":0.0}],"is_beta":false,"boss_relics":[{"not_picked":["Fusion Hammer","Runic Dome"],"picked":"Pandora\u0027s Box"},{"not_picked":["Astrolabe","Ring of the Serpent"],"picked":"WristBlade"}],"items_purged_floors":[10,47,54],"is_endless":false,"potions_floor_spawned":[1,6,8,11,14,16,19,20,27,28,33,38,40],"killed_by":"The Heart","ascension_level":20}}