{"host":"i0avyit1s6jb1siw","time":1610531385,"event":{"mods":["BaseMod","DeckTracker","Dota2Spire","Highlight Path","Minty Spire (QoL Compilation)","Quick Restart","StSLib","SuperFastMode"],"gold_per_floor":[109,184,459,215,235,252,252,269,269,303,303,332,361,88,88,162,162,179,179,179,191,205,205,205,230,255,255,255],"floor_reached":27,"language":"ENG","playtime":641,"items_purged":["Regret"],"score":478,"play_id":"7ba43968-3504-47b9-8ad4-9e7cb398a1d6","local_time":"20210113104945","is_ascension_mode":true,"campfire_choices":[{"data":"Blade Dance","floor":7,"key":"SMITH"},{"data":"Predator","floor":11,"key":"SMITH"},{"floor":15,"key":"REST"},{"floor":23,"key":"REST"}],"circlet_count":0,"master_deck":["AscendersBane","Strike_G","Strike_G","Strike_G","Strike_G","Strike_G","Defend_G","Defend_G","Defend_G","Defend_G","Defend_G","Survivor","Neutralize","Backstab","Blade Dance+1","Flying Knee","Predator+1","A Thousand Cuts","Cloak And Dagger","Bouncing Flask","Malaise","Escape Plan","Necronomicurse","Decay","Footwork+1","Leg Sweep","Calculated Gamble","Tactician"],"relics":["Ring of the Snake","NeowsBlessing","Centennial Puzzle","Dream Catcher","Dota2Spire:LinkenSphere","Eternal Feather","Odd Mushroom","Ninja Scroll","Runic Pyramid","Necronomicon","Dota2Spire:BladeMail","Tiny Chest"],"acts_visited":["Exordium","TheCity"],"potions_floor_usage":[10,12,21,25],"damage_taken":[{"damage":0,"enemies":"Cultist","floor":1,"turns":1},{"damage":0,"enemies":"Jaw Worm","floor":5,"turns":1},{"damage":0,"enemies":"Small Slimes","floor":6,"turns":1},{"damage":1,"enemies":"2 Fungi Beasts","floor":8,"turns":4},{"damage":6,"enemies":"Gremlin Nob","floor":10,"turns":3},{"damage":25,"enemies":"Lagavulin","floor":12,"turns":6},{"damage":21,"enemies":"The Mushroom Lair","floor":13,"turns":3},{"damage":23,"enemies":"The Guardian","floor":16,"turns":10},{"damage":8,"enemies":"Chosen","floor":18,"turns":5},{"damage":12,"enemies":"Shell Parasite","floor":21,"turns":5},{"damage":0,"enemies":"Centurion and Healer","floor":22,"turns":6},{"damage":40,"enemies":"Book of Stabbing","floor":25,"turns":6},{"damage":11,"enemies":"Cultist and Chosen","floor":27,"turns":8}],"seed_played":"3157309583696847851","potions_obtained":[{"floor":6,"key":"CunningPotion"},{"floor":8,"key":"Regen Potion"},{"floor":13,"key":"LiquidMemories"},{"floor":16,"key":"ColorlessPotion"}],"is_trial":false,"path_per_floor":["M","?","?","$","M","M","R","M","T","E","R","E","?","$","R","B",null,"M","?","?","M","M","R","?","E","T","M"],"character_chosen":"THE_SILENT","items_purchased":["Centennial Puzzle","Ninja Scroll"],"campfire_rested":2,"item_purchase_floors":[4,14],"current_hp_per_floor":[59,48,48,48,48,48,48,47,47,41,41,31,10,10,38,15,53,45,24,24,12,12,46,46,6,6,0,0],"gold":255,"neow_bonus":"THREE_ENEMY_KILL","is_daily":false,"chose_seed":false,"campfire_upgraded":2,"win_rate":0.0,"timestamp":1610531385,"path_taken":["M","?","?","$","?","M","R","M","T","E","R","E","?","$","R","BOSS","M","?","?","M","M","R","?","E","T","M"],"items_purchased_type":["Relic","Relic"],"build_version":"2020-12-22","purchased_purges":1,"victory":false,"max_hp_per_floor":[66,66,66,66,66,66,66,66,66,66,66,66,66,66,66,66,66,66,66,66,66,66,66,66,66,66,66,66],"card_choices":[{"not_picked":["Underhanded Strike","Poisoned Stab"],"picked":"Backstab","floor":1},{"not_picked":["Blur","Bane","Underhanded Strike"],"picked":"SKIP","floor":5},{"not_picked":["Heel Hook","Backflip"],"picked":"Blade Dance","floor":6},{"not_picked":["Bane","Outmaneuver"],"picked":"Flying Knee","floor":8},{"not_picked":["Terror","Noxious Fumes"],"picked":"Predator","floor":10},{"not_picked":["Bane","Storm of Steel"],"picked":"A Thousand Cuts","floor":12},{"not_picked":["Deflect","Infinite Blades"],"picked":"Cloak And Dagger","floor":13},{"not_picked":["Tactician","Acrobatics"],"picked":"Bouncing Flask","floor":15},{"not_picked":["Burst","Night Terror"],"picked":"Malaise","floor":16},{"not_picked":["Deadly Poison+1","Setup"],"picked":"Escape Plan","floor":18},{"not_picked":["Cloak And Dagger","Riddle With Holes"],"picked":"Footwork+1","floor":21},{"not_picked":["Finisher","PiercingWail"],"picked":"Leg Sweep","floor":22},{"not_picked":["Slice","Blade Dance"],"picked":"Calculated Gamble","floor":23},{"not_picked":["Eviscerate","All Out Attack"],"picked":"Tactician","floor":25}],"player_experience":2222774,"relics_obtained":[{"floor":9,"key":"Dream Catcher"},{"floor":10,"key":"Dota2Spire:LinkenSphere"},{"floor":12,"key":"Eternal Feather"},{"floor":13,"key":"Odd Mushroom"},{"floor":19,"key":"Necronomicon"},{"floor":25,"key":"Dota2Spire:BladeMail"},{"floor":26,"key":"Tiny Chest"}],"event_choices":[{"damage_healed":0,"gold_gain":75,"player_choice":"Gather Gold","damage_taken":11,"max_hp_gain":0,"max_hp_loss":0,"event_name":"World of Goop","floor":2,"gold_loss":0},{"damage_healed":0,"gold_gain":275,"player_choice":"Desecrate","damage_taken":0,"max_hp_gain":0,"max_hp_loss":0,"event_name":"Golden Shrine","floor":3,"gold_loss":0,"cards_obtained":["Regret"]},{"damage_healed":0,"gold_gain":0,"player_choice":"Fought Mushrooms","damage_taken":0,"max_hp_gain":0,"max_hp_loss":0,"event_name":"Mushrooms","floor":13,"gold_loss":0},{"damage_healed":0,"gold_gain":0,"player_choice":"Obtained Book","damage_taken":21,"max_hp_gain":0,"max_hp_loss":0,"event_name":"Cursed Tome","floor":19,"gold_loss":0},{"damage_healed":0,"gold_gain":0,"player_choice":"Smashed Altar","damage_taken":0,"max_hp_gain":0,"max_hp_loss":0,"event_name":"Forgotten Altar","floor":20,"gold_loss":0,"cards_obtained":["Decay"]},{"damage_healed":0,"gold_gain":0,"player_choice":"Ignored","damage_taken":0,"max_hp_gain":0,"max_hp_loss":0,"event_name":"The Mausoleum","floor":24,"gold_loss":0}],"is_beta":false,"boss_relics":[{"not_picked":["HoveringKite","Ring of the Serpent"],"picked":"Runic Pyramid"}],"items_purged_floors":[4],"is_endless":false,"potions_floor_spawned":[6,8,13,16],"killed_by":"Cultist and Chosen","ascension_level":20}}