{"host":"x21cvmfdo17nyhii","time":1610572532,"event":{"mods":["AchievementEnabler","BaseMod","Colored Map","Colored Powertips","DeckTracker","Highlight Path","Minty Spire (QoL Compilation)","Quick Restart","Rare Cards Sparkle","SuperFastMode"],"gold_per_floor":[115,115,35,35,35,35,45,120,120,134,152,152,77,96,96,196,196,177,177,193,193,209,226,226,246,246,246,345,359,372,372,372,475,475,490,490,503,196,214,214,227,227,227,227,227],"floor_reached":44,"language":"ENG","playtime":3064,"items_purged":["Strike_R","Strike_R"],"score":452,"play_id":"9ff5a825-5dd5-4153-9180-0e8b66d9ce18","local_time":"20210113131532","is_ascension_mode":false,"campfire_choices":[{"data":"Body Slam","floor":6.0,"key":"SMITH"},{"data":"True Grit","floor":12.0,"key":"SMITH"},{"floor":15.0,"key":"REST"},{"floor":24.0,"key":"REST"},{"floor":27.0,"key":"REST"},{"floor":32.0,"key":"REST"},{"floor":40.0,"key":"REST"}],"circlet_count":0,"master_deck":["Strike_R+1","Strike_R","Strike_R","Defend_R","Defend_R","Defend_R","Defend_R","Bash+1","Body Slam+1","Shrug It Off","True Grit+1","Flame Barrier","Evolve","Exhume","Shrug It Off","Body Slam","Burning Pact+1","Warcry","Flame Barrier+1","Juggernaut","Parasite","Power Through+1"],"relics":["Cursed Key"],"acts_visited":["Exordium","TheCity","TheBeyond"],"potions_floor_usage":[41,44],"damage_taken":[{"damage":0.0,"enemies":"2 Louse","floor":1.0,"turns":2.0},{"damage":0.0,"enemies":"Small Slimes","floor":7.0,"turns":3.0},{"damage":1.0,"enemies":"Jaw Worm","floor":10.0,"turns":3.0},{"damage":0.0,"enemies":"Large Slime","floor":11.0,"turns":7.0},{"damage":4.0,"enemies":"Exordium Thugs","floor":14.0,"turns":5.0},{"damage":0.0,"enemies":"Hexaghost","floor":16.0,"turns":9.0},{"damage":9.0,"enemies":"2 Thieves","floor":18.0,"turns":4.0},{"damage":0.0,"enemies":"3 Byrds","floor":20.0,"turns":7.0},{"damage":6.0,"enemies":"Cultist and Chosen","floor":22.0,"turns":10.0},{"damage":48.0,"enemies":"Sentry and Sphere","floor":23.0,"turns":10.0},{"damage":10.0,"enemies":"Centurion and Healer","floor":25.0,"turns":10.0},{"damage":15.0,"enemies":"3 Cultists","floor":29.0,"turns":8.0},{"damage":20.0,"enemies":"Cultist and Chosen","floor":30.0,"turns":9.0},{"damage":49.0,"enemies":"Champ","floor":33.0,"turns":16.0},{"damage":29.0,"enemies":"3 Darklings","floor":35.0,"turns":7.0},{"damage":21.0,"enemies":"3 Shapes","floor":37.0,"turns":7.0},{"damage":9.0,"enemies":"Writhing Mass","floor":39.0,"turns":7.0},{"damage":32,"enemies":"Maw","floor":41,"turns":9},{"damage":22,"enemies":"Spire Growth","floor":44,"turns":4}],"seed_played":"8185389491254492287","potions_obtained":[{"floor":7.0,"key":"EntropicBrew"},{"floor":11.0,"key":"Swift Potion"},{"floor":18.0,"key":"EssenceOfSteel"},{"floor":23.0,"key":"DistilledChaos"},{"floor":25.0,"key":"DuplicationPotion"},{"floor":33.0,"key":"Dexterity Potion"},{"floor":37.0,"key":"SteroidPotion"},{"floor":39.0,"key":"GamblersBrew"}],"is_trial":false,"path_per_floor":["M","?","$","?","?","R","M","?","T","M","M","R","$","M","R","B",null,"M","?","M","?","M","M","R","M","T","R","?","M","M","?","R","B",null,"M","?","M","$","M","R","M","T","T","M"],"character_chosen":"IRONCLAD","items_purchased":["Shrug It Off","True Grit","Juggernaut","Fire Potion"],"campfire_rested":5,"item_purchase_floors":[3,3,38,38],"current_hp_per_floor":[80,64,64,69,69,69,69,58,58,57,57,57,57,53,78,78,85,76,76,76,76,70,22,47,37,37,62,62,47,27,27,52,3,85,56,56,35,35,26,51,19,19,19,0,0],"gold":227,"neow_bonus":"BOSS_RELIC","is_daily":false,"chose_seed":false,"campfire_upgraded":2,"win_rate":0.0,"timestamp":1610572532,"path_taken":["M","?","$","?","?","R","M","?","T","M","M","R","?","M","R","BOSS","M","?","M","?","?","M","R","M","T","R","?","M","M","?","R","BOSS","M","?","M","$","M","R","M","?","T","?"],"items_purchased_type":["Card","Card","Card","Potion"],"build_version":"2020-12-22","purchased_purges":2,"victory":false,"max_hp_per_floor":[80,80,80,85,85,85,85,85,85,85,85,85,85,85,85,85,85,85,85,85,85,85,85,85,85,85,85,85,85,85,85,85,85,85,85,85,85,85,85,85,85,85,85,85,85],"card_choices":[{"not_picked":["Rupture","Clothesline"],"picked":"Body Slam","floor":1.0},{"not_picked":["Flex","Heavy Blade"],"picked":"Flame Barrier","floor":7.0},{"not_picked":["Headbutt","Seeing Red","Rupture"],"picked":"SKIP","floor":10.0},{"not_picked":["Clash","Sever Soul"],"picked":"Evolve","floor":11.0},{"not_picked":["Disarm","Clash","Uppercut"],"picked":"SKIP","floor":14.0},{"not_picked":["Bludgeon","Demon Form"],"picked":"Exhume","floor":16.0},{"not_picked":["Cleave","Wild Strike+1","Headbutt"],"picked":"SKIP","floor":18.0},{"not_picked":["Headbutt","Whirlwind","Clothesline"],"picked":"SKIP","floor":20.0},{"not_picked":["Cleave","Armaments"],"picked":"Body Slam","floor":22.0},{"not_picked":["Reckless Charge","Bloodletting"],"picked":"Burning Pact+1","floor":23.0},{"not_picked":["Ghostly Armor","Armaments"],"picked":"Warcry","floor":25.0},{"not_picked":["Reaper","Anger"],"picked":"Flame Barrier+1","floor":29.0},{"not_picked":["Intimidate","Flex","Whirlwind"],"picked":"SKIP","floor":30.0},{"not_picked":["Battle Trance","Uppercut+1","Pommel Strike+1"],"picked":"SKIP","floor":35.0},{"not_picked":["Iron Wave","Twin Strike","Havoc+1"],"picked":"SKIP","floor":37.0},{"not_picked":["Body Slam","Wild Strike+1"],"picked":"Power Through+1","floor":39.0},{"not_picked":["Sword Boomerang","Armaments","Second Wind+1"],"picked":"SKIP","floor":41}],"player_experience":341863,"relics_obtained":[],"event_choices":[{"damage_healed":0.0,"max_hp_gain":0.0,"max_hp_loss":0.0,"gold_gain":0.0,"event_name":"Shining Light","player_choice":"Entered Light","floor":2.0,"gold_loss":0.0,"damage_taken":16.0,"cards_upgraded":["Bash","Strike_R"]},{"damage_healed":0.0,"max_hp_gain":5.0,"max_hp_loss":0.0,"gold_gain":0.0,"event_name":"Big Fish","player_choice":"Donut","floor":4.0,"gold_loss":0.0,"damage_taken":0.0},{"damage_healed":0.0,"max_hp_gain":0.0,"max_hp_loss":0.0,"gold_gain":0.0,"event_name":"Scrap Ooze","player_choice":"Fled","floor":5.0,"gold_loss":0.0,"damage_taken":0.0},{"damage_healed":0.0,"max_hp_gain":0.0,"max_hp_loss":0.0,"gold_gain":75.0,"event_name":"World of Goop","player_choice":"Gather Gold","floor":8.0,"gold_loss":0.0,"damage_taken":11.0},{"damage_healed":0.0,"max_hp_gain":0.0,"max_hp_loss":0.0,"gold_gain":0.0,"event_name":"The Mausoleum","player_choice":"Ignored","floor":19.0,"gold_loss":0.0,"damage_taken":0.0},{"damage_healed":0.0,"max_hp_gain":0.0,"max_hp_loss":0.0,"gold_gain":0.0,"event_name":"Match and Keep!","player_choice":"1 cards matched","floor":21.0,"gold_loss":0.0,"damage_taken":0.0,"cards_obtained":["Shrug It Off"]},{"damage_healed":0.0,"max_hp_gain":0.0,"max_hp_loss":0.0,"gold_gain":99.0,"event_name":"Nest","player_choice":"Stole From Cult","floor":28.0,"gold_loss":0.0,"damage_taken":0.0},{"damage_healed":0.0,"max_hp_gain":0.0,"max_hp_loss":0.0,"gold_gain":0.0,"event_name":"Vampires","player_choice":"Ignored","floor":31.0,"gold_loss":0.0,"damage_taken":0.0},{"damage_healed":0.0,"max_hp_gain":0.0,"max_hp_loss":0.0,"gold_gain":0.0,"event_name":"Tomb of Lord Red Mask","player_choice":"Ignored","floor":36.0,"gold_loss":0.0,"damage_taken":0.0}],"is_beta":false,"boss_relics":[{"not_picked":["Mark of Pain","Philosopher\u0027s Stone","Tiny House"]},{"not_picked":["Mark of Pain","Philosopher\u0027s Stone","Tiny House"]}],"items_purged_floors":[13,38],"is_endless":false,"potions_floor_spawned":[7,11,18,23,25,33,37,39],"killed_by":"Spire Growth","ascension_level":0}}