{"host":"nolo0osttpwefhwj","time":1610547999,"event":{"mods":["AchievementEnabler","BaseMod","Bestiary","Colored Powertips","Minty Spire (QoL Compilation)","Permanent Neow","Quick Restart","Relic Stats"],"gold_per_floor":[219,219,231,231,247,279,279,279,302,337,357,386,67,82,82,186,186,199,164,164,164,178,213,226,226,226,251,251,49,49,81,81,207,207,224,179,179,191,191,223,223,258,312,345,357,357,371,421,421,421,421,421,17,51,51],"floor_reached":56,"language":"ENG","playtime":5982,"items_purged":["Regret"],"score":1764,"play_id":"fc4499d9-1bd2-420a-8c58-e97ee0a96889","local_time":"20210113152639","is_ascension_mode":true,"campfire_choices":[{"floor":7,"key":"REST"},{"data":"Strike_G","floor":15,"key":"PURGE"},{"data":"Strike_G","floor":25,"key":"PURGE"},{"floor":30,"key":"REST"},{"floor":32,"key":"RECALL"},{"data":"Defend_G","floor":41,"key":"PURGE"},{"data":"Defend_G","floor":46,"key":"PURGE"},{"data":"Defend_G","floor":49,"key":"PURGE"},{"data":"Defend_G","floor":52,"key":"PURGE"}],"circlet_count":0,"master_deck":["Defend_G","Survivor","Neutralize+1","Footwork","Terror","Dodge and Roll","Cloak And Dagger","Footwork","Sucker Punch+1","Backflip","Apotheosis+1","Well Laid Plans","After Image","Prepared+1","Predator","Blade Dance","Dagger Throw","Acrobatics+1","Tactician+1","Dagger Throw+1","Blade Dance","Malaise","Blade Dance","Blade Dance","Madness","Madness","Caltrops","Dodge and Roll+1","Burst","Deflect","Backflip","Acrobatics+1","Prepared+1"],"relics":["Ring of the Snake","Ancient Tea Set","Ninja Scroll","Torii","Peace Pipe","Snake Skull","Fusion Hammer","Kunai","Bird Faced Urn","Red Mask","Toolbox","SlaversCollar","Pantograph","Whetstone","Omamori","Gremlin Horn","Incense Burner","Blue Candle","Medical Kit","Centennial Puzzle"],"acts_visited":["Exordium","TheCity","TheBeyond","TheEnding"],"potions_floor_usage":[10,12,12,16,40,45,55,55,55,55,55,55],"damage_taken":[{"damage":0,"enemies":"Cultist","floor":1,"turns":5},{"damage":3,"enemies":"Jaw Worm","floor":3,"turns":4},{"damage":0,"enemies":"Small Slimes","floor":5,"turns":3},{"damage":35,"enemies":"Gremlin Nob","floor":6,"turns":5},{"damage":6,"enemies":"Lagavulin","floor":10,"turns":9},{"damage":4,"enemies":"3 Louse","floor":11,"turns":5},{"damage":5,"enemies":"3 Sentries","floor":12,"turns":8},{"damage":0,"enemies":"Red Slaver","floor":14,"turns":4},{"damage":0,"enemies":"The Guardian","floor":16,"turns":11},{"damage":1,"enemies":"Chosen","floor":18,"turns":5},{"damage":6,"enemies":"2 Thieves","floor":19,"turns":5},{"damage":0,"enemies":"Chosen and Byrds","floor":22,"turns":7},{"damage":0,"enemies":"Book of Stabbing","floor":23,"turns":7},{"damage":10,"enemies":"Snecko","floor":24,"turns":8},{"damage":0,"enemies":"Masked Bandits","floor":27,"turns":6},{"damage":2,"enemies":"Slavers","floor":31,"turns":6},{"damage":0,"enemies":"Collector","floor":33,"turns":11},{"damage":0,"enemies":"Orb Walker","floor":35,"turns":3},{"damage":0,"enemies":"3 Darklings","floor":38,"turns":7},{"damage":0,"enemies":"Reptomancer","floor":40,"turns":8},{"damage":0,"enemies":"Nemesis","floor":42,"turns":5},{"damage":0,"enemies":"Reptomancer","floor":44,"turns":7},{"damage":0,"enemies":"Transient","floor":45,"turns":5},{"damage":7,"enemies":"Maw","floor":47,"turns":9},{"damage":0,"enemies":"Mind Bloom Boss Battle","floor":48,"turns":5},{"damage":31,"enemies":"Donu and Deca","floor":50,"turns":11},{"damage":19,"enemies":"Shield and Spear","floor":54,"turns":11},{"damage":28,"enemies":"The Heart","floor":55,"turns":9}],"seed_played":"2047910035691858271","potions_obtained":[{"floor":1,"key":"Explosive Potion"},{"floor":3,"key":"Dexterity Potion"},{"floor":11,"key":"LiquidBronze"},{"floor":14,"key":"AttackPotion"},{"floor":22,"key":"Strength Potion"},{"floor":23,"key":"EssenceOfSteel"},{"floor":31,"key":"PowerPotion"},{"floor":40,"key":"EssenceOfSteel"},{"floor":44,"key":"LiquidMemories"},{"floor":45,"key":"EntropicBrew"},{"floor":54,"key":"Fruit Juice"}],"is_trial":false,"path_per_floor":["M","?","M","?","M","E","R","?","T","E","M","E","$","M","R","B",null,"M","M","?","?","M","E","M","R","T","?","?","$","R","E","R","B",null,"M","$","?","M","?","E","R","E","T","E","M","R","M","?","R","B",null,"R","$","E","B",null],"character_chosen":"THE_SILENT","items_purchased":["Apotheosis","Well Laid Plans","Blade Dance","Toolbox","Blade Dance","Blue Candle","Medical Kit"],"campfire_rested":2,"item_purchase_floors":[13,13,29,29,36,53,53],"current_hp_per_floor":[70,70,67,42,42,7,28,28,28,22,18,13,13,13,13,13,56,55,49,49,49,49,49,39,39,39,45,32,32,54,58,58,66,73,75,75,66,74,74,75,75,75,75,75,75,75,75,75,75,47,68,68,68,59,62],"gold":51,"neow_bonus":"HUNDRED_GOLD","is_daily":false,"chose_seed":false,"campfire_upgraded":0,"win_rate":0.0,"timestamp":1610547999,"path_taken":["M","?","M","?","M","E","R","?","T","E","M","E","$","?","R","BOSS","M","M","?","?","?","E","M","R","T","?","?","$","R","E","R","BOSS","M","$","?","M","?","E","R","E","T","E","?","R","M","?","R","BOSS","R","$","E","BOSS"],"items_purchased_type":["Card","Card","Card","Relic","Card","Relic","Relic"],"build_version":"2020-12-22","purchased_purges":1,"victory":true,"max_hp_per_floor":[70,70,70,70,70,70,70,70,70,70,70,70,70,70,70,70,70,70,70,70,70,70,70,70,70,70,70,75,75,75,75,75,75,75,75,75,75,75,75,75,75,75,75,75,75,75,75,75,75,75,75,75,75,75,80],"relic_stats":{"Torii":12,"Gremlin Horn":[2,2],"counters":[28,189],"Blue Candle":[0],"Snake Skull":[2],"Whetstone":["Sucker Punch","Neutralize"],"Medical Kit":[2],"Peace Pipe":6,"Centennial Puzzle":[1],"Bird Faced Urn":[61],"Pantograph":16,"Kunai":[197],"obtain_stats":[{"Torii":6,"Gremlin Horn":44,"Blue Candle":53,"Snake Skull":12,"Omamori":43,"Incense Burner":48,"Whetstone":42,"Ancient Tea Set":2,"Medical Kit":53,"Peace Pipe":10,"SlaversCollar":34,"Centennial Puzzle":54,"Ninja Scroll":4,"Bird Faced Urn":26,"Pantograph":40,"Toolbox":29,"Fusion Hammer":17,"Red Mask":27,"Kunai":23,"Ring of the Snake":0},{"Torii":4,"Gremlin Horn":22,"Blue Candle":26,"Snake Skull":7,"Omamori":21,"Incense Burner":25,"Whetstone":21,"Ancient Tea Set":1,"Medical Kit":26,"Peace Pipe":5,"SlaversCollar":17,"Centennial Puzzle":27,"Ninja Scroll":2,"Bird Faced Urn":14,"Pantograph":20,"Toolbox":15,"Fusion Hammer":9,"Red Mask":15,"Kunai":13,"Ring of the Snake":0},{"Torii":17,"Gremlin Horn":139,"Blue Candle":169,"Snake Skull":39,"Omamori":132,"Incense Burner":158,"Whetstone":132,"Ancient Tea Set":5,"Medical Kit":169,"Peace Pipe":26,"SlaversCollar":109,"Centennial Puzzle":180,"Ninja Scroll":9,"Bird Faced Urn":86,"Pantograph":127,"Toolbox":92,"Fusion Hammer":54,"Red Mask":92,"Kunai":78,"Ring of the Snake":0}],"Ring of the Snake":[43]},"card_choices":[{"not_picked":["Catalyst","Quick Slash"],"picked":"Footwork","floor":1},{"not_picked":["Acrobatics","Eviscerate"],"picked":"Terror","floor":3},{"not_picked":["Acrobatics","PiercingWail"],"picked":"Dodge and Roll","floor":5},{"not_picked":["Slice","Blade Dance"],"picked":"Cloak And Dagger","floor":6},{"not_picked":["Deflect","Unload"],"picked":"Footwork","floor":10},{"not_picked":["Dodge and Roll","Setup"],"picked":"Sucker Punch","floor":11},{"not_picked":["Dagger Throw","Dodge and Roll"],"picked":"Backflip","floor":12},{"not_picked":["All Out Attack","Masterful Stab","Bane"],"picked":"SKIP","floor":14},{"not_picked":["Phantasmal Killer","Storm of Steel"],"picked":"After Image","floor":16},{"not_picked":["Slice","Deadly Poison"],"picked":"Prepared+1","floor":18},{"not_picked":["Flying Knee","Catalyst","Setup"],"picked":"SKIP","floor":19},{"not_picked":["All Out Attack+1","Dagger Throw","Flying Knee"],"picked":"SKIP","floor":22},{"not_picked":["All Out Attack+1","Flying Knee"],"picked":"Dagger Throw","floor":22},{"not_picked":["Die Die Die","Flying Knee"],"picked":"Acrobatics+1","floor":23},{"not_picked":["Eviscerate","Slice"],"picked":"Tactician+1","floor":24},{"not_picked":["Dagger Spray","PiercingWail+1"],"picked":"Dagger Throw+1","floor":27},{"not_picked":["Dagger Spray","Bane","PiercingWail"],"picked":"SKIP","floor":31},{"not_picked":["Glass Knife","After Image"],"picked":"Malaise","floor":33},{"not_picked":["Choke","Accuracy"],"picked":"Blade Dance","floor":35},{"not_picked":["Crippling Poison","Setup+1"],"picked":"Caltrops","floor":38},{"not_picked":["Backstab","Distraction"],"picked":"Dodge and Roll+1","floor":40},{"not_picked":["Accuracy","Blade Dance+1"],"picked":"Burst","floor":42},{"not_picked":["Backstab+1","Outmaneuver"],"picked":"Deflect","floor":44},{"not_picked":["All Out Attack","Expertise"],"picked":"Backflip","floor":45},{"not_picked":["Crippling Poison+1","Flechettes+1"],"picked":"Acrobatics+1","floor":47},{"not_picked":["Dodge and Roll","Sucker Punch"],"picked":"Prepared+1","floor":48},{"not_picked":["Distraction+1","Riddle With Holes","Leg Sweep"],"picked":"SKIP","floor":54}],"player_experience":208779,"relics_obtained":[{"floor":6,"key":"Torii"},{"floor":10,"key":"Peace Pipe"},{"floor":12,"key":"Snake Skull"},{"floor":23,"key":"Kunai"},{"floor":26,"key":"Bird Faced Urn"},{"floor":27,"key":"Red Mask"},{"floor":40,"key":"Pantograph"},{"floor":42,"key":"Whetstone"},{"floor":43,"key":"Omamori"},{"floor":44,"key":"Gremlin Horn"},{"floor":48,"key":"Incense Burner"},{"floor":54,"key":"Centennial Puzzle"}],"event_choices":[{"damage_healed":0,"gold_gain":0,"player_choice":"Box","damage_taken":0,"relics_obtained":["Ancient Tea Set"],"max_hp_gain":0,"max_hp_loss":0,"event_name":"Big Fish","floor":2,"gold_loss":0,"cards_obtained":["Regret"]},{"damage_healed":0,"gold_gain":0,"player_choice":"Success","damage_taken":25,"relics_obtained":["Ninja Scroll"],"max_hp_gain":0,"max_hp_loss":0,"event_name":"Scrap Ooze","floor":4,"gold_loss":0},{"cards_removed":["Strike_G"],"damage_healed":0,"gold_gain":0,"player_choice":"Offered Basic","damage_taken":0,"max_hp_gain":0,"max_hp_loss":0,"event_name":"Bonfire Elementals","floor":8,"gold_loss":0},{"damage_healed":0,"gold_gain":0,"cards_transformed":["Strike_G","Strike_G"],"player_choice":"Became Test Subject","damage_taken":0,"max_hp_gain":0,"max_hp_loss":0,"event_name":"Drug Dealer","floor":20,"gold_loss":0,"cards_obtained":["Predator","Blade Dance"]},{"damage_healed":0,"gold_gain":0,"player_choice":"Ignored","damage_taken":0,"max_hp_gain":0,"max_hp_loss":0,"event_name":"N\u0027loth","floor":21,"gold_loss":0},{"damage_healed":0,"gold_gain":0,"player_choice":"Fought Bandits","damage_taken":0,"max_hp_gain":0,"max_hp_loss":0,"event_name":"Masked Bandits","floor":27,"gold_loss":0},{"damage_healed":0,"gold_gain":0,"player_choice":"Shed Blood","damage_taken":18,"max_hp_gain":5,"max_hp_loss":0,"event_name":"Forgotten Altar","floor":28,"gold_loss":0},{"damage_healed":0,"gold_gain":0,"player_choice":"Embrace Madness","damage_taken":9,"max_hp_gain":0,"max_hp_loss":0,"event_name":"Winding Halls","floor":37,"gold_loss":0,"cards_obtained":["Madness","Madness"]},{"damage_healed":0,"gold_gain":0,"player_choice":"Upgraded","damage_taken":0,"max_hp_gain":0,"max_hp_loss":0,"event_name":"Upgrade Shrine","floor":39,"gold_loss":0,"cards_upgraded":["Apotheosis"]},{"damage_healed":0,"gold_gain":0,"player_choice":"Fight","damage_taken":0,"max_hp_gain":0,"max_hp_loss":0,"event_name":"MindBloom","floor":48,"gold_loss":0}],"is_beta":false,"boss_relics":[{"not_picked":["Tiny House","Busted Crown"],"picked":"Fusion Hammer"},{"not_picked":["Sozu","Empty Cage"],"picked":"SlaversCollar"}],"items_purged_floors":[13],"is_endless":false,"potions_floor_spawned":[1,3,11,14,22,23,31,33,35,40,44,45,54],"ascension_level":5}}