{"host":"kh6fvhxn285ncg0o","time":1610560958,"event":{"mods":["Act Like it!","BaseMod","Colored Map","Friendly Minions","Keyboard Shortcuts","Minty Spire (QoL Compilation)","Quick Restart","Relic Stats","StSLib","SuperFastMode"],"gold_per_floor":[110,110,110,110,125,159,175,175,175,209,228,71,109,127,127,216,216,236,236,236,0,13,39,51,91,103,130,156,168,206,229,241,330,342,366,378,390,142,158,158,191,191,191,204,535,535,535,567,567,567,567,567,567,34,61,61],"floor_reached":57,"language":"KOR","playtime":2631,"items_purged":["Strike_G","Defend_G","Wraith Form v2"],"score":3632,"play_id":"7ed48bfa-e70d-42e9-ae9c-325136e8cf44","local_time":"20210114030238","is_ascension_mode":true,"campfire_choices":[{"data":"Bouncing Flask","floor":15,"key":"SMITH"},{"data":"Wraith Form v2","floor":24,"key":"SMITH"},{"data":"Calculated Gamble","floor":32,"key":"SMITH"},{"data":"Acrobatics","floor":40,"key":"SMITH"},{"data":"Reflex","floor":42,"key":"SMITH"},{"floor":49,"key":"RECALL"},{"data":"Purity","floor":53,"key":"SMITH"}],"circlet_count":0,"master_deck":["AscendersBane","Defend_G","Defend_G","Defend_G","Survivor","Bouncing Flask+1","Calculated Gamble+1","PiercingWail","Crippling Poison","Backflip","Wraith Form v2+1","Wraith Form v2","Reflex+1","Escape Plan","Expertise+1","After Image","Deadly Poison+1","Acrobatics+1","Purity+1","Tactician+1","Escape Plan","Panache"],"relics":["Ring of the Snake","NeowsBlessing","Bloody Idol","White Beast Statue","Snake Skull","PreservedInsect","Art of War","Philosopher\u0027s Stone","Medical Kit","MawBank","Pen Nib","Letter Opener","Torii","Empty Cage","Bronze Scales","Old Coin","The Courier","Oddly Smooth Stone","Blood Vial","Bag of Preparation"],"acts_visited":["Exordium","TheCity","TheBeyond","TheEnding"],"potions_floor_usage":[7,10,11,13,16,18,22,23,25,28,31,50,55,56,56],"damage_taken":[{"damage":0,"enemies":"2 Louse","floor":1,"turns":1},{"damage":0,"enemies":"Cultist","floor":5,"turns":1},{"damage":0,"enemies":"Gremlin Nob","floor":6,"turns":1},{"damage":4,"enemies":"Small Slimes","floor":7,"turns":4},{"damage":39,"enemies":"3 Sentries","floor":10,"turns":13},{"damage":0,"enemies":"3 Louse","floor":11,"turns":3},{"damage":0,"enemies":"Gremlin Nob","floor":13,"turns":3},{"damage":0,"enemies":"Exordium Wildlife","floor":14,"turns":4},{"damage":0,"enemies":"The Guardian","floor":16,"turns":6},{"damage":3,"enemies":"Shell Parasite","floor":18,"turns":5},{"damage":0,"enemies":"Chosen","floor":22,"turns":6},{"damage":10,"enemies":"Slavers","floor":23,"turns":7},{"damage":0,"enemies":"Book of Stabbing","floor":25,"turns":5},{"damage":5,"enemies":"Centurion and Healer","floor":27,"turns":6},{"damage":28,"enemies":"3 Cultists","floor":28,"turns":7},{"damage":8,"enemies":"Slavers","floor":30,"turns":5},{"damage":3,"enemies":"Snake Plant","floor":31,"turns":4},{"damage":5,"enemies":"Champ","floor":33,"turns":12},{"damage":9,"enemies":"Orb Walker","floor":35,"turns":4},{"damage":2,"enemies":"3 Darklings","floor":39,"turns":5},{"damage":1,"enemies":"Reptomancer","floor":41,"turns":5},{"damage":3,"enemies":"Sphere and 2 Shapes","floor":44,"turns":3},{"damage":0,"enemies":"Giant Head","floor":45,"turns":5},{"damage":0,"enemies":"Nemesis","floor":48,"turns":5},{"damage":0,"enemies":"Donu and Deca","floor":50,"turns":8},{"damage":0,"enemies":"Awakened One","floor":51,"turns":6},{"damage":0,"enemies":"Shield and Spear","floor":55,"turns":3},{"damage":43,"enemies":"The Heart","floor":56,"turns":7}],"seed_played":"-1809741856284492962","potions_obtained":[{"floor":1,"key":"DuplicationPotion"},{"floor":5,"key":"SteroidPotion"},{"floor":7,"key":"DistilledChaos"},{"floor":10,"key":"Energy Potion"},{"floor":11,"key":"AttackPotion"},{"floor":13,"key":"DuplicationPotion"},{"floor":16,"key":"SteroidPotion"},{"floor":18,"key":"AttackPotion"},{"floor":22,"key":"Swift Potion"},{"floor":23,"key":"LiquidBronze"},{"floor":25,"key":"FairyPotion"},{"floor":27,"key":"GamblersBrew"},{"floor":28,"key":"Weak Potion"},{"floor":30,"key":"ColorlessPotion"},{"floor":31,"key":"SmokeBomb"},{"floor":33,"key":"LiquidMemories"},{"floor":35,"key":"Block Potion"},{"floor":44,"key":"PowerPotion"},{"floor":55,"key":"Explosive Potion"}],"is_trial":false,"path_per_floor":["M","?","?","?","M","E","M","?","T","E","M","$","E","M","R","B",null,"M","?","?","$","M","E","R","E","T","M","M","?","E","M","R","B",null,"M","?","?","$","M","R","E","R","T","M","E","?","T","E","R","B","B",null,"R","$","E","B",null],"character_chosen":"THE_SILENT","items_purchased":["PreservedInsect","Medical Kit","Acrobatics","Purity","Blood Vial","EssenceOfSteel","Panache","ColorlessPotion","ColorlessPotion"],"campfire_rested":0,"item_purchase_floors":[12,21,38,38,54,54,54,54,54],"current_hp_per_floor":[59,52,57,57,57,57,53,53,53,14,14,14,14,14,14,14,52,49,49,49,49,54,49,54,64,64,64,41,46,48,55,60,64,64,60,64,64,64,64,64,64,64,64,64,64,61,61,61,61,61,61,61,61,61,61,18],"gold":61,"neow_bonus":"THREE_ENEMY_KILL","is_daily":false,"chose_seed":false,"campfire_upgraded":6,"win_rate":0.0,"timestamp":1610560958,"path_taken":["M","?","?","?","M","E","M","?","T","E","M","?","E","?","R","BOSS","M","?","?","?","M","E","R","E","T","?","M","?","E","M","R","BOSS","M","?","?","$","M","R","E","R","T","?","E","?","?","E","R","BOSS","BOSS","R","$","E","BOSS"],"items_purchased_type":["Relic","Relic","Card","Card","Relic","Potion","Card","Potion","Potion"],"build_version":"2020-12-22","purchased_purges":3,"victory":true,"max_hp_per_floor":[66,66,71,64,64,64,64,64,64,64,64,64,64,64,64,64,64,64,64,64,64,64,64,64,64,64,64,64,64,64,64,64,64,64,64,64,64,64,64,64,64,64,64,64,64,61,61,61,61,61,61,61,61,61,61,61],"relic_stats":{"Torii":14,"counters":[28,144],"Snake Skull":[342],"PreservedInsect":465,"Pen Nib":[1],"Bag of Preparation":[2],"Letter Opener":[1055],"Medical Kit":[33],"MawBank":180,"Blood Vial":0,"Bloody Idol":89,"Bronze Scales":[186],"Art of War":[80],"obtain_stats":[{"NeowsBlessing":0,"Torii":30,"Golden Idol":4,"Oddly Smooth Stone":48,"Snake Skull":10,"PreservedInsect":12,"Pen Nib":25,"The Courier":47,"Bag of Preparation":55,"Letter Opener":26,"Medical Kit":21,"MawBank":23,"Empty Cage":34,"White Beast Statue":6,"Old Coin":45,"Blood Vial":54,"Bloody Idol":20,"Bronze Scales":43,"Philosopher\u0027s Stone":17,"Art of War":13,"Ring of the Snake":0},{"NeowsBlessing":0,"Torii":16,"Golden Idol":1,"Oddly Smooth Stone":24,"Snake Skull":5,"PreservedInsect":6,"Pen Nib":13,"The Courier":23,"Bag of Preparation":27,"Letter Opener":13,"Medical Kit":10,"MawBank":12,"Empty Cage":18,"White Beast Statue":3,"Old Coin":23,"Blood Vial":26,"Bloody Idol":10,"Bronze Scales":21,"Philosopher\u0027s Stone":9,"Art of War":7,"Ring of the Snake":0},{"NeowsBlessing":0,"Torii":77,"Golden Idol":1,"Oddly Smooth Stone":120,"Snake Skull":20,"PreservedInsect":23,"Pen Nib":59,"The Courier":115,"Bag of Preparation":137,"Letter Opener":59,"Medical Kit":41,"MawBank":54,"Empty Cage":93,"White Beast Statue":3,"Old Coin":115,"Blood Vial":134,"Bloody Idol":41,"Bronze Scales":107,"Philosopher\u0027s Stone":36,"Art of War":26,"Ring of the Snake":0}],"Ring of the Snake":[56]},"card_choices":[{"not_picked":["Concentrate","Masterful Stab"],"picked":"Bouncing Flask","floor":1},{"not_picked":["Caltrops","Backstab"],"picked":"Calculated Gamble","floor":6},{"not_picked":["Slice","Flying Knee"],"picked":"PiercingWail","floor":10},{"not_picked":["Slice","Blur","Quick Slash"],"picked":"SKIP","floor":11},{"not_picked":["Dodge and Roll","Eviscerate"],"picked":"Crippling Poison","floor":13},{"not_picked":["Sucker Punch","Endless Agony"],"picked":"Backflip","floor":14},{"not_picked":["Doppelganger","Envenom"],"picked":"Wraith Form v2","floor":16},{"not_picked":["Quick Slash","Bane","Slice"],"picked":"SKIP","floor":18},{"not_picked":["Predator","Skewer+1","Expertise"],"picked":"SKIP","floor":22},{"not_picked":["Flechettes","Flying Knee"],"picked":"Reflex","floor":23},{"not_picked":["Expertise","Blade Dance"],"picked":"Wraith Form v2","floor":25},{"not_picked":["Backstab","Terror","Dagger Spray+1"],"picked":"SKIP","floor":27},{"not_picked":["Footwork","Dagger Throw"],"picked":"Escape Plan","floor":28},{"not_picked":["Cloak And Dagger","Flying Knee","Prepared"],"picked":"SKIP","floor":30},{"not_picked":["Eviscerate","Cloak And Dagger"],"picked":"Expertise+1","floor":31},{"not_picked":["Burst","Venomology"],"picked":"After Image","floor":33},{"not_picked":["Backflip","Dagger Spray"],"picked":"Deadly Poison+1","floor":35},{"not_picked":["Slice","PiercingWail","Backflip+1"],"picked":"SKIP","floor":39},{"not_picked":["Grand Finale","Slice","Backflip"],"picked":"SKIP","floor":41},{"not_picked":["Deflect","Finisher"],"picked":"Tactician+1","floor":44},{"not_picked":["Underhanded Strike","Predator","Terror"],"picked":"SKIP","floor":45},{"not_picked":["Dagger Throw","Expertise+1"],"picked":"Escape Plan","floor":48},{"not_picked":["Malaise","Backflip","Caltrops+1"],"picked":"SKIP","floor":55}],"player_experience":3434209,"relics_obtained":[{"floor":6,"key":"White Beast Statue"},{"floor":10,"key":"Snake Skull"},{"floor":13,"key":"Art of War"},{"floor":23,"key":"MawBank"},{"floor":25,"key":"Pen Nib"},{"floor":26,"key":"Letter Opener"},{"floor":30,"key":"Torii"},{"floor":43,"key":"Bronze Scales"},{"floor":45,"key":"Old Coin"},{"floor":47,"key":"The Courier"},{"floor":48,"key":"Oddly Smooth Stone"},{"floor":55,"key":"Bag of Preparation"}],"event_choices":[{"cards_removed":["Strike_G"],"damage_healed":0,"gold_gain":0,"player_choice":"Card Removal","damage_taken":7,"max_hp_gain":0,"max_hp_loss":0,"event_name":"Golden Wing","floor":2,"gold_loss":0},{"damage_healed":0,"gold_gain":0,"player_choice":"Donut","damage_taken":0,"max_hp_gain":5,"max_hp_loss":0,"event_name":"Big Fish","floor":3,"gold_loss":0},{"damage_healed":0,"gold_gain":0,"player_choice":"Lose Max HP","damage_taken":0,"relics_obtained":["Golden Idol"],"max_hp_gain":0,"max_hp_loss":7,"event_name":"Golden Idol","floor":4,"gold_loss":0},{"damage_healed":0,"gold_gain":0,"player_choice":"Ignored","damage_taken":0,"max_hp_gain":0,"max_hp_loss":0,"event_name":"Liars Game","floor":8,"gold_loss":0},{"damage_healed":0,"gold_gain":0,"cards_transformed":["Strike_G","Strike_G"],"player_choice":"Became Test Subject","damage_taken":0,"max_hp_gain":0,"max_hp_loss":0,"event_name":"Drug Dealer","floor":19,"gold_loss":0,"cards_obtained":["Cloak And Dagger","Wraith Form v2"]},{"damage_healed":0,"gold_gain":0,"player_choice":"Gave Idol","damage_taken":0,"relics_obtained":["Bloody Idol"],"max_hp_gain":0,"max_hp_loss":0,"event_name":"Forgotten Altar","floor":20,"relics_lost":["Golden Idol"],"gold_loss":0},{"cards_removed":["Strike_G"],"damage_healed":0,"gold_gain":0,"player_choice":"Elegance","damage_taken":0,"max_hp_gain":0,"max_hp_loss":0,"event_name":"Back to Basics","floor":29,"gold_loss":0},{"damage_healed":0,"gold_gain":0,"player_choice":"Ignored","damage_taken":0,"max_hp_gain":0,"max_hp_loss":0,"event_name":"Tomb of Lord Red Mask","floor":36,"gold_loss":0},{"cards_removed":["Neutralize"],"damage_healed":0,"gold_gain":0,"player_choice":"Purged","damage_taken":0,"max_hp_gain":0,"max_hp_loss":0,"event_name":"Purifier","floor":37,"gold_loss":0},{"damage_healed":0,"gold_gain":0,"player_choice":"Max HP","damage_taken":0,"max_hp_gain":0,"max_hp_loss":3,"event_name":"Winding Halls","floor":46,"gold_loss":0}],"is_beta":false,"boss_relics":[{"not_picked":["Ring of the Serpent","Cursed Key"],"picked":"Philosopher\u0027s Stone"},{"not_picked":["HoveringKite","SlaversCollar"],"picked":"Empty Cage"}],"items_purged_floors":[21,38,54],"is_endless":false,"potions_floor_spawned":[1,5,7,10,11,13,14,16,18,22,23,25,27,28,30,31,33,35,39,41,44,45,48,55],"ascension_level":20}}