{"host":"rcus31dlwi4i4y2l","time":1610527726,"event":{"mods":["AchievementEnabler","BaseMod","Downfall","Googly Eyes","Hermit","Marisa????????","Minty Spire (QoL Compilation)","StSLib","The Cursed"],"gold_per_floor":[99,110,129,67,87,87,166,179,210,210,226,226,240,266,281,379,379,379,389,404,404,417,448,448,373,385,385,385,385,385,385],"floor_reached":29,"language":"ENG","playtime":2672,"items_purged":[],"score":270,"play_id":"23598721-5b45-4437-bb0a-b657bb8ac043","local_time":"20210113024846","is_ascension_mode":true,"campfire_choices":[{"data":"Slimebound:Split","floor":1,"key":"SMITH"},{"data":"Slimebound:RainOfGoop","floor":18,"key":"SMITH"},{"data":"Slimebound:Gluttony","floor":25,"key":"SMITH"},{"data":"Slimebound:RainOfGoop","floor":28,"key":"SMITH"}],"circlet_count":0,"master_deck":["Slimebound:Tackle","Slimebound:Defend_Slimebound","Slimebound:Defend_Slimebound","Slimebound:Defend_Slimebound","Slimebound:Defend_Slimebound","Slimebound:Split+1","Slimebound:CorrosiveSpit","Slimebound:LeechingTouch","Slimebound:DisruptingSlam","Slimebound:RainOfGoop+1","Slimebound:Schlurp","Slimebound:RainOfGoop+1","Slimebound:LeechEnergy","Slimebound:Schlurp","Slimebound:LeechingTouch","Slimebound:GoopSpray","Slimebound:OozeBath","Slimebound:LeechingTouch","Slimebound:Schlurp","Slimebound:Tackle+1","Slimebound:Tackle+1","Slimebound:Tackle+1","Slimebound:Gluttony+1","Slimebound:LeechEnergy"],"relics":["Slimebound:AbsorbEndCombatUpgraded","Slimebound:ScrapOozeRelic","Slimebound:MaxSlimesRelic","Pantograph","Bag of Preparation","downfall:HeartBlessingBlue","downfall:RedIOU"],"acts_visited":["Exordium","TheCity"],"potions_floor_usage":[29],"damage_taken":[{"damage":12,"enemies":"Jaw Worm","floor":2,"turns":3},{"damage":12,"enemies":"Small Slimes","floor":3,"turns":3},{"damage":14,"enemies":"downfall:FleeingMerchant","floor":4,"turns":4},{"damage":11,"enemies":"Cultist","floor":5,"turns":3},{"damage":19,"enemies":"Red Slaver","floor":8,"turns":4},{"damage":23,"enemies":"Gremlin Nob","floor":9,"turns":3},{"damage":7,"enemies":"Exordium Wildlife","floor":11,"turns":3},{"damage":4,"enemies":"Blue Slaver","floor":13,"turns":3},{"damage":18,"enemies":"3 Sentries","floor":14,"turns":5},{"damage":11,"enemies":"Red Slaver","floor":15,"turns":3},{"damage":41,"enemies":"downfall:Watcher","floor":16,"turns":7},{"damage":13,"enemies":"Shell Parasite","floor":19,"turns":4},{"damage":12,"enemies":"Chosen","floor":20,"turns":4},{"damage":20,"enemies":"Snake Plant","floor":22,"turns":3},{"damage":65,"enemies":"Book of Stabbing","floor":23,"turns":5},{"damage":18,"enemies":"Snecko","floor":26,"turns":4},{"damage":56,"enemies":"Cultist and Chosen","floor":29,"turns":5}],"seed_played":"5677933378963379059","potions_obtained":[{"floor":3,"key":"Guardian:BlockOnCardUsePotion"},{"floor":5,"key":"BlessingOfTheForge"},{"floor":8,"key":"BlessingOfTheForge"},{"floor":9,"key":"DistilledChaos"}],"is_trial":false,"path_per_floor":["R","M","M","$","M","?","T","M","E","?","M","?","M","E","M","B",null,"R","M","M","?","M","E","T","R","M","?","R","M"],"character_chosen":"SLIMEBOUND","items_purchased":["Slimebound:Schlurp"],"campfire_rested":0,"item_purchase_floors":[4],"current_hp_per_floor":[60,58,58,58,59,59,59,54,49,49,50,50,54,60,55,44,60,60,60,60,60,60,19,19,29,39,39,39,0,0,0],"gold":385,"neow_bonus":"RANDOM_COMMON_RELIC","is_daily":false,"chose_seed":false,"campfire_upgraded":4,"win_rate":0.0,"timestamp":1610527726,"path_taken":["R","M","M","$","M","?","T","M","E","?","M","?","M","E","M","BOSS","R","M","M","?","M","E","T","R","M","?","R","M"],"items_purchased_type":["Card"],"build_version":"2020-12-22","purchased_purges":0,"victory":false,"max_hp_per_floor":[60,60,60,60,60,60,60,60,60,60,60,60,60,60,60,60,60,60,60,60,60,60,60,60,70,70,70,70,70,70,70],"card_choices":[{"not_picked":["Slimebound:ComboTackle","Slimebound:DivideAndConquer"],"picked":"Slimebound:LeechingTouch","floor":2},{"not_picked":["Slimebound:ProtectTheBoss","Slimebound:BestDefense"],"picked":"Slimebound:DisruptingSlam","floor":3},{"not_picked":["Slimebound:DivideAndConquer","Slimebound:SplitLeeching"],"picked":"Slimebound:RainOfGoop","floor":4},{"not_picked":["Slimebound:LevelUp","Slimebound:RollThrough"],"picked":"Slimebound:RainOfGoop","floor":5},{"not_picked":["Slimebound:ViciousTackle","Slimebound:SplitBruiser"],"picked":"Slimebound:LeechEnergy","floor":8},{"not_picked":["Slimebound:ViciousTackle","Slimebound:LivingWall"],"picked":"Slimebound:Schlurp","floor":9},{"not_picked":["Slimebound:ViciousTackle","Slimebound:GrowthPunch"],"picked":"Slimebound:LeechingTouch","floor":11},{"not_picked":["Slimebound:FlameTackle","Slimebound:ComboTackle","Slimebound:RollThrough"],"picked":"SKIP","floor":13},{"not_picked":["Slimebound:ViciousTackle","Slimebound:ComboTackle","Slimebound:Grow"],"picked":"SKIP","floor":14},{"not_picked":["Slimebound:SlimeTap","Slimebound:DivideAndConquer"],"picked":"Slimebound:GoopSpray","floor":15},{"not_picked":["Slimebound:LeechLife","Slimebound:MassFeed"],"picked":"Slimebound:OozeBath","floor":16},{"not_picked":["Slimebound:SplitLeeching","Slimebound:LeechEnergy"],"picked":"Slimebound:LeechingTouch","floor":19},{"not_picked":["Slimebound:Nibble","Slimebound:LeechingTouch"],"picked":"Slimebound:Schlurp","floor":20},{"not_picked":["Slimebound:SplitMire","Slimebound:GrowthPunch"],"picked":"Slimebound:Gluttony","floor":22},{"not_picked":["Slimebound:SplitLeeching","Slimebound:ComboTackle","Slimebound:SplitMire+1"],"picked":"SKIP","floor":23},{"not_picked":["Slimebound:Schlurp","Slimebound:ViciousTackle+1"],"picked":"Slimebound:LeechEnergy","floor":26}],"player_experience":116124,"relics_obtained":[{"floor":7,"key":"Slimebound:MaxSlimesRelic"},{"floor":9,"key":"Pantograph"},{"floor":14,"key":"Bag of Preparation"},{"floor":23,"key":"Pen Nib"}],"event_choices":[],"is_beta":false,"boss_relics":[{"not_picked":["Philosopher\u0027s Stone","Cursed Key"],"picked":"Slimebound:AbsorbEndCombatUpgraded"}],"items_purged_floors":[],"is_endless":false,"potions_floor_spawned":[3,5,8,9,23,26],"killed_by":"Cultist and Chosen","ascension_level":1}}