{"host":"on8kfoejf6vp3cg3","time":1610552345,"event":{"mods":["AchievementEnabler","BaseMod","Better Match","Better Third Choice","Block Reminder","Colored Map","Colored Powertips","Disable Question Mark Monsters","Googly Eyes","Hermit","Highlight Path","Minty Spire (QoL Compilation)","Permanent Neow","Poor People Problems","Rare Cards Sparkle","Replay The Spire","StSLib","The Blackbeard","The Bladedancer","The Cursed"],"gold_per_floor":[111,121,134,150,106,106,106,165,190,190,216,226,77,0,0,74,74,92,110,32,45,62,121,206,206,206,284,332,394,245,14,14,177,477,508,210,210,248,316,411,504,216,240,295,363,405,460,546,555,625],"floor_reached":51,"language":"ENG","playtime":3913,"items_purged":["blademaster:Quickstep","blademaster:Quickstep"],"score":1851,"play_id":"1a8ba83f-1877-4e34-88a3-49d440126e2e","local_time":"20210113103905","daily_mods":["Insanity","Vintage","ControlledChaos","Heirloom","Time Dilation","Flight"],"is_ascension_mode":true,"campfire_choices":[{"floor":6.0,"key":"REST"},{"floor":7.0,"key":"REST"},{"floor":10.0,"key":"REST"},{"floor":15.0,"key":"REST"},{"floor":25.0,"key":"REST"},{"data":"blackbeard:BoostMorale","floor":32.0,"key":"SMITH"},{"floor":49,"key":"REST"}],"circlet_count":0,"master_deck":["AscendersBane","blademaster:Thrust","blademaster:SlyStabs","blademaster:LeechingStrike","blademaster:Discharge","blademaster:Safeguard","blademaster:AncestralHealing","blademaster:Sunder+1","blademaster:ThunderSlash","blademaster:ThunderSlash","blademaster:Flurry","blademaster:AspectOfWind","blademaster:Bloodbath","blademaster:DeadlyDance","blademaster:BladeMastery","blademaster:Hailwind","blademaster:Slice","blademaster:BladeCross","blademaster:Sunder","blademaster:DragonStrike","blademaster:CullingStrike","blademaster:EyeOfTheTornado","blademaster:Stability","blademaster:DragonStrike+1","blademaster:LightningCrash","blademaster:Reversal","blademaster:Sharpen","blademaster:WindSlash","blademaster:ThunderSlash","blademaster:Blockade","blademaster:KiBarrier","blademaster:Frontflip","blademaster:AirSlash","blademaster:LeechingStrike","blademaster:BloodyBlow","blademaster:DaggerAndCloak","blademaster:FuriousStrike","blademaster:DeadlyDance","blademaster:Reversal","blademaster:LeechingStrike","blademaster:Havoc","blademaster:ParryingStrike+1","blademaster:ThunderSlash","blademaster:AspectOfLightning","blademaster:Sunder","blademaster:DeadlyDance","blademaster:ChargingUp","blademaster:WindSlash","blademaster:Momentum","ReplayTheSpireMod:IOU","ReplayTheSpireMod:IOU","ReplayTheSpireMod:IOU","ReplayTheSpireMod:IOU","ReplayTheSpireMod:IOU","Immolate","ReplayTheSpireMod:Restless Dread","betterMatch:CurseCard","ReplayTheSpireMod:Restless Dread","TheCursedMod:SurpriseAttack","blackbeard:BoostMorale+1","Twin Strike","CarveReality","Anger","Thunderclap","blademaster:Flurry","CurseOfTheBell","blademaster:Flurry+1","blademaster:Safeguard+1","FollowUp+1","blackbeard:PiratesWill+1","Mayhem+1","Sucker Punch+1","Hidden Blade+1","blackbeard:FieryDefense+1"],"relics":["blademaster:DancersAmulet","Frozen Eye","Ice Cream","HornCleat","Replay:Accelerometer","Smiling Mask","betterThird:SlimedRelic","Replay:Rubber Ducky","Oddly Smooth Stone","StrikeDummy","Replay:Wax Seal","PrismaticShard","Membership Card","Frozen Egg 2","Ginger","Replay:Ancient Bell","Regal Pillow","Mercury Hourglass","Du-Vu Doll","Art of War","Dream Catcher","Vajra","Ancient Tea Set","Replay:Bandana","Counterbalance","MealTicket","Meat on the Bone","Divine Protection","Lantern","Whetstone","Replay:WaspNest","Bronze Scales","Toxic Egg 2","Calling Bell","CeramicFish","Old Coin","Blood Vial","Golden Egg","Molten Egg 2","Pocketwatch","Nunchaku","Iron Hammer","ReplayFunnel","Gremlin Food","PreservedInsect","Pear","Pen Nib","Lizard Tail","Akabeko"],"acts_visited":["Exordium","TheCity","TheBeyond"],"potions_floor_usage":[50,50],"damage_taken":[{"damage":16.0,"enemies":"Jaw Worm","floor":1.0,"turns":3.0},{"damage":7.0,"enemies":"Small Slimes","floor":2.0,"turns":2.0},{"damage":0.0,"enemies":"Cultist","floor":3.0,"turns":3.0},{"damage":13.0,"enemies":"Blue Slaver","floor":4.0,"turns":3.0},{"damage":21.0,"enemies":"Lagavulin Event","floor":8.0,"turns":8.0},{"damage":6.0,"enemies":"3 Sentries","floor":11.0,"turns":6.0},{"damage":15.0,"enemies":"Lots of Slimes","floor":12.0,"turns":3.0},{"damage":30.0,"enemies":"The Guardian","floor":16.0,"turns":8.0},{"damage":2.0,"enemies":"2 Thieves","floor":18.0,"turns":2.0},{"damage":0.0,"enemies":"3 Byrds","floor":19.0,"turns":4.0},{"damage":0.0,"enemies":"Snecko","floor":21.0,"turns":3.0},{"damage":0.0,"enemies":"3 Cultists","floor":22.0,"turns":3.0},{"damage":7.0,"enemies":"Slavers","floor":23.0,"turns":3.0},{"damage":16.0,"enemies":"Book of Stabbing","floor":24.0,"turns":4.0},{"damage":7.0,"enemies":"Gremlin Leader","floor":27.0,"turns":2.0},{"damage":14.0,"enemies":"Slavers","floor":28.0,"turns":4.0},{"damage":5.0,"enemies":"Book of Stabbing","floor":29.0,"turns":3.0},{"damage":0.0,"enemies":"Automaton","floor":33.0,"turns":4.0},{"damage":3.0,"enemies":"Orb Walker","floor":35.0,"turns":1.0},{"damage":1.0,"enemies":"3 Darklings","floor":38.0,"turns":2.0},{"damage":0.0,"enemies":"Maw","floor":39.0,"turns":3.0},{"damage":7.0,"enemies":"R_Hoarder","floor":40.0,"turns":5.0},{"damage":1,"enemies":"Reptomancer","floor":41,"turns":2},{"damage":0,"enemies":"4 Shapes","floor":44,"turns":2},{"damage":0,"enemies":"R_Hoarder","floor":45,"turns":1},{"damage":0,"enemies":"Spire Growth","floor":46,"turns":3},{"damage":0,"enemies":"Sphere and 2 Shapes","floor":47,"turns":3},{"damage":0,"enemies":"Giant Head","floor":48,"turns":2},{"damage":19,"enemies":"Time Eater","floor":50,"turns":5}],"seed_played":"370920218644084268","potions_obtained":[{"floor":4.0,"key":"Weak Potion"},{"floor":8.0,"key":"Weak Potion"},{"floor":19.0,"key":"Languid Potion"},{"floor":21.0,"key":"Energy Potion"},{"floor":33.0,"key":"Strength Potion"}],"is_trial":true,"path_per_floor":["M","M","M","M","?","R","R","?","T","R","E","M","$","$","R","B",null,"M","M","$","M","M","E","E","R","T","E","E","E","$","$","R","B",null,"M","$","$","M","M","E","E","$","T","M","E","M","M","E","R","B",null],"character_chosen":"THE_BLADEMASTER","items_purchased":["Replay:Wax Seal","PrismaticShard","Membership Card","Frozen Egg 2","Ginger","Vajra","blademaster:Flurry","Replay:WaspNest","Bronze Scales","Toxic Egg 2","ColorlessPotion","Golden Egg","Molten Egg 2","blademaster:Flurry+1","blademaster:Safeguard+1","PowerPotion","Iron Hammer","ReplayFunnel","Mayhem+1"],"campfire_rested":6,"item_purchase_floors":[13,13,14,14,14,20,30,30,31,31,31,36,36,36,36,36,42,42,42],"current_hp_per_floor":[52,45,45,32,21,43,65,47,47,69,63,48,48,48,70,68,73,75,75,75,75,75,74,69,75,75,74,66,72,75,75,75,75,75,75,75,75,75,75,74,75,75,75,75,85,85,85,85,85,75],"gold":625,"neow_bonus":"","is_daily":false,"chose_seed":false,"campfire_upgraded":1,"win_rate":0.0,"timestamp":1610552345,"path_taken":["M","M","M","M","?","R","R","?","T","R","E","M","$","$","R","BOSS","M","M","$","M","M","E","E","R","T","E","E","E","$","$","R","BOSS","M","$","$","M","M","E","E","$","T","M","E","M","M","E","R","BOSS"],"items_purchased_type":["Relic","Relic","Relic","Relic","Relic","Relic","Card","Relic","Relic","Relic","Potion","Relic","Relic","Card","Card","Potion","Relic","Relic","Card"],"build_version":"2020-12-22","purchased_purges":2,"victory":true,"max_hp_per_floor":[75,75,75,75,75,75,75,75,75,75,75,75,75,75,75,75,75,75,75,75,75,75,75,75,75,75,75,75,75,75,75,75,75,75,75,75,75,75,75,75,75,75,75,75,85,85,85,85,85,85],"card_choices":[{"not_picked":["blademaster:BladeMastery","blademaster:AwakeningStrike","blademaster:DeadlyDance"],"picked":"SKIP","floor":11.0},{"not_picked":["Reboot","TheCursedMod:DarkBarrier"],"picked":"Immolate","floor":16.0},{"not_picked":["Amnesia","ReplayTheSpireMod:Splinters"],"picked":"ReplayTheSpireMod:Restless Dread","floor":17.0},{"not_picked":["AbeCurse","hermit:ImpendingDoom"],"picked":"betterMatch:CurseCard","floor":17.0},{"not_picked":["Overencumbered","AbeCurse"],"picked":"ReplayTheSpireMod:Restless Dread","floor":17.0},{"not_picked":["hermit:Roulette+1","Sneak Up"],"picked":"TheCursedMod:SurpriseAttack","floor":23.0},{"not_picked":["hermit:TakeAim+1","Streamline"],"picked":"blackbeard:BoostMorale","floor":24.0},{"not_picked":["blademaster:SlyStabs","blademaster:FuriousStrike"],"picked":"Twin Strike","floor":25.0},{"not_picked":["hermit:Feint","TheCursedMod:DemonSword"],"picked":"CarveReality","floor":27.0},{"not_picked":["blademaster:CombatPrep","hermit:Determination+1"],"picked":"Anger","floor":28.0},{"not_picked":["hermit:TrackingShot","Redo"],"picked":"Thunderclap","floor":29.0},{"not_picked":["Creative AI+1","Clothesline+1"],"picked":"FollowUp+1","floor":40.0},{"not_picked":["hermit:SprayPray+1","ReplayTheSpireMod:Scrap Shanks+1"],"picked":"blackbeard:PiratesWill+1","floor":41},{"not_picked":["Headbutt+1","Rupture+1"],"picked":"Sucker Punch+1","floor":45},{"not_picked":["TheCursedMod:CircleOfAmplification+1","Shrug It Off+1"],"picked":"Hidden Blade+1","floor":48},{"not_picked":["Fluid Movement+1","TheCursedMod:Torture+1"],"picked":"blackbeard:FieryDefense+1","floor":49}],"player_experience":456307,"relics_obtained":[{"floor":1.0,"key":"blademaster:BleedingMoreDamagePerk"},{"floor":2.0,"key":"HornCleat"},{"floor":2.0,"key":"blademaster:WindChargePerk"},{"floor":3.0,"key":"Replay:Accelerometer"},{"floor":3.0,"key":"blademaster:LightningChargePerk"},{"floor":4.0,"key":"Smiling Mask"},{"floor":4.0,"key":"blademaster:BleedingLaceratePerk"},{"floor":8.0,"key":"Replay:Rubber Ducky"},{"floor":8.0,"key":"blademaster:RandomBladePerk"},{"floor":9.0,"key":"Oddly Smooth Stone"},{"floor":11.0,"key":"StrikeDummy"},{"floor":11.0,"key":"blademaster:RandomStancePerk"},{"floor":12.0,"key":"blademaster:StanceHealPerk"},{"floor":18.0,"key":"blademaster:StrongPerk"},{"floor":18.0,"key":"Art of War"},{"floor":19.0,"key":"Dream Catcher"},{"floor":19.0,"key":"blademaster:ComboEveryTurnPerk"},{"floor":21.0,"key":"Ancient Tea Set"},{"floor":21.0,"key":"blademaster:DextrousPerk"},{"floor":22.0,"key":"Replay:Bandana"},{"floor":22.0,"key":"blademaster:FuryEveryTurnPerk"},{"floor":23.0,"key":"Counterbalance"},{"floor":23.0,"key":"blademaster:BonusFuryPerk"},{"floor":24.0,"key":"MealTicket"},{"floor":24.0,"key":"blademaster:BonusComboPerk"},{"floor":26.0,"key":"Meat on the Bone"},{"floor":27.0,"key":"Divine Protection"},{"floor":27.0,"key":"blademaster:OnAttackedChargePerk"},{"floor":28.0,"key":"Lantern"},{"floor":29.0,"key":"Whetstone"},{"floor":34.0,"key":"CeramicFish"},{"floor":34.0,"key":"Old Coin"},{"floor":35.0,"key":"Blood Vial"},{"floor":38.0,"key":"Pocketwatch"},{"floor":41,"key":"Nunchaku"},{"floor":43,"key":"Gremlin Food"},{"floor":44,"key":"PreservedInsect"},{"floor":45,"key":"Pear"},{"floor":46,"key":"Pen Nib"},{"floor":47,"key":"Lizard Tail"},{"floor":48,"key":"Akabeko"}],"event_choices":[{"damage_healed":0.0,"max_hp_gain":0.0,"max_hp_loss":0.0,"gold_gain":0.0,"event_name":"betterThird:BetterGoop","player_choice":"Slimed","floor":5.0,"gold_loss":44.0,"damage_taken":11.0},{"damage_healed":0.0,"max_hp_gain":0.0,"max_hp_loss":0.0,"gold_gain":0.0,"event_name":"Dead Adventurer","player_choice":"Searched \u00271\u0027 times","floor":8.0,"gold_loss":0.0,"damage_taken":0.0}],"is_beta":false,"boss_relics":[{"not_picked":["Philosopher\u0027s Stone","SlaversCollar"],"picked":"Replay:Ancient Bell"},{"not_picked":["Juzu Bracelet","Anchor"],"picked":"Regal Pillow"},{"not_picked":["Matryoshka","Quantum Egg"],"picked":"Mercury Hourglass"},{"not_picked":["Torii","Bird Faced Urn"],"picked":"Du-Vu Doll"},{"not_picked":["Astrolabe","ChewingGum"],"picked":"Calling Bell"}],"items_purged_floors":[13,14],"is_endless":false,"potions_floor_spawned":[4,8,12,19,21,23,27,33,39,41,44,45,47],"ascension_level":13}}