{"host":"raai0vtvcfkt8csp","time":1610543992,"event":{"mods":["2.2 Compatiblity","BaseMod","Beaked The Cultist","Block Reminder","Booster Modes","Clockwork Mod","DeckTracker","Defective Defect","Defuse TimeMaze Blight","Dio Mod","GifTheSpireLib","Infinite Spire","Minty Spire (QoL Compilation)","Quick Restart","Random Character Button","Rare Cards Sparkle","StSLib","The Marked","Unceasing Turn Reminder"],"gold_per_floor":[119,40,55,73,26,26,61,78,78,104,104,136,155,181,181,282,282,272,272,291,311,311,344,344,364,388,388,388,388],"floor_reached":28,"language":"ENG","playtime":1961,"items_purged":[],"score":271,"play_id":"d59aefc9-cf24-42b3-a41c-aeabac1ac6a2","local_time":"20210113141952","is_ascension_mode":true,"campfire_choices":[{"data":"theMarked:GodGivenPower","floor":6,"key":"SMITH"},{"floor":15,"key":"REST"},{"floor":24,"key":"REST"}],"circlet_count":0,"master_deck":["theMarked:Strike+1","theMarked:Strike+1","theMarked:Strike+1","theMarked:Strike+1","theMarked:Strike+1","theMarked:Defend+1","theMarked:Defend+1","theMarked:Defend+1","theMarked:Defend+1","theMarked:SoldierOfQuellstein","theMarked:ElementalBlade","theMarked:GodGivenPower+1","theMarked:Static","theMarked:RepellingDischarge","theMarked:PowerFlow+1","theMarked:Electrify","theMarked:TakeOffHeels","theMarked:RepellingDischarge","theMarked:BindingBlade","theMarked:Polarize","theMarked:Electrocute","theMarked:Aftermath","infinitespire:NeuralNetwork","theMarked:Reabsorb","theMarked:Standoff+1"],"relics":["theMarked:ArtifactOfAir","NeowsBlessing","Potion Belt","Blood Vial","Question Card","infinitespire:CheckeredPen","Bronze Scales","Black Star","NlothsMask","Toy Ornithopter","Vajra","Centennial Puzzle"],"acts_visited":["Exordium","TheCity"],"potions_floor_usage":[12,23,23,25,28,28],"damage_taken":[{"damage":0,"enemies":"Jaw Worm","floor":1,"turns":1},{"damage":0,"enemies":"Cultist","floor":3,"turns":1},{"damage":0,"enemies":"Small Slimes","floor":4,"turns":1},{"damage":12,"enemies":"3 Sentries","floor":7,"turns":7},{"damage":2,"enemies":"Blue Slaver","floor":8,"turns":5},{"damage":18,"enemies":"Lagavulin","floor":10,"turns":5},{"damage":11,"enemies":"3 Sentries","floor":12,"turns":5},{"damage":18,"enemies":"Lots of Slimes","floor":13,"turns":3},{"damage":10,"enemies":"Hexaghost","floor":16,"turns":7},{"damage":18,"enemies":"2 Thieves","floor":18,"turns":4},{"damage":5,"enemies":"Chosen","floor":20,"turns":4},{"damage":28,"enemies":"Snecko","floor":21,"turns":7},{"damage":26,"enemies":"Book of Stabbing","floor":23,"turns":6},{"damage":12,"enemies":"Centurion and Healer","floor":25,"turns":6},{"damage":45,"enemies":"Gremlin Leader","floor":28,"turns":3}],"seed_played":"2039324231584917781","potions_obtained":[{"floor":4,"key":"FearPotion"},{"floor":10,"key":"AttackPotion"},{"floor":13,"key":"Dexterity Potion"},{"floor":16,"key":"Swift Potion"},{"floor":18,"key":"PowerPotion"},{"floor":23,"key":"Block Potion"}],"is_trial":false,"path_per_floor":["M","$","M","M","$","R","E","M","T","E","?","E","M","T","R","B",null,"M","?","M","M","AVR","E","R","M","T","?","E"],"character_chosen":"THE_DEFAULT","items_purchased":["theMarked:GodGivenPower","theMarked:RepellingDischarge"],"campfire_rested":2,"item_purchase_floors":[2,5],"current_hp_per_floor":[70,70,70,70,70,70,58,56,56,40,40,31,15,15,36,28,70,52,52,49,23,23,9,30,25,25,25,0,0],"gold":388,"neow_bonus":"THREE_ENEMY_KILL","is_daily":false,"chose_seed":false,"campfire_upgraded":1,"win_rate":0.0,"timestamp":1610543992,"path_taken":["M","$","M","M","$","R","E","M","T","E","?","E","M","?","R","BOSS","M","?","?","M","AVR","E","R","?","T","?","E"],"items_purchased_type":["Card","Card"],"build_version":"2020-12-22","purchased_purges":0,"victory":false,"max_hp_per_floor":[70,70,70,70,70,70,70,70,70,70,70,70,70,70,70,70,70,70,70,70,70,70,70,70,70,70,70,70,70],"card_choices":[{"not_picked":["theMarked:HeightenedSenses","theMarked:WastefulAttack"],"picked":"theMarked:ElementalBlade","floor":1},{"not_picked":["theMarked:ShockingTouch","theMarked:Parkour","theMarked:MysticalArsenal"],"picked":"SKIP","floor":3},{"not_picked":["theMarked:EternalStudent","theMarked:Panic"],"picked":"theMarked:Static","floor":4},{"not_picked":["theMarked:LightningStrikesTwice","theMarked:Seal","theMarked:WastefulAttack"],"picked":"SKIP","floor":7},{"not_picked":["theMarked:Static","theMarked:SwordAndMagic"],"picked":"theMarked:PowerFlow","floor":8},{"not_picked":["theMarked:WardOff","theMarked:HeritageOfTheMarked"],"picked":"theMarked:Electrify","floor":10},{"not_picked":["theMarked:EmpowerWeapon","theMarked:ElectricStrings","theMarked:RogueSparks"],"picked":"theMarked:TakeOffHeels","floor":12},{"not_picked":["theMarked:SwordAndMagic","theMarked:ResourceFulStrike","theMarked:Static"],"picked":"theMarked:RepellingDischarge","floor":13},{"not_picked":["theMarked:UnarmedFury","theMarked:EternalStudent","theMarked:FavorableWinds"],"picked":"theMarked:BindingBlade","floor":16},{"not_picked":["theMarked:WastefulAttack+1","theMarked:Parkour","theMarked:Overthink+1"],"picked":"theMarked:Polarize","floor":18},{"not_picked":["theMarked:Static","theMarked:TunnelVision","theMarked:Reabsorb"],"picked":"theMarked:Electrocute","floor":20},{"not_picked":["theMarked:BanishingStrike","theMarked:TakeCover","theMarked:EmpowerWeapon"],"picked":"theMarked:Aftermath","floor":21},{"not_picked":["theMarked:CreepingChasm","theMarked:EmpowerWeapon","theMarked:BanishingWave"],"picked":"theMarked:Reabsorb","floor":23},{"not_picked":["theMarked:FavorableWinds","theMarked:Frustration","theMarked:ContemptForTheProud"],"picked":"theMarked:Standoff+1","floor":25}],"player_experience":879753,"relics_obtained":[{"floor":7,"key":"Potion Belt"},{"floor":9,"key":"Blood Vial"},{"floor":10,"key":"Question Card"},{"floor":12,"key":"infinitespire:CheckeredPen"},{"floor":14,"key":"Bronze Scales"},{"floor":23,"key":"Vajra"},{"floor":23,"key":"Centennial Puzzle"}],"event_choices":[{"damage_healed":0,"gold_gain":0,"player_choice":"Grow","damage_taken":0,"max_hp_gain":0,"max_hp_loss":0,"event_name":"Living Wall","floor":11,"gold_loss":0,"cards_upgraded":["theMarked:PowerFlow"]},{"damage_healed":0,"gold_gain":0,"player_choice":"Trade","damage_taken":0,"relics_obtained":["NlothsMask"],"max_hp_gain":0,"max_hp_loss":0,"event_name":"FaceTrader","floor":19,"gold_loss":0},{"damage_healed":0,"gold_gain":0,"player_choice":"Simplicity","damage_taken":0,"max_hp_gain":0,"max_hp_loss":0,"event_name":"Back to Basics","floor":27,"gold_loss":0,"cards_upgraded":["theMarked:Strike","theMarked:Strike","theMarked:Strike","theMarked:Strike","theMarked:Strike","theMarked:Defend","theMarked:Defend","theMarked:Defend","theMarked:Defend"]}],"is_beta":false,"boss_relics":[{"not_picked":["Calling Bell","infinitespire:Cupcake"],"picked":"Black Star"}],"items_purged_floors":[],"is_endless":false,"potions_floor_spawned":[4,10,13,16,18,23],"killed_by":"Gremlin Leader","ascension_level":1}}