{"host":"2vm9o2fc5crca06n","time":1610572034,"event":{"mods":["BaseMod","Bestiary","Googly Eyes","Minty Spire (QoL Compilation)","SuperFastMode"],"gold_per_floor":[211,286,138,151,169,202,202,217,243,143,171,185,218,218,218,319,319,339,359,274,12,25,38,49,49,74,74,89,100,100,100,100,200,200,216,216,266,266,277,294,314,329,377,377,394,121,152,169,169,169,169,169,19,53,53,53],"floor_reached":55,"language":"ENG","playtime":2168,"items_purged":["Strike_R","Strike_R","Strike_R","Strike_R"],"score":713,"play_id":"59bd6e4b-4b48-4a40-9626-6f7cec18225e","local_time":"20210113210714","is_ascension_mode":false,"campfire_choices":[{"data":"Whirlwind","floor":7,"key":"SMITH"},{"data":"Uppercut","floor":15,"key":"SMITH"},{"floor":25,"key":"RECALL"},{"data":"Bash","floor":27,"key":"SMITH"},{"data":"Berserk","floor":30,"key":"SMITH"},{"data":"Burning Pact","floor":32,"key":"SMITH"},{"data":"Dropkick","floor":44,"key":"SMITH"},{"floor":49,"key":"REST"},{"data":"Defend_R","floor":52,"key":"SMITH"}],"circlet_count":0,"master_deck":["Strike_R","Defend_R+1","Defend_R","Defend_R","Defend_R","Bash+1","Dropkick+1","Whirlwind+1","Dropkick+1","Dropkick+1","Uppercut+1","Dropkick+1","Berserk+1","Burning Pact+1","Dropkick+1","Parasite","Parasite"],"relics":["Burning Blood","Whetstone","Bag of Marbles","Odd Mushroom","Oddly Smooth Stone","Sozu","Ornamental Fan","Paper Frog","Cursed Key","Magic Flower","Bag of Preparation","Vajra","Art of War","Toy Ornithopter"],"acts_visited":["Exordium","TheCity","TheBeyond","TheEnding"],"potions_floor_usage":[6,13,16,35,55],"damage_taken":[{"damage":15,"enemies":"Jaw Worm","floor":1,"turns":4},{"damage":0,"enemies":"2 Louse","floor":4,"turns":1},{"damage":8,"enemies":"Small Slimes","floor":5,"turns":2},{"damage":22,"enemies":"3 Sentries","floor":6,"turns":4},{"damage":10,"enemies":"Looter","floor":8,"turns":2},{"damage":13,"enemies":"The Mushroom Lair","floor":11,"turns":3},{"damage":0,"enemies":"Exordium Thugs","floor":12,"turns":3},{"damage":8,"enemies":"Lagavulin","floor":13,"turns":3},{"damage":14,"enemies":"Hexaghost","floor":16,"turns":6},{"damage":0,"enemies":"Shell Parasite","floor":18,"turns":3},{"damage":0,"enemies":"3 Byrds","floor":19,"turns":2},{"damage":0,"enemies":"Cultist and Chosen","floor":22,"turns":3},{"damage":18,"enemies":"Snake Plant","floor":23,"turns":2},{"damage":3,"enemies":"3 Cultists","floor":24,"turns":3},{"damage":32,"enemies":"Sentry and Sphere","floor":28,"turns":6},{"damage":0,"enemies":"Snecko","floor":29,"turns":2},{"damage":42,"enemies":"Automaton","floor":33,"turns":9},{"damage":0,"enemies":"3 Darklings","floor":35,"turns":3},{"damage":12,"enemies":"Mind Bloom Boss Battle","floor":37,"turns":4},{"damage":0,"enemies":"3 Shapes","floor":39,"turns":1},{"damage":0,"enemies":"Jaw Worm Horde","floor":40,"turns":1},{"damage":9,"enemies":"Maw","floor":41,"turns":5},{"damage":4,"enemies":"3 Darklings","floor":42,"turns":3},{"damage":26,"enemies":"Writhing Mass","floor":45,"turns":3},{"damage":0,"enemies":"Reptomancer","floor":47,"turns":2},{"damage":28,"enemies":"Sphere and 2 Shapes","floor":48,"turns":5},{"damage":58,"enemies":"Awakened One","floor":50,"turns":9},{"damage":20,"enemies":"Shield and Spear","floor":54,"turns":5},{"damage":78,"enemies":"The Heart","floor":55,"turns":6}],"seed_played":"368667061219638877","potions_obtained":[{"floor":1,"key":"Energy Potion"},{"floor":4,"key":"ElixirPotion"},{"floor":6,"key":"AttackPotion"},{"floor":11,"key":"SpeedPotion"},{"floor":12,"key":"DistilledChaos"},{"floor":16,"key":"Explosive Potion"}],"is_trial":false,"path_per_floor":["M","?","$","M","M","E","R","M","T","$","?","M","E","?","R","B",null,"M","M","?","$","M","M","M","R","T","R","M","M","R","?","R","B",null,"M","?","?","?","M","M","M","M","T","R","M","$","E","M","R","B",null,"R","$","E","B"],"character_chosen":"IRONCLAD","items_purchased":["Whirlwind","Paper Frog","Vajra"],"campfire_rested":1,"item_purchase_floors":[3,21,46],"current_hp_per_floor":[71,60,60,66,64,48,48,44,44,44,37,43,41,41,41,33,80,80,80,80,80,80,68,71,71,71,71,45,51,51,51,51,15,80,80,80,74,74,80,80,80,80,80,80,63,63,72,53,77,28,80,80,80,69,0,0],"gold":53,"neow_bonus":"HUNDRED_GOLD","is_daily":false,"chose_seed":false,"campfire_upgraded":7,"win_rate":0.0,"timestamp":1610572034,"path_taken":["M","?","$","M","M","E","R","M","T","$","?","M","E","?","R","BOSS","M","M","?","$","M","M","M","R","T","R","M","M","R","?","R","BOSS","M","?","?","?","M","M","?","M","T","R","M","$","E","M","R","BOSS","R","$","E","BOSS"],"items_purchased_type":["Card","Relic","Relic"],"build_version":"2020-12-22","purchased_purges":4,"victory":false,"max_hp_per_floor":[80,80,80,80,80,80,80,80,80,80,80,80,80,80,80,80,80,80,80,80,80,80,80,80,80,80,80,80,80,80,80,80,80,80,80,80,80,80,80,80,80,80,80,80,80,80,80,80,80,80,80,80,80,80,80,80],"card_choices":[{"not_picked":["Combust","Spot Weakness"],"picked":"Dropkick","floor":1},{"not_picked":["Pummel","Combust","Pommel Strike"],"picked":"SKIP","floor":4},{"not_picked":["Rage","Armaments","Heavy Blade"],"picked":"SKIP","floor":5},{"not_picked":["Perfected Strike","Uppercut"],"picked":"Dropkick","floor":6},{"not_picked":["Power Through","Anger"],"picked":"Dropkick","floor":8},{"not_picked":["Hemokinesis","Clothesline"],"picked":"Uppercut","floor":11},{"not_picked":["Armaments","Flex","Clash"],"picked":"SKIP","floor":12},{"not_picked":["Bloodletting","Metallicize"],"picked":"Dropkick","floor":13},{"not_picked":["Exhume","Bludgeon"],"picked":"Berserk","floor":16},{"not_picked":["Havoc+1","Feel No Pain","Sword Boomerang"],"picked":"SKIP","floor":18},{"not_picked":["Wild Strike","Second Wind","Flex"],"picked":"SKIP","floor":19},{"not_picked":["Dropkick","Thunderclap+1","Havoc"],"picked":"SKIP","floor":22},{"not_picked":["Battle Trance","Thunderclap"],"picked":"Burning Pact","floor":23},{"not_picked":["Sentinel","Warcry+1","Dropkick"],"picked":"SKIP","floor":24},{"not_picked":["Carnage+1","Clothesline","Barricade"],"picked":"SKIP","floor":28},{"not_picked":["Clothesline+1","Cleave","Perfected Strike+1"],"picked":"SKIP","floor":29},{"not_picked":["Clothesline+1","Cleave","Perfected Strike+1"],"picked":"SKIP","floor":29},{"not_picked":["Headbutt+1","Clash"],"picked":"Dropkick+1","floor":35},{"not_picked":["Hemokinesis","Heavy Blade","Warcry"],"picked":"SKIP","floor":39},{"not_picked":["Heavy Blade+1","Cleave+1","Disarm+1"],"picked":"SKIP","floor":40},{"not_picked":["Reckless Charge+1","Shrug It Off+1","Dual Wield+1"],"picked":"SKIP","floor":41},{"not_picked":["Armaments+1","Battle Trance","Offering"],"picked":"SKIP","floor":42},{"not_picked":["Inflame+1","Clothesline","Pommel Strike+1"],"picked":"SKIP","floor":45},{"not_picked":["Perfected Strike+1","Combust+1","Flex"],"picked":"SKIP","floor":47},{"not_picked":["Carnage+1","Combust+1","Thunderclap"],"picked":"SKIP","floor":48},{"not_picked":["Havoc","Feel No Pain+1","Combust"],"picked":"SKIP","floor":54}],"player_experience":333863,"relics_obtained":[{"floor":6,"key":"Whetstone"},{"floor":9,"key":"Bag of Marbles"},{"floor":11,"key":"Odd Mushroom"},{"floor":13,"key":"Oddly Smooth Stone"},{"floor":37,"key":"Magic Flower"},{"floor":43,"key":"Bag of Preparation"},{"floor":47,"key":"Art of War"},{"floor":54,"key":"Toy Ornithopter"}],"event_choices":[{"damage_healed":0,"gold_gain":75,"player_choice":"Gather Gold","damage_taken":11,"max_hp_gain":0,"max_hp_loss":0,"event_name":"World of Goop","floor":2,"gold_loss":0},{"damage_healed":0,"gold_gain":0,"player_choice":"Fought Mushrooms","damage_taken":0,"max_hp_gain":0,"max_hp_loss":0,"event_name":"Mushrooms","floor":11,"gold_loss":0},{"damage_healed":0,"gold_gain":0,"player_choice":"Ignored","damage_taken":0,"max_hp_gain":0,"max_hp_loss":0,"event_name":"Liars Game","floor":14,"gold_loss":0},{"damage_healed":0,"gold_gain":0,"player_choice":"Obtained Relic","damage_taken":0,"relics_obtained":["Ornamental Fan"],"max_hp_gain":0,"max_hp_loss":0,"event_name":"Addict","floor":20,"gold_loss":85},{"damage_healed":0,"gold_gain":0,"player_choice":"Got Potions","damage_taken":0,"max_hp_gain":0,"max_hp_loss":0,"event_name":"Lab","floor":31,"gold_loss":0},{"damage_healed":0,"gold_gain":0,"player_choice":"Ignored","damage_taken":0,"max_hp_gain":0,"max_hp_loss":0,"event_name":"Tomb of Lord Red Mask","floor":36,"gold_loss":0},{"damage_healed":0,"gold_gain":0,"player_choice":"Fight","damage_taken":0,"max_hp_gain":0,"max_hp_loss":0,"event_name":"MindBloom","floor":37,"gold_loss":0},{"damage_healed":0,"gold_gain":0,"player_choice":"Forge","damage_taken":0,"max_hp_gain":0,"max_hp_loss":0,"event_name":"Accursed Blacksmith","floor":38,"gold_loss":0,"cards_upgraded":["Dropkick"]}],"is_beta":false,"boss_relics":[{"not_picked":["Tiny House","Velvet Choker"],"picked":"Sozu"},{"not_picked":["Philosopher\u0027s Stone","SacredBark"],"picked":"Cursed Key"}],"items_purged_floors":[3,10,46,53],"is_endless":false,"potions_floor_spawned":[1,4,6,11,12,16,19,24,28,37,39,42,48,54],"killed_by":"The Heart","ascension_level":0}}