{"host":"uxq2rly8rxtwffuf","time":1610535667,"event":{"mods":["BaseMod","Koishi","Minty Spire (QoL Compilation)","StSLib","The Servant 0.9.4"],"gold_per_floor":[17,31,45,45,56,56,56,56,105,122,140,140,140,153,153,255,255,270,185,284,302,73,108,108,118,144,144,144,144],"floor_reached":28,"language":"ENG","playtime":1076,"items_purged":["Strike_G"],"score":368,"play_id":"c73adc7a-57e2-482d-a831-73322284bb71","local_time":"20210113140107","is_ascension_mode":true,"campfire_choices":[{"data":"Neutralize","floor":6,"key":"SMITH"},{"floor":8,"key":"RECALL"},{"floor":12,"key":"REST"},{"data":"Noxious Fumes","floor":15,"key":"SMITH"},{"floor":24,"key":"REST"},{"floor":27,"key":"REST"}],"circlet_count":0,"master_deck":["AscendersBane","Strike_G","Strike_G","Strike_G","Strike_G","Defend_G","Defend_G","Defend_G","Defend_G","Defend_G","Survivor","Neutralize+1","Blade Dance","Slice","Poisoned Stab","Dagger Spray","Infinite Blades","Dash+1","Infinite Blades","Blade Dance","Heel Hook","Sucker Punch","Escape Plan","Neutralize","Noxious Fumes+1","Dodge and Roll","After Image","Caltrops","Heel Hook","Poisoned Stab","Flying Knee"],"relics":["Ring of the Serpent","Prayer Wheel","Potion Belt","Akabeko","HandDrill","White Beast Statue","Snake Skull"],"acts_visited":["Exordium","TheCity"],"potions_floor_usage":[3,5,16,25,28],"damage_taken":[{"damage":1,"enemies":"2 Louse","floor":1,"turns":3},{"damage":0,"enemies":"Cultist","floor":2,"turns":3},{"damage":2,"enemies":"Jaw Worm","floor":3,"turns":2},{"damage":10,"enemies":"Lots of Slimes","floor":5,"turns":3},{"damage":3,"enemies":"Blue Slaver","floor":10,"turns":4},{"damage":13,"enemies":"Exordium Wildlife","floor":11,"turns":5},{"damage":0,"enemies":"Large Slime","floor":14,"turns":4},{"damage":15,"enemies":"Slime Boss","floor":16,"turns":9},{"damage":7,"enemies":"Chosen","floor":18,"turns":5},{"damage":7,"enemies":"Shell Parasite","floor":21,"turns":6},{"damage":41,"enemies":"Gremlin Leader","floor":23,"turns":6},{"damage":16,"enemies":"Chosen and Byrds","floor":25,"turns":6},{"damage":37,"enemies":"Cultist and Chosen","floor":28,"turns":4}],"seed_played":"4027804710666040181","potions_obtained":[{"floor":2,"key":"FearPotion"},{"floor":3,"key":"DistilledChaos"},{"floor":11,"key":"Ancient Potion"},{"floor":16,"key":"GamblersBrew"},{"floor":21,"key":"Ancient Potion"},{"floor":23,"key":"GamblersBrew"},{"floor":25,"key":"Block Potion"}],"is_trial":false,"path_per_floor":["M","M","M","?","M","R","$","R","T","M","M","R","?","M","R","B",null,"M","?","?","M","$","E","R","M","T","R","M"],"character_chosen":"THE_SILENT","items_purchased":["HandDrill"],"campfire_rested":3,"item_purchase_floors":[22],"current_hp_per_floor":[62,62,60,60,50,50,50,50,50,47,34,55,55,55,55,40,63,56,56,56,49,49,8,29,13,13,34,0,0],"gold":144,"neow_bonus":"ONE_RARE_RELIC","is_daily":false,"chose_seed":false,"campfire_upgraded":2,"win_rate":0.0,"timestamp":1610535667,"path_taken":["M","M","M","?","M","R","$","R","T","?","M","R","?","?","R","BOSS","M","?","?","M","$","E","R","M","T","R","M"],"items_purchased_type":["Relic"],"build_version":"2020-12-22","purchased_purges":1,"victory":false,"max_hp_per_floor":[70,70,70,70,70,70,70,70,70,70,70,70,70,70,70,70,70,70,70,70,70,70,70,70,70,70,70,70,70],"card_choices":[{"not_picked":["PiercingWail","Escape Plan"],"picked":"Blade Dance","floor":1},{"not_picked":["Quick Slash","Dagger Spray"],"picked":"Slice","floor":1},{"not_picked":["Tactician","Acrobatics"],"picked":"Poisoned Stab","floor":2},{"not_picked":["Wraith Form v2","Underhanded Strike"],"picked":"Dagger Spray","floor":2},{"not_picked":["After Image","Accuracy"],"picked":"Infinite Blades","floor":3},{"not_picked":["Skewer","Sucker Punch"],"picked":"Dash","floor":3},{"not_picked":["Heel Hook","PiercingWail"],"picked":"Infinite Blades","floor":5},{"not_picked":["Endless Agony","Acrobatics"],"picked":"Blade Dance","floor":5},{"not_picked":["Underhanded Strike","Skewer"],"picked":"Heel Hook","floor":10},{"not_picked":["Riddle With Holes","Deadly Poison"],"picked":"Sucker Punch","floor":10},{"not_picked":["Reflex","Deflect"],"picked":"Escape Plan","floor":11},{"not_picked":["Acrobatics","Quick Slash","Tactician"],"picked":"SKIP","floor":11},{"not_picked":["Well Laid Plans","Prepared"],"picked":"Noxious Fumes","floor":14},{"not_picked":["Crippling Poison","Backflip"],"picked":"Dodge and Roll","floor":14},{"not_picked":["Corpse Explosion","Phantasmal Killer"],"picked":"After Image","floor":16},{"not_picked":["Expertise","Well Laid Plans","Dagger Spray"],"picked":"SKIP","floor":18},{"not_picked":["Sucker Punch","Flying Knee","Crippling Poison"],"picked":"SKIP","floor":18},{"not_picked":["Dodge and Roll","PiercingWail"],"picked":"Caltrops","floor":21},{"not_picked":["Dagger Spray+1","Concentrate"],"picked":"Heel Hook","floor":21},{"not_picked":["Skewer","Dagger Spray","Calculated Gamble"],"picked":"SKIP","floor":23},{"not_picked":["Eviscerate","Skewer"],"picked":"Poisoned Stab","floor":25},{"not_picked":["Deflect","Deadly Poison+1"],"picked":"Flying Knee","floor":25}],"player_experience":1391300,"relics_obtained":[{"floor":9,"key":"Potion Belt"},{"floor":23,"key":"White Beast Statue"},{"floor":26,"key":"Snake Skull"}],"event_choices":[{"damage_healed":0,"gold_gain":0,"player_choice":"Upgraded","damage_taken":0,"max_hp_gain":0,"max_hp_loss":0,"event_name":"Upgrade Shrine","floor":4,"gold_loss":0,"cards_upgraded":["Dash"]},{"damage_healed":0,"gold_gain":0,"player_choice":"1 cards matched","damage_taken":0,"max_hp_gain":0,"max_hp_loss":0,"event_name":"Match and Keep!","floor":13,"gold_loss":0,"cards_obtained":["Neutralize"]},{"damage_healed":0,"gold_gain":0,"player_choice":"Obtained Relic","damage_taken":0,"relics_obtained":["Akabeko"],"max_hp_gain":0,"max_hp_loss":0,"event_name":"Addict","floor":19,"gold_loss":85},{"damage_healed":0,"gold_gain":99,"player_choice":"Stole From Cult","damage_taken":0,"max_hp_gain":0,"max_hp_loss":0,"event_name":"Nest","floor":20,"gold_loss":0}],"is_beta":false,"boss_relics":[{"not_picked":["Black Star","Cursed Key"],"picked":"Ring of the Serpent"}],"items_purged_floors":[22],"is_endless":false,"potions_floor_spawned":[2,3,11,16,21,23,25],"killed_by":"Cultist and Chosen","ascension_level":12}}