{"host":"iml8x8es9od4zowg","time":1610547440,"event":{"mods":["2.2 Compatiblity","BaseMod","Marisa£¨Ùöéë¡¡Øª×âÞÞ£©","Minty Spire (QoL Compilation)","StSLib","Td1madao Mod","The Bug Knight","The Jungle","¡¼?Úª?ø«¡½REMEMod"],"gold_per_floor":[116,129,129,6,22,22,22,58,58,58,58,58,73,88,88,216,216,231,252,177,177,210,248,262,303,303,347,347,347,363,378,378,481,481,500,500,523,623,635,635,653,678,701,701,711,728,728,738,738,738,738,738,148,173,173],"floor_reached":56,"language":"KOR","playtime":4743,"items_purged":["Parasite"],"score":1389,"play_id":"c589e4a7-ed00-45ee-8ac4-7c0e2fff5a99","local_time":"20210113231720","is_ascension_mode":true,"campfire_choices":[{"floor":6.0,"key":"RECALL"},{"data":"Injury","floor":11,"key":"PURGE"},{"data":"HollowMod:NailStrikeStart","floor":15,"key":"PURGE"},{"floor":29,"key":"REST"},{"data":"REME_FirmDetermination","floor":32,"key":"SMITH"},{"data":"HollowMod:HornetsHelp","floor":40,"key":"SMITH"},{"data":"HollowMod:HerrahsAnger","floor":44,"key":"SMITH"},{"data":"HollowMod:NailStrikeStart","floor":47,"key":"PURGE"},{"data":"HollowMod:Weaversong","floor":49,"key":"SMITH"},{"data":"HollowMod:NailStrikeStart","floor":52,"key":"PURGE"}],"circlet_count":0,"master_deck":["HollowMod:QuickDashStart","HollowMod:QuickDashStart+1","HollowMod:QuickDashStart","HollowMod:QuickDashStart","HollowMod:FocusHealStart","HollowMod:PogoStrike","Seek","HollowMod:SharpenedNail","HollowMod:ChannelNail+1","REME_FirmDetermination+1","HollowMod:HuntersJournal","HollowMod:SoulVessel","HollowMod:HuntersJournal","HollowMod:GreatSlash","HollowMod:PerfectDash","HollowMod:HerrahsAnger+1","HollowMod:HeavyBlow","HollowMod:HornetsHelp+1","HollowMod:ZotesMagnificence+1","HollowMod:Weaversong+1","HollowMod:ChannelNail","HollowMod:MonomonsArchive+1","HollowMod:SiblingsSouls","HollowMod:ChannelNail+1","REME_FirmDetermination","Panache","HollowMod:MonomonsArchive+1"],"relics":["HollowMod:VesselMask","REME_ComplimentaryCards","Peace Pipe","Bloody Idol","Matryoshka","War Paint","Anchor","Black Star","HollowMod:GreatKnightMask","HornCleat","Pocketwatch","Molten Egg 2","Oddly Smooth Stone","HollowMod:KingsBrand","Bottled Flame","Letter Opener","HollowMod:DelicateFlower","Sozu","Blood Vial","Shuriken","Smiling Mask","Bag of Preparation","Membership Card","HollowMod:StagPassRelic","HollowMod:LumaflyLanternRelic","Mango","HollowMod:PaleOreRelic"],"acts_visited":["Exordium","TheCity","TheBeyond","TheEnding"],"potions_floor_usage":[8,25,27,27,27,27,33,55,55],"damage_taken":[{"damage":0.0,"enemies":"Small Slimes","floor":1.0,"turns":3.0},{"damage":1.0,"enemies":"Cultist","floor":2.0,"turns":3.0},{"damage":3.0,"enemies":"Jaw Worm","floor":5.0,"turns":3.0},{"damage":25,"enemies":"Lagavulin","floor":8,"turns":6},{"damage":3,"enemies":"3 Louse","floor":13,"turns":2},{"damage":0,"enemies":"Lots of Slimes","floor":14,"turns":2},{"damage":21,"enemies":"Slime Boss","floor":16,"turns":10},{"damage":0,"enemies":"Chosen","floor":18,"turns":4},{"damage":0,"enemies":"3 Byrds","floor":19,"turns":4},{"damage":0,"enemies":"HollowMod:Zote","floor":22,"turns":2},{"damage":3,"enemies":"Gremlin Leader","floor":23,"turns":8},{"damage":15,"enemies":"Sentry and Sphere","floor":24,"turns":6},{"damage":30,"enemies":"Slavers","floor":25,"turns":6},{"damage":8,"enemies":"Book of Stabbing","floor":27,"turns":6},{"damage":2,"enemies":"3 Cultists","floor":30,"turns":4},{"damage":0,"enemies":"Snecko","floor":31,"turns":3},{"damage":46,"enemies":"Champ","floor":33,"turns":16},{"damage":0,"enemies":"3 Darklings","floor":35,"turns":3},{"damage":4,"enemies":"3 Shapes","floor":39,"turns":3},{"damage":0,"enemies":"Jaw Worm Horde","floor":41,"turns":3},{"damage":0,"enemies":"HollowMod:StalkingDevout","floor":42,"turns":6},{"damage":11,"enemies":"HollowMod:SlobberingHusk","floor":45,"turns":5},{"damage":1,"enemies":"Transient","floor":46,"turns":5},{"damage":0,"enemies":"Writhing Mass","floor":48,"turns":4},{"damage":0,"enemies":"HollowMod:Radiance","floor":50,"turns":8},{"damage":0,"enemies":"Shield and Spear","floor":54,"turns":4},{"damage":73,"enemies":"The Heart","floor":55,"turns":9}],"seed_played":"4810450240965199752","potions_obtained":[{"floor":1.0,"key":"AttackPotion"},{"floor":8,"key":"SpeedPotion"},{"floor":16,"key":"Dexterity Potion"},{"floor":19,"key":"DistilledChaos"},{"floor":22,"key":"Energy Potion"},{"floor":24,"key":"CultistPotion"},{"floor":25,"key":"EntropicBrew"},{"floor":30,"key":"LiquidBronze"}],"is_trial":false,"path_per_floor":["M","M","?","$","M","R","?","E","T","$","R","?","M","M","R","B",null,"M","M","?","?","?","E","M","E","T","E","?","R","M","M","R","B",null,"M","?","T","?","M","R","M","E","T","R","M","M","R","M","R","B",null,"R","$","E","B",null],"character_chosen":"THE_BUGKNIGHT","items_purchased":["REME_FirmDetermination","HollowMod:HuntersJournal","Membership Card","HollowMod:StagPassRelic","REME_FirmDetermination","Panache","HollowMod:LumaflyLanternRelic"],"campfire_rested":1,"item_purchase_floors":[4,4,53,53,53,53,53],"current_hp_per_floor":[68,67,67,67,64,64,64,45,45,45,45,45,42,42,42,27,68,68,68,68,68,68,65,50,20,20,12,12,32,41,46,46,15,68,68,68,68,68,68,68,68,68,68,68,68,68,68,68,68,68,68,68,65,79,12],"gold":173,"neow_bonus":"ONE_RARE_RELIC","is_daily":false,"chose_seed":false,"campfire_upgraded":4,"win_rate":0.0,"timestamp":1610547440,"path_taken":["M","M","?","?","M","R","?","E","T","$","R","?","M","?","R","BOSS","M","M","?","?","?","E","M","E","T","E","?","R","M","?","R","BOSS","M","?","?","?","M","R","M","E","T","R","M","?","R","M","R","BOSS","R","$","E","BOSS"],"items_purchased_type":["Card","Card","Relic","Relic","Card","Card","Relic"],"build_version":"2020-12-22","purchased_purges":1,"victory":true,"max_hp_per_floor":[68,68,68,68,68,68,68,68,68,68,68,68,68,68,68,68,68,68,68,68,68,68,68,68,68,68,68,68,68,68,68,68,68,68,68,68,68,68,68,68,68,68,68,68,68,68,68,68,68,68,68,68,65,79,79],"card_choices":[{"not_picked":["HollowMod:InfectedAttack","HollowMod:ChannelNail"],"picked":"HollowMod:SharpenedNail","floor":1.0},{"not_picked":["HollowMod:MawleksShell","HollowMod:DreamGate"],"picked":"HollowMod:ChannelNail","floor":2.0},{"not_picked":["HollowMod:SiblingsSouls","HollowMod:MothsMistake"],"picked":"HollowMod:SoulVessel","floor":5.0},{"not_picked":["HollowMod:SoulSplash","HollowMod:LuriensSpire"],"picked":"HollowMod:HuntersJournal","floor":8},{"not_picked":["HollowMod:TaintedHusks","HollowMod:CycloneSlash"],"picked":"HollowMod:GreatSlash","floor":13},{"not_picked":["HollowMod:LordofShades","HollowMod:SoulSplash"],"picked":"HollowMod:PerfectDash","floor":14},{"not_picked":["HollowMod:MidwifesHunger","HollowMod:LifebloodCore"],"picked":"HollowMod:HerrahsAnger","floor":16},{"not_picked":["HollowMod:RecoilStrike+1","HollowMod:NewJinnsSoul"],"picked":"HollowMod:HeavyBlow","floor":18},{"not_picked":["HollowMod:LuriensSpire","HollowMod:VengefulVoid","HollowMod:InfectedCysts"],"picked":"SKIP","floor":19},{"not_picked":["HollowMod:BaldurShell","HollowMod:InfectedAttack"],"picked":"HollowMod:HornetsHelp","floor":23},{"not_picked":["HollowMod:CycloneSlash","HollowMod:WraithStrike","HollowMod:MonarchWings"],"picked":"SKIP","floor":24},{"not_picked":["HollowMod:InfectedAttack+1","HollowMod:AwokenDreamNail+1","HollowMod:WraithStrike+1"],"picked":"SKIP","floor":25},{"not_picked":["HollowMod:GoodIntentions","HollowMod:BaldurShell+1"],"picked":"HollowMod:ZotesMagnificence+1","floor":27},{"not_picked":["HollowMod:DescendingDark+1","HollowMod:NewLittleFool+1","HollowMod:InfectionAssault+1"],"picked":"SKIP","floor":30},{"not_picked":["HollowMod:NewLittleFool+1","HollowMod:AbyssShriek+1","HollowMod:CrystalDash"],"picked":"SKIP","floor":31},{"not_picked":["HollowMod:HerrahsAnger","HollowMod:SlysStrikes"],"picked":"HollowMod:Weaversong","floor":33},{"not_picked":["HollowMod:SoulStrike+1","HollowMod:GreatSlash+1"],"picked":"HollowMod:ChannelNail","floor":35},{"not_picked":["HollowMod:HowlingWraiths+1","HollowMod:MidwifesHunger+1","HollowMod:ChannelNail"],"picked":"SKIP","floor":39},{"not_picked":["HollowMod:WraithStrike+1","HollowMod:CrystalDash+1","HollowMod:SoulShaman"],"picked":"SKIP","floor":41},{"not_picked":["HollowMod:SoulMaster","HollowMod:ChannelNail+1"],"picked":"HollowMod:MonomonsArchive+1","floor":42},{"not_picked":["HollowMod:HeavyBlow+1","HollowMod:CycloneSlash+1"],"picked":"HollowMod:SiblingsSouls","floor":45},{"not_picked":["HollowMod:HuntersJournal","HollowMod:BaldurShell"],"picked":"HollowMod:ChannelNail+1","floor":46},{"not_picked":["HollowMod:SoulEater","HollowMod:DungDefenderAura","HollowMod:HeavyBlow+1"],"picked":"SKIP","floor":48},{"not_picked":["HollowMod:ChannelNail","HollowMod:CornifersMapStart"],"picked":"HollowMod:MonomonsArchive+1","floor":54}],"player_experience":570391,"relics_obtained":[{"floor":8,"key":"Matryoshka"},{"floor":9,"key":"War Paint"},{"floor":22,"key":"HollowMod:GreatKnightMask"},{"floor":23,"key":"HornCleat"},{"floor":23,"key":"Pocketwatch"},{"floor":25,"key":"Molten Egg 2"},{"floor":25,"key":"Oddly Smooth Stone"},{"floor":26,"key":"HollowMod:KingsBrand"},{"floor":26,"key":"Bottled Flame"},{"floor":27,"key":"Letter Opener"},{"floor":27,"key":"HollowMod:DelicateFlower"},{"floor":37,"key":"Blood Vial"},{"floor":42,"key":"Shuriken"},{"floor":42,"key":"Smiling Mask"},{"floor":43,"key":"Bag of Preparation"},{"floor":54,"key":"Mango"},{"floor":54,"key":"HollowMod:PaleOreRelic"}],"event_choices":[{"damage_healed":0.0,"max_hp_gain":0.0,"max_hp_loss":0.0,"gold_gain":0.0,"event_name":"Match and Keep!","player_choice":"0 cards matched","floor":3.0,"gold_loss":0.0,"damage_taken":0.0,"cards_obtained":[]},{"damage_healed":0,"gold_gain":0,"player_choice":"Take Wound","damage_taken":0,"relics_obtained":["Golden Idol"],"max_hp_gain":0,"max_hp_loss":0,"event_name":"Golden Idol","floor":7,"gold_loss":0,"cards_obtained":["Injury"]},{"damage_healed":0,"gold_gain":0,"player_choice":"Gave Potion","damage_taken":0,"relics_obtained":["Anchor"],"max_hp_gain":0,"max_hp_loss":0,"event_name":"WeMeetAgain","floor":12,"gold_loss":0},{"cards_removed":["HollowMod:NailStrikeStart"],"damage_healed":0,"gold_gain":0,"player_choice":"Gave Gold","damage_taken":0,"max_hp_gain":0,"max_hp_loss":0,"event_name":"Beggar","floor":20,"gold_loss":75},{"damage_healed":0,"gold_gain":0,"player_choice":"Ignored","damage_taken":0,"max_hp_gain":0,"max_hp_loss":0,"event_name":"Vampires","floor":21,"gold_loss":0},{"damage_healed":0,"gold_gain":0,"player_choice":"Gave Idol","damage_taken":0,"relics_obtained":["Bloody Idol"],"max_hp_gain":0,"max_hp_loss":0,"event_name":"Forgotten Altar","floor":28,"relics_lost":["Golden Idol"],"gold_loss":0},{"damage_healed":0,"gold_gain":100,"player_choice":"Pray","damage_taken":0,"max_hp_gain":0,"max_hp_loss":0,"event_name":"Golden Shrine","floor":38,"gold_loss":0}],"is_beta":false,"boss_relics":[{"not_picked":["HollowMod:KingsSoulRelic","REME_DuelDisc"],"picked":"Black Star"},{"not_picked":["Velvet Choker","Runic Pyramid"],"picked":"Sozu"}],"items_purged_floors":[53],"is_endless":false,"potions_floor_spawned":[1,8,16,19,22,24,25,30,41,45,48],"ascension_level":1}}