{"host":"o5jvvi5yapo90aia","time":1610535055,"event":{"mods":["BaseMod","CapriCore","Minty Spire (QoL Compilation)","MostiFishMod","Prisma Mod","Spicy Shops","StSLib","TestMod","The Immortal","Yakumo Yukari mod","【人物mod】游戏王New YuGiOh mod","【功能Mod】Neow奖励"],"gold_per_floor":[131,131,131,158,189,235,235,268,268,543,583,290,137,184,184,278,278,310,310,20,20,46,46,90,90,115,115,142,187,217,258,258,350,350,375,375,375,390,390,433,433,483,533,545,557,613,625,669,681,708,735,747,759,188,234,234],"floor_reached":57,"language":"ZHS","playtime":1330,"items_purged":["Regret","Defend_P","FearNoEvil+1"],"score":3895,"play_id":"85d328ed-1f1d-46b8-b9aa-aa549c48ae0c","local_time":"20210113185055","is_ascension_mode":true,"campfire_choices":[{"data":"Defend_P","floor":7.0,"key":"PURGE"},{"data":"Defend_P","floor":15.0,"key":"PURGE"},{"data":"Strike_P","floor":23.0,"key":"PURGE"},{"data":"Strike_P","floor":32.0,"key":"PURGE"},{"floor":44.0,"key":"RECALL"},{"data":"Strike_P+1","floor":47.0,"key":"PURGE"},{"data":"FlurryOfBlows+1","floor":49.0,"key":"PURGE"},{"data":"Vigilance+1","floor":53.0,"key":"PURGE"}],"circlet_count":0,"master_deck":["Eruption+1","MostiFishMod:Speedup+1","Ragnarok+1","MostiFishMod:Adaptation+1","TalkToTheHand+1","testmod-ChaoticCore+1","DeusExMachina+1","DevaForm+1","InnerPeace+1","Scrawl+1","Adaptation+1","Fasting2+1","MostiFishMod:StarOceanP","Tantrum"],"relics":["DaveBox","testmod-TestBox","testmod-PortableAltar","BionicSphere","testmod-SaigiyounoYou","SynthV:TestCard","testmod-Motorcycle","InkBottle","Frozen Egg 2","Membership Card","Juzu Bracelet","Mercury Hourglass","OrangePellets","Bronze Scales","FeatherPendant","Bottled Tornado","CombinedTypeHook","ThornShield","Kunai","testmod-Recursion","Turnip","Lantern","Dream Catcher","Anchor","MawBank","Bag of Marbles","SynthV","Orrery","Vajra","Pen Nib","Bottled Flame","Orichalcum"],"acts_visited":["Exordium","TheCity","TheBeyond","TheEnding"],"potions_floor_usage":[56],"damage_taken":[{"damage":3.0,"enemies":"Small Slimes","floor":1.0,"turns":3.0},{"damage":2.0,"enemies":"2 Louse","floor":4.0,"turns":2.0},{"damage":1.0,"enemies":"Cultist","floor":5.0,"turns":2.0},{"damage":4.0,"enemies":"Lagavulin","floor":6.0,"turns":5.0},{"damage":1.0,"enemies":"Looter","floor":8.0,"turns":2.0},{"damage":2.0,"enemies":"Gremlin Nob","floor":11.0,"turns":3.0},{"damage":2.0,"enemies":"3 Sentries","floor":14.0,"turns":4.0},{"damage":2.0,"enemies":"Hexaghost","floor":16.0,"turns":5.0},{"damage":0.0,"enemies":"Chosen","floor":18.0,"turns":2.0},{"damage":0.0,"enemies":"3 Byrds","floor":22.0,"turns":2.0},{"damage":0.0,"enemies":"Gremlin Leader","floor":24.0,"turns":2.0},{"damage":0.0,"enemies":"Snecko","floor":28.0,"turns":2.0},{"damage":0.0,"enemies":"Book of Stabbing","floor":29.0,"turns":2.0},{"damage":0.0,"enemies":"Chosen and Byrds","floor":30.0,"turns":2.0},{"damage":0.0,"enemies":"Gremlin Leader","floor":31.0,"turns":1.0},{"damage":0.0,"enemies":"Automaton","floor":33.0,"turns":1.0},{"damage":0.0,"enemies":"3 Darklings","floor":35.0,"turns":1.0},{"damage":0.0,"enemies":"3 Darklings","floor":38.0,"turns":1.0},{"damage":0.0,"enemies":"Reptomancer","floor":40.0,"turns":1.0},{"damage":0.0,"enemies":"Nemesis","floor":42.0,"turns":1.0},{"damage":0.0,"enemies":"Giant Head","floor":46.0,"turns":1.0},{"damage":0.0,"enemies":"3 Shapes","floor":48.0,"turns":1.0},{"damage":0.0,"enemies":"Time Eater","floor":50.0,"turns":1.0},{"damage":0.0,"enemies":"Awakened One","floor":51.0,"turns":2.0},{"damage":0.0,"enemies":"Shield and Spear","floor":55.0,"turns":1.0},{"damage":0,"enemies":"The Heart","floor":56,"turns":1}],"seed_played":"-8778019168240399668","potions_obtained":[{"floor":4.0,"key":"SneckoOil"},{"floor":6.0,"key":"ColorlessPotion"},{"floor":8.0,"key":"Swift Potion"},{"floor":40.0,"key":"PowerPotion"},{"floor":46.0,"key":"testmod-TestPotion"}],"is_trial":false,"path_per_floor":["M","?","?","M","M","E","R","M","T","?","E","$","$","E","R","B",null,"M","?","$","?","M","R","E","?","T","?","M","E","M","E","R","B",null,"M","T","?","?","?","E","?","E","T","R","$","E","R","M","R","B","B",null,"R","$","E","B",null],"character_chosen":"WATCHER","items_purchased":["Membership Card","Juzu Bracelet","Mercury Hourglass","OrangePellets","testmod-ChaoticCore+1","Bottled Tornado","SynthV","Fasting2+1","Orrery","Vajra","Pen Nib","Bottled Flame"],"campfire_rested":0,"item_purchase_floors":[12,12,13,13,20,20,54,54,54,54,54,54],"current_hp_per_floor":[67,66,61,64,63,62,61,60,59,58,56,56,55,54,53,52,51,50,49,48,47,46,45,44,43,42,41,40,39,38,37,36,35,34,33,32,31,30,29,28,26,25,24,23,22,21,20,19,18,17,16,15,14,13,12,11],"gold":234,"neow_bonus":"BOSS_RELIC","is_daily":false,"chose_seed":false,"campfire_upgraded":0,"win_rate":0.0,"timestamp":1610535055,"path_taken":["M","?","?","M","M","E","R","?","T","?","E","?","$","E","R","BOSS","M","?","$","?","M","R","E","?","T","?","M","E","M","E","R","BOSS","M","?","?","?","?","E","?","E","T","R","$","E","R","M","R","BOSS","BOSS","R","$","E","BOSS"],"items_purchased_type":["Relic","Relic","Relic","Relic","Card","Relic","Relic","Card","Relic","Relic","Relic","Relic"],"build_version":"2020-12-22","purchased_purges":3,"victory":true,"max_hp_per_floor":[67,66,65,64,63,62,61,60,59,58,57,56,55,54,53,52,51,50,49,48,47,46,45,44,43,42,41,40,39,38,37,36,35,34,33,32,31,30,29,28,26,25,24,23,22,21,20,19,18,17,16,15,14,13,12,11],"card_choices":[{"not_picked":["SashWhip","EmptyFist"],"picked":"FlurryOfBlows","floor":1.0},{"not_picked":["FlurryOfBlows","MostiFishMod:Nomercy","Pray","EmptyFist","FollowUp"],"picked":"SKIP","floor":4.0},{"not_picked":["ThirdEye","WreathOfFlame","Worship","SashWhip"],"picked":"MostiFishMod:Speedup","floor":5.0},{"not_picked":["Wireheading","Nirvana","Protect","Prostrate","Establishment"],"picked":"SKIP","floor":6.0},{"not_picked":["ClearTheMind","Weave","JustLucky","FlyingSleeves","Evaluate"],"picked":"SKIP","floor":8.0},{"not_picked":["BattleHymn+1","EmptyFist","ReachHeaven","Perseverance","Wireheading+1"],"picked":"SKIP","floor":11.0},{"not_picked":["PathToVictory","CrushJoints","JustLucky","SignatureMove"],"picked":"Ragnarok","floor":14.0},{"not_picked":["MostiFishMod:StarHerder+1","Scrawl","Vault","MasterReality+1"],"picked":"MostiFishMod:Adaptation+1","floor":16.0},{"not_picked":["Sanctity","EmptyBody","FlurryOfBlows","Consecrate"],"picked":"TalkToTheHand+1","floor":18.0},{"not_picked":["ClearTheMind","CrushJoints","WreathOfFlame","Protect"],"picked":"FearNoEvil","floor":22.0},{"not_picked":["PathToVictory","MostiFishMod:Nomercy+1","WindmillStrike","Protect"],"picked":"DeusExMachina","floor":24.0},{"not_picked":["ForeignInfluence","Crescendo","ClearTheMind","Study+1","Protect"],"picked":"SKIP","floor":28.0},{"not_picked":["Consecrate","WaveOfTheHand","SandsOfTime","MostiFishMod:Nomercy+1","EmptyMind"],"picked":"SKIP","floor":29.0},{"not_picked":["FlyingSleeves","Vengeance","MostiFishMod:Nomercy+1","Meditate+1"],"picked":"InnerPeace","floor":30.0},{"not_picked":["CutThroughFate","PathToVictory","Sanctity","MentalFortress+1"],"picked":"Scrawl","floor":31.0},{"not_picked":["MostiFishMod:PathToVictory","Evaluate","Halt","WindmillStrike+1","PathToVictory"],"picked":"SKIP","floor":35.0},{"not_picked":["BowlingBash","Wireheading+1","Halt","EmptyFist+1","Vengeance+1"],"picked":"SKIP","floor":40.0},{"not_picked":["ClearTheMind+1","MostiFishMod:PathToVictory","DeceiveReality","Evaluate","CrushJoints+1"],"picked":"SKIP","floor":42.0},{"not_picked":["LessonLearned","Wallop","FlurryOfBlows","PathToVictory"],"picked":"Adaptation+1","floor":46.0},{"not_picked":["ThirdEye","FlyingSleeves","Consecrate","MostiFishMod:Speedup+1","JustLucky"],"picked":"SKIP","floor":48.0},{"not_picked":["Evaluate+1","PathToVictory","FlyingSleeves+1","ClearTheMind"],"picked":"MostiFishMod:StarOceanP","floor":54.0},{"not_picked":["SpiritShield","Halt","Conclude","Omniscience"],"picked":"Tantrum","floor":55.0}],"player_experience":1418024,"relics_obtained":[{"floor":1.0,"key":"SynthV:TestCard"},{"floor":6.0,"key":"testmod-Motorcycle"},{"floor":9.0,"key":"InkBottle"},{"floor":11.0,"key":"Frozen Egg 2"},{"floor":14.0,"key":"Bronze Scales"},{"floor":24.0,"key":"CombinedTypeHook"},{"floor":29.0,"key":"ThornShield"},{"floor":31.0,"key":"Kunai"},{"floor":36.0,"key":"Turnip"},{"floor":40.0,"key":"Dream Catcher"},{"floor":42.0,"key":"Anchor"},{"floor":43.0,"key":"MawBank"},{"floor":46.0,"key":"Bag of Marbles"},{"floor":55.0,"key":"Orichalcum"}],"event_choices":[{"damage_healed":0.0,"max_hp_gain":0.0,"max_hp_loss":0.0,"gold_gain":0.0,"event_name":"Living Wall","player_choice":"Grow","floor":2.0,"gold_loss":0.0,"damage_taken":0.0,"cards_upgraded":["Eruption"]},{"damage_healed":0.0,"max_hp_gain":0.0,"max_hp_loss":0.0,"gold_gain":0.0,"event_name":"The Woman in Blue","player_choice":"Bought 0 Potions","floor":3.0,"gold_loss":0.0,"damage_taken":0.0},{"damage_healed":0.0,"max_hp_gain":0.0,"max_hp_loss":0.0,"gold_gain":275.0,"event_name":"Golden Shrine","player_choice":"Desecrate","floor":10.0,"gold_loss":0.0,"damage_taken":0.0,"cards_obtained":["Regret"]},{"cards_removed":["Defend_P"],"damage_healed":0.0,"max_hp_gain":0.0,"max_hp_loss":0.0,"gold_gain":0.0,"event_name":"Back to Basics","player_choice":"Elegance","floor":19.0,"gold_loss":0.0,"damage_taken":0.0},{"damage_healed":0.0,"max_hp_gain":0.0,"max_hp_loss":0.0,"gold_gain":0.0,"event_name":"Ghosts","player_choice":"Ignored","floor":21.0,"gold_loss":0.0,"damage_taken":0.0},{"damage_healed":0.0,"max_hp_gain":0.0,"max_hp_loss":0.0,"gold_gain":0.0,"event_name":"Vampires","player_choice":"Ignored","floor":25.0,"gold_loss":0.0,"damage_taken":0.0},{"damage_healed":0.0,"max_hp_gain":0.0,"max_hp_loss":0.0,"gold_gain":0.0,"event_name":"Match and Keep!","player_choice":"1 cards matched","floor":27.0,"gold_loss":0.0,"damage_taken":0.0,"cards_obtained":["DevaForm"]},{"damage_healed":0.0,"max_hp_gain":0.0,"max_hp_loss":0.0,"gold_gain":0.0,"event_name":"WeMeetAgain","player_choice":"Gave Potion","floor":37.0,"gold_loss":0.0,"damage_taken":0.0,"relics_obtained":["Lantern"]},{"cards_removed":["Strike_P"],"damage_healed":0.0,"max_hp_gain":0.0,"max_hp_loss":0.0,"gold_gain":0.0,"event_name":"Falling","player_choice":"Removed Attack","floor":39.0,"gold_loss":0.0,"damage_taken":0.0},{"damage_healed":0.0,"max_hp_gain":0.0,"max_hp_loss":1.0,"gold_gain":0.0,"event_name":"Winding Halls","player_choice":"Max HP","floor":41.0,"gold_loss":0.0,"damage_taken":0.0}],"is_beta":false,"boss_relics":[{"not_picked":["Coffee Dripper","testmod-TimeTraveler"],"picked":"FeatherPendant"},{"not_picked":["testmod-Nine","Busted Crown"],"picked":"testmod-Recursion"}],"items_purged_floors":[12,20,54],"is_endless":false,"potions_floor_spawned":[4,6,8,16,18,24,29,31,38,40,42,46,55],"ascension_level":20}}