{"host":"0009l0kk6tb2u2kt","time":1610582328,"event":{"mods":["BaseMod","Downfall","Hermit","Hubris","Minty Spire (QoL Compilation)","Replay The Spire","StSLib"],"gold_per_floor":[115,195,205,289,305,330,350,377,426,426,426,52,66,82,82,184,184,219,134,174,206,206,236,236,268,295,307,65,130,162,182,182,182,182],"floor_reached":33,"language":"ENG","playtime":2355,"items_purged":["hermit:Strike_Hermit","hermit:Strike_Hermit"],"score":324,"play_id":"8a76ccff-ac6d-4a7e-bd32-3d44d28ade49","local_time":"20210114005848","is_ascension_mode":false,"campfire_choices":[{"data":"hermit:CursedWeapon","floor":15,"key":"SMITH"},{"data":"hermit:DeadOrAlive","floor":24,"key":"SMITH"},{"data":"hermit:BlackWind","floor":27,"key":"SMITH"},{"data":"hermit:Scavenge","floor":32,"key":"SMITH"}],"circlet_count":0,"master_deck":["hermit:Strike_Hermit","hermit:Strike_Hermit","hermit:Defend_Hermit","hermit:Defend_Hermit","hermit:Defend_Hermit","hermit:Defend_Hermit","hermit:Snapshot+1","hermit:Covet","hermit:Manifest","hermit:Cheat","ReplayTheSpireMod:Splinters","hermit:CursedWeapon+1","hermit:Reprieve","hermit:BlackWind+1","hermit:Spite","hermit:Scavenge+1","hermit:Spite","hermit:Enervate","hermit:DeadOrAlive+1","hermit:Feint","hermit:Feint","Pain","hermit:SprayPray","hermit:SprayPray+1"],"relics":["hermit:Momento","Counterbalance","PreservedInsect","hubris:ToyBattleship","Onion Ring","ReplayTheSpireMod:TigerMarble","Velvet Choker","Regal Pillow","WarpedTongs","hermit:RyeStalk","MawBank","Bronze Scales","Chameleon Ring"],"acts_visited":["Exordium","TheCity"],"potions_floor_usage":[6,8,16,23,33,33,33],"damage_taken":[{"damage":9,"enemies":"2 Louse","floor":1,"turns":2},{"damage":0,"enemies":"Jaw Worm","floor":3,"turns":3},{"damage":2,"enemies":"Small Slimes","floor":5,"turns":3},{"damage":20,"enemies":"Gremlin Nob","floor":6,"turns":3},{"damage":7,"enemies":"Red Slaver","floor":7,"turns":3},{"damage":10,"enemies":"Replay:BlueRogue","floor":8,"turns":6},{"damage":2,"enemies":"Exordium Thugs","floor":13,"turns":2},{"damage":4,"enemies":"Large Slime","floor":14,"turns":4},{"damage":52,"enemies":"Hexaghost","floor":16,"turns":8},{"damage":16,"enemies":"Chosen","floor":18,"turns":3},{"damage":4,"enemies":"Shell Parasite","floor":20,"turns":3},{"damage":4,"enemies":"Snake Plant","floor":21,"turns":2},{"damage":8,"enemies":"Gremlin Leader","floor":23,"turns":2},{"damage":2,"enemies":"Snecko","floor":25,"turns":2},{"damage":0,"enemies":"Replay:Snechameleon","floor":29,"turns":2},{"damage":25,"enemies":"3 Cultists","floor":30,"turns":6},{"damage":2,"enemies":"Centurion and Healer","floor":31,"turns":2},{"damage":70,"enemies":"Automaton","floor":33,"turns":12}],"seed_played":"7559535049719999709","potions_obtained":[{"floor":4,"key":"Death Potion"},{"floor":4,"key":"DuplicationPotion"},{"floor":4,"key":"Toxic Potion"},{"floor":6,"key":"AttackPotion"},{"floor":7,"key":"Fruit Juice"},{"floor":8,"key":"Swift Potion"},{"floor":13,"key":"Strength Potion"},{"floor":20,"key":"hermit:Tonic"},{"floor":30,"key":"Venom Potion"},{"floor":31,"key":"hexamod:EctoCoolerPotion"}],"is_trial":false,"path_per_floor":["M","?","M","?","M","E","M","E","T","T","?","$","M","M","R","B",null,"M","?","M","M","?","E","R","M","T","R","$","E","M","M","R","B"],"character_chosen":"HERMIT","items_purchased":["hermit:Spite","hermit:Scavenge","ReplayTheSpireMod:TigerMarble","Bronze Scales"],"campfire_rested":0,"item_purchase_floors":[12,12,12,28],"current_hp_per_floor":[66,66,66,66,64,44,41,48,48,48,80,80,80,78,78,30,80,68,68,76,72,72,64,64,70,70,70,70,70,53,51,51,0,0],"gold":182,"neow_bonus":"UPGRADE_CARD","is_daily":false,"chose_seed":false,"campfire_upgraded":4,"win_rate":0.0,"timestamp":1610582328,"path_taken":["M","?","M","?","M","E","?","E","T","?","?","$","?","M","R","BOSS","M","?","M","M","?","E","R","M","T","R","$","E","M","M","R","BOSS"],"items_purchased_type":["Card","Card","Relic","Relic"],"build_version":"2020-12-22","purchased_purges":2,"victory":false,"max_hp_per_floor":[75,75,75,75,75,75,75,80,80,80,80,80,80,80,80,80,80,80,80,80,80,80,80,80,80,80,80,80,80,80,80,80,80,80],"card_choices":[{"not_picked":["hermit:CalledShot","hermit:BodyArmor"],"picked":"hermit:Manifest","floor":1},{"not_picked":["hermit:TrackingShot","hermit:EyeOfTheStorm"],"picked":"hermit:Cheat","floor":3},{"not_picked":["hermit:SprayPray","hermit:WideOpen"],"picked":"hermit:CursedWeapon","floor":4},{"not_picked":["hermit:TrackingShot","hermit:HighCaliber"],"picked":"hermit:Horror","floor":5},{"not_picked":["hermit:Roulette","hermit:Showdown"],"picked":"hermit:Reprieve","floor":6},{"not_picked":["hermit:HighCaliber","hermit:Snipe","hermit:LoneWolf"],"picked":"SKIP","floor":7},{"not_picked":["hermit:WideOpen","hermit:HoleUp"],"picked":"hermit:BlackWind","floor":8},{"not_picked":["hermit:CalledShot","hermit:NoHoldsBarred"],"picked":"hermit:Spite","floor":13},{"not_picked":["hermit:Coalescence","hermit:Scavenge"],"picked":"hermit:Enervate","floor":14},{"not_picked":["hermit:Purgatory","hermit:Adapt"],"picked":"hermit:DeadOrAlive","floor":16},{"not_picked":["hermit:CalledShot","hermit:FlashPowder"],"picked":"hermit:Feint","floor":18},{"not_picked":["hermit:Headshot","hermit:ItchyTrigger","hermit:Glare"],"picked":"SKIP","floor":20},{"not_picked":["hermit:LowProfile","hermit:TrackingShot"],"picked":"hermit:Feint","floor":21},{"not_picked":["hermit:Coalescence","hermit:Horror","hermit:TakeCover"],"picked":"SKIP","floor":23},{"not_picked":["hermit:Deadeye","hermit:Desperado"],"picked":"hermit:SprayPray","floor":25},{"not_picked":["hermit:GoldenBullet","hermit:HoleUp","hermit:BlackWind"],"picked":"SKIP","floor":29},{"not_picked":["hermit:Coalescence","hermit:CursedWeapon","hermit:LoneWolf"],"picked":"SKIP","floor":30},{"not_picked":["hermit:EyeOfTheStorm","hermit:HighCaliber"],"picked":"hermit:SprayPray+1","floor":31}],"player_experience":204972,"relics_obtained":[{"floor":6,"key":"Counterbalance"},{"floor":8,"key":"PreservedInsect"},{"floor":9,"key":"hubris:ToyBattleship"},{"floor":10,"key":"Onion Ring"},{"floor":23,"key":"hermit:RyeStalk"},{"floor":26,"key":"MawBank"},{"floor":29,"key":"Chameleon Ring"}],"event_choices":[{"damage_healed":0,"gold_gain":80,"player_choice":"Gained Gold","damage_taken":0,"max_hp_gain":0,"max_hp_loss":0,"event_name":"Golden Wing","floor":2,"gold_loss":0},{"cards_removed":["hermit:Horror"],"damage_healed":32,"gold_gain":0,"player_choice":"Offered Uncommon","damage_taken":0,"max_hp_gain":0,"max_hp_loss":0,"event_name":"Bonfire Elementals","floor":11,"gold_loss":0},{"damage_healed":0,"gold_gain":0,"player_choice":"Obtained Relic","damage_taken":0,"relics_obtained":["Regal Pillow"],"max_hp_gain":0,"max_hp_loss":0,"event_name":"Addict","floor":19,"gold_loss":85},{"damage_healed":0,"gold_gain":0,"player_choice":"Rummage","damage_taken":0,"relics_obtained":["WarpedTongs"],"max_hp_gain":0,"max_hp_loss":0,"event_name":"Accursed Blacksmith","floor":22,"gold_loss":0,"cards_obtained":["Pain"]}],"is_beta":false,"boss_relics":[{"not_picked":["Astrolabe","hubris:GrandSneckoEye"],"picked":"Velvet Choker"}],"items_purged_floors":[12,28],"is_endless":false,"potions_floor_spawned":[6,7,8,13,20,21,30,31],"killed_by":"Automaton","ascension_level":0}}