{"host":"yptvp0rjza9g9li7","time":1610538076,"event":{"mods":["AchievementEnabler","BaseMod","Colored Map","Colored Powertips","DeckTracker","Minty Spire (QoL Compilation)","SuperFastMode"],"gold_per_floor":[110,185,199,216,234,234,267,267,294,294,322,284,307,333,345,456,468,494,132,119,119,119],"floor_reached":21,"language":"KOR","playtime":836,"items_purged":["Strike_R"],"score":191,"play_id":"94914b2c-b4f7-4f62-9638-9a0942160992","local_time":"20210113204116","is_ascension_mode":false,"campfire_choices":[{"data":"Rampage","floor":6.0,"key":"SMITH"},{"data":"Evolve","floor":8.0,"key":"SMITH"},{"data":"Trip","floor":10.0,"key":"SMITH"},{"floor":15.0,"key":"REST"}],"circlet_count":0,"master_deck":["Strike_R","Strike_R","Strike_R","Defend_R","Defend_R","Defend_R","Defend_R","Bash","Trip+1","Headbutt","Rupture","Rampage+1","Disarm","Evolve+1","Seeing Red","Blood for Blood","Shrug It Off","Reaper","Fiend Fire"],"relics":["Burning Blood","Tiny Chest","Ancient Tea Set","MawBank","Velvet Choker","Akabeko"],"acts_visited":["Exordium","TheCity"],"potions_floor_usage":[],"damage_taken":[{"damage":8.0,"enemies":"2 Louse","floor":1.0,"turns":2.0},{"damage":3.0,"enemies":"Jaw Worm","floor":3.0,"turns":3.0},{"damage":7.0,"enemies":"Small Slimes","floor":4.0,"turns":3.0},{"damage":11.0,"enemies":"3 Louse","floor":5.0,"turns":5.0},{"damage":17.0,"enemies":"Lagavulin","floor":7.0,"turns":6.0},{"damage":43.0,"enemies":"3 Sentries","floor":11.0,"turns":6.0},{"damage":20.0,"enemies":"Exordium Thugs","floor":13.0,"turns":5.0},{"damage":15.0,"enemies":"Looter","floor":14.0,"turns":3.0},{"damage":8.0,"enemies":"Slime Boss","floor":16.0,"turns":7.0},{"damage":43.0,"enemies":"Spheric Guardian","floor":18.0,"turns":7.0},{"damage":30.0,"enemies":"2 Thieves","floor":20.0,"turns":4.0},{"damage":39,"enemies":"Centurion and Healer","floor":21,"turns":6}],"seed_played":"8849382126509734415","potions_obtained":[{"floor":3.0,"key":"Regen Potion"},{"floor":5.0,"key":"PowerPotion"},{"floor":7.0,"key":"Dexterity Potion"},{"floor":18.0,"key":"BlessingOfTheForge"}],"is_trial":false,"path_per_floor":["M","?","M","M","M","R","E","R","T","R","E","?","M","M","R","B",null,"M","$","M","M"],"character_chosen":"IRONCLAD","items_purchased":["Fiend Fire","Akabeko"],"campfire_rested":1,"item_purchase_floors":[19,19],"current_hp_per_floor":[78,67,70,69,64,64,67,67,67,67,30,30,16,7,31,29,80,47,47,33,0,0],"gold":119,"neow_bonus":"RANDOM_COLORLESS","is_daily":false,"chose_seed":false,"campfire_upgraded":3,"win_rate":0.0,"timestamp":1610538076,"path_taken":["M","?","M","M","M","R","E","R","T","R","E","?","M","M","R","BOSS","M","$","M","M"],"items_purchased_type":["Card","Relic"],"build_version":"2020-12-22","purchased_purges":1,"victory":false,"max_hp_per_floor":[80,80,80,80,80,80,80,80,80,80,80,80,80,80,80,80,80,80,80,80,80,80],"card_choices":[{"not_picked":["Purity","Madness"],"picked":"Trip","floor":0.0},{"not_picked":["Flex","Pummel"],"picked":"Headbutt","floor":1.0},{"not_picked":["Warcry","Flex"],"picked":"Rupture","floor":3.0},{"not_picked":["Body Slam","Clash"],"picked":"Rampage","floor":4.0},{"not_picked":["Thunderclap","Clothesline"],"picked":"Disarm","floor":5.0},{"not_picked":["Immolate","Shrug It Off"],"picked":"Evolve","floor":7.0},{"not_picked":["Ghostly Armor","Spot Weakness"],"picked":"Seeing Red","floor":11.0},{"not_picked":["Metallicize","Flame Barrier"],"picked":"Blood for Blood","floor":13.0},{"not_picked":["Flex","Battle Trance"],"picked":"Shrug It Off","floor":14.0},{"not_picked":["Brutality","Exhume"],"picked":"Reaper","floor":16.0},{"not_picked":["Thunderclap","Sword Boomerang","Perfected Strike+1"],"picked":"SKIP","floor":18.0},{"not_picked":["Twin Strike","Iron Wave","Shrug It Off"],"picked":"SKIP","floor":20.0}],"player_experience":199722,"relics_obtained":[{"floor":7.0,"key":"Tiny Chest"},{"floor":9.0,"key":"Ancient Tea Set"},{"floor":11.0,"key":"MawBank"}],"event_choices":[{"damage_healed":0.0,"max_hp_gain":0.0,"max_hp_loss":0.0,"gold_gain":75.0,"event_name":"World of Goop","player_choice":"Gather Gold","floor":2.0,"gold_loss":0.0,"damage_taken":11.0},{"cards_removed":["Strike_R"],"damage_healed":0.0,"max_hp_gain":0.0,"max_hp_loss":0.0,"gold_gain":0.0,"event_name":"The Cleric","player_choice":"Card Removal","floor":12.0,"gold_loss":50.0,"damage_taken":0.0}],"is_beta":false,"boss_relics":[{"not_picked":["Cursed Key","Fusion Hammer"],"picked":"Velvet Choker"}],"items_purged_floors":[19],"is_endless":false,"potions_floor_spawned":[3,5,7,18],"killed_by":"Centurion and Healer","ascension_level":0}}