{"host":"hcqkcraj366891gy","time":1610556295,"event":{"mods":["BaseMod","Colored Map","Minty Spire (QoL Compilation)","Permanent Neow","Relic Stats","StSLib"],"gold_per_floor":[115,115,126,11,24,24,54,68,93,107,107,107,107,125,125,227,227,238,238,238,238],"floor_reached":20,"language":"ENG","playtime":1027,"items_purged":["Strike_P"],"score":235,"play_id":"955a9422-14cf-4162-9c40-c8b080aac52f","local_time":"20210114004455","is_ascension_mode":true,"campfire_choices":[{"data":"Eruption","floor":6.0,"key":"SMITH"},{"floor":11.0,"key":"REST"},{"floor":13.0,"key":"REST"},{"data":"Devotion","floor":15.0,"key":"SMITH"}],"circlet_count":0,"master_deck":["Strike_P","Strike_P","Defend_P","Defend_P","Defend_P","Defend_P","Eruption+1","Vigilance","Indignation","Halt","Adaptation","Sanctity","Devotion+1","FollowUp","Evaluate","Meditate","Scrawl","CrushJoints"],"relics":["PureWater","Blood Vial","Oddly Smooth Stone","Omamori","Smiling Mask","Philosopher\u0027s Stone"],"acts_visited":["Exordium","TheCity"],"potions_floor_usage":[16],"damage_taken":[{"damage":7.0,"enemies":"Cultist","floor":1.0,"turns":3.0},{"damage":12.0,"enemies":"Small Slimes","floor":3.0,"turns":5.0},{"damage":0.0,"enemies":"Jaw Worm","floor":5.0,"turns":3.0},{"damage":19.0,"enemies":"Gremlin Nob","floor":7.0,"turns":4.0},{"damage":11.0,"enemies":"2 Fungi Beasts","floor":8.0,"turns":3.0},{"damage":1.0,"enemies":"Large Slime","floor":10.0,"turns":5.0},{"damage":15.0,"enemies":"Blue Slaver","floor":14.0,"turns":3.0},{"damage":49,"enemies":"Slime Boss","floor":16,"turns":20},{"damage":31,"enemies":"2 Thieves","floor":18,"turns":4},{"damage":18,"enemies":"Spheric Guardian","floor":20,"turns":5}],"seed_played":"2569809288211200762","potions_obtained":[{"floor":1.0,"key":"SpeedPotion"},{"floor":3.0,"key":"Explosive Potion"},{"floor":14.0,"key":"Dexterity Potion"},{"floor":16,"key":"CultistPotion"},{"floor":18,"key":"BlessingOfTheForge"}],"is_trial":false,"path_per_floor":["M","?","M","$","M","R","E","M","T","M","R","?","R","M","R","B",null,"M","?","M"],"character_chosen":"WATCHER","items_purchased":["Adaptation"],"campfire_rested":2,"item_purchase_floors":[4],"current_hp_per_floor":[60,60,50,50,52,52,35,26,26,27,48,41,62,49,49,2,55,26,13,0,0],"gold":238,"neow_bonus":"RANDOM_COMMON_RELIC","is_daily":false,"chose_seed":false,"campfire_upgraded":2,"win_rate":0.0,"timestamp":1610556295,"path_taken":["M","?","M","$","?","R","E","M","T","M","R","?","R","M","R","BOSS","M","?","M"],"items_purchased_type":["Card"],"build_version":"2020-12-22","purchased_purges":1,"victory":false,"max_hp_per_floor":[72,72,72,72,72,72,72,72,72,72,72,72,72,72,72,72,72,72,77,77,77],"relic_stats":{"Blood Vial":20,"counters":[10,55],"Smiling Mask":0,"obtain_stats":[{"Blood Vial":0,"Oddly Smooth Stone":2,"Philosopher\u0027s Stone":17,"Omamori":7,"PureWater":0,"Smiling Mask":9},{"Blood Vial":0,"Oddly Smooth Stone":1,"Philosopher\u0027s Stone":8,"Omamori":4,"PureWater":0,"Smiling Mask":5},{"Blood Vial":0,"Oddly Smooth Stone":3,"Philosopher\u0027s Stone":46,"Omamori":15,"PureWater":0,"Smiling Mask":18}]},"card_choices":[{"not_picked":["CrushJoints","EmptyBody"],"picked":"Indignation","floor":1.0},{"not_picked":["Crescendo","SashWhip"],"picked":"Halt","floor":3.0},{"not_picked":["SashWhip","Halt"],"picked":"Sanctity","floor":5.0},{"not_picked":["WheelKick","DeceiveReality"],"picked":"Devotion","floor":7.0},{"not_picked":["Wireheading","ClearTheMind"],"picked":"FollowUp","floor":8.0},{"not_picked":["ForeignInfluence","EmptyBody"],"picked":"Evaluate","floor":10.0},{"not_picked":["TalkToTheHand","Swivel"],"picked":"Meditate","floor":14.0},{"not_picked":["Blasphemy","Alpha"],"picked":"Scrawl","floor":16},{"not_picked":["ForeignInfluence","MentalFortress"],"picked":"CrushJoints","floor":18}],"player_experience":1637032,"relics_obtained":[{"floor":7.0,"key":"Omamori"},{"floor":9.0,"key":"Smiling Mask"}],"event_choices":[{"damage_healed":0.0,"max_hp_gain":0.0,"max_hp_loss":0.0,"gold_gain":0.0,"event_name":"WeMeetAgain","player_choice":"Gave Potion","floor":2.0,"gold_loss":0.0,"damage_taken":0.0,"relics_obtained":["Oddly Smooth Stone"]},{"cards_removed":["Strike_P"],"damage_healed":0.0,"max_hp_gain":0.0,"max_hp_loss":0.0,"gold_gain":0.0,"event_name":"Golden Wing","player_choice":"Card Removal","floor":12.0,"gold_loss":0.0,"damage_taken":7.0},{"damage_healed":0,"gold_gain":0,"player_choice":"Shed Blood","damage_taken":18,"max_hp_gain":5,"max_hp_loss":0,"event_name":"Forgotten Altar","floor":19,"gold_loss":0}],"is_beta":false,"boss_relics":[{"not_picked":["SacredBark","SlaversCollar"],"picked":"Philosopher\u0027s Stone"}],"items_purged_floors":[4],"is_endless":false,"potions_floor_spawned":[1,3,14,16,18],"killed_by":"Spheric Guardian","ascension_level":7}}