{"host":"khm4we1ijduz33xh","time":1610514315,"event":{"mods":["AchievementEnabler","BaseMod","Colored Map","Minty Spire (QoL Compilation)","Rare Cards Sparkle","StSLib","SuperFastMode"],"gold_per_floor":[113,113,37,37,47,74,74,100,100,100,100],"floor_reached":10,"language":"KOR","playtime":527,"items_purged":[],"score":84,"play_id":"963d53d9-a40d-43c1-a557-93ee7823d417","local_time":"20210113140515","is_ascension_mode":true,"campfire_choices":[{"data":"Capacitor","floor":7,"key":"SMITH"}],"circlet_count":0,"master_deck":["Strike_B","Strike_B","Strike_B","Strike_B","Defend_B","Defend_B","Defend_B","Defend_B","Zap","Dualcast","Mind Blast","Chill","Glacier","Capacitor+1","Fusion","Ball Lightning","Cold Snap"],"relics":["Cracked Core","Question Card","Potion Belt","Frozen Egg 2","Regal Pillow"],"acts_visited":["Exordium"],"potions_floor_usage":[8],"damage_taken":[{"damage":11,"enemies":"Cultist","floor":1,"turns":4},{"damage":0,"enemies":"Small Slimes","floor":2,"turns":3},{"damage":0,"enemies":"Jaw Worm","floor":5,"turns":5},{"damage":40,"enemies":"Lagavulin","floor":6,"turns":13},{"damage":7,"enemies":"3 Sentries","floor":8,"turns":9},{"damage":32,"enemies":"Gremlin Nob","floor":10,"turns":3}],"seed_played":"809959097274827873","potions_obtained":[{"floor":5,"key":"SpeedPotion"},{"floor":6,"key":"EssenceOfSteel"}],"is_trial":false,"path_per_floor":["M","M","$","T","M","E","R","E","T","E"],"character_chosen":"DEFECT","items_purchased":["Capacitor"],"campfire_rested":0,"item_purchase_floors":[3],"current_hp_per_floor":[64,64,64,64,64,24,24,17,17,0,0],"gold":100,"neow_bonus":"RANDOM_COLORLESS","is_daily":false,"chose_seed":false,"campfire_upgraded":1,"win_rate":0.0,"timestamp":1610514315,"path_taken":["M","M","$","?","M","E","R","E","T","E"],"items_purchased_type":["Card"],"build_version":"2020-12-22","purchased_purges":0,"victory":false,"max_hp_per_floor":[75,75,75,75,75,75,75,75,75,75,75],"card_choices":[{"not_picked":["Impatience","Dramatic Entrance"],"picked":"Mind Blast","floor":0},{"not_picked":["Steam","Cold Snap"],"picked":"Chill","floor":1},{"not_picked":["Chill","Sunder"],"picked":"Glacier","floor":2},{"not_picked":["Sweeping Beam","Barrage","Streamline"],"picked":"Fusion","floor":5},{"not_picked":["Genetic Algorithm","Rebound","Conserve Battery"],"picked":"Ball Lightning","floor":6},{"not_picked":["Aggregate","Sweeping Beam","Hologram"],"picked":"Cold Snap","floor":8}],"player_experience":222065,"relics_obtained":[{"floor":4,"key":"Question Card"},{"floor":6,"key":"Potion Belt"},{"floor":8,"key":"Frozen Egg 2"},{"floor":9,"key":"Regal Pillow"}],"event_choices":[],"is_beta":false,"boss_relics":[],"items_purged_floors":[],"is_endless":false,"potions_floor_spawned":[5,6],"killed_by":"Gremlin Nob","ascension_level":2}}