{"host":"59efrpl3ft1ymrg4","time":1610582095,"event":{"mods":["BaseMod","Infinite Spire","Minty Spire (QoL Compilation)","Replay The Spire","StSLib"],"gold_per_floor":[111,61,61,75,89,118,137,137,164,257,257,269,287,317,317,422,422,441,441,441,441,459,488,488,506,506,50,68,83,83,101,101,204,204,222,222,233,2,2,2,2,2],"floor_reached":41,"language":"ENG","playtime":3674,"items_purged":["Defend_P"],"score":623,"play_id":"20add742-9099-48b9-a461-2dcc163784b7","local_time":"20210113235455","is_ascension_mode":false,"campfire_choices":[{"data":"FlurryOfBlows","floor":8.0,"key":"SMITH"},{"floor":11.0,"key":"REST"},{"floor":15.0,"key":"REST"},{"floor":24.0,"key":"REST"},{"data":"RitualDagger","floor":40,"key":"SMITH"}],"circlet_count":0,"master_deck":["Defend_P","Defend_P","Eruption","Vigilance","ReachHeaven","Replay:Cycle","EmptyBody","WaveOfTheHand","FlurryOfBlows+1","LikeWater","Swivel","EmptyBody","Crescendo","JustLucky","Replay:LoomingThreat","Replay:Battleflow","RitualDagger+1","Bite","Bite","Bite","Bite","Bite","Protect+1","FlurryOfBlows+1","JustLucky","FlurryOfBlows","LikeWater","DevaForm","JustLucky+1","Pray+1"],"relics":["Black Star","Potion Belt","Replay:Mystery Machine","Damaru","Calipers","Divine Protection","Garlic","Replay:Baseball","Bag of Preparation","Bottled Tornado","HandDrill","Honey Jar","Nunchaku"],"acts_visited":["Exordium","TheCity","TheBeyond"],"potions_floor_usage":[33,33,41],"damage_taken":[{"damage":2.0,"enemies":"Jaw Worm","floor":1.0,"turns":4.0},{"damage":1.0,"enemies":"2 Louse","floor":4.0,"turns":4.0},{"damage":2.0,"enemies":"Small Slimes","floor":5.0,"turns":4.0},{"damage":0.0,"enemies":"Gremlin Nob","floor":6.0,"turns":2.0},{"damage":0.0,"enemies":"Looter","floor":7.0,"turns":5.0},{"damage":10.0,"enemies":"Large Slime","floor":12.0,"turns":3.0},{"damage":5.0,"enemies":"Blue Slaver","floor":13.0,"turns":5.0},{"damage":30.0,"enemies":"Replay:BlueRogue","floor":14.0,"turns":5.0},{"damage":17.0,"enemies":"The Guardian","floor":16.0,"turns":10.0},{"damage":7.0,"enemies":"Chosen","floor":18.0,"turns":8.0},{"damage":13.0,"enemies":"2 Thieves","floor":22.0,"turns":5.0},{"damage":61.0,"enemies":"Slavers","floor":23.0,"turns":10.0},{"damage":3.0,"enemies":"Snake Plant","floor":25.0,"turns":6.0},{"damage":5.0,"enemies":"Cultist and Chosen","floor":28.0,"turns":4.0},{"damage":13.0,"enemies":"Centurion and Healer","floor":29.0,"turns":7.0},{"damage":8.0,"enemies":"Shelled Parasite and Fungi","floor":31.0,"turns":6.0},{"damage":43,"enemies":"Pondfish","floor":33,"turns":8},{"damage":14,"enemies":"Orb Walker","floor":35,"turns":4},{"damage":17,"enemies":"3 Darklings","floor":37,"turns":6},{"damage":61,"enemies":"Nightmare","floor":41,"turns":6}],"seed_played":"4031043664786086337","potions_obtained":[{"floor":1.0,"key":"Ambrosia"},{"floor":4.0,"key":"CultistPotion"},{"floor":13.0,"key":"SteroidPotion"},{"floor":14.0,"key":"Elixir"},{"floor":18.0,"key":"ColorlessPotion"},{"floor":22.0,"key":"Languid Potion"},{"floor":23.0,"key":"Elixir"},{"floor":31.0,"key":"BottledMiracle"},{"floor":35,"key":"ColorlessPotion"}],"is_trial":false,"path_per_floor":["M","?","?","M","M","E","M","R","T","?","R","M","M","E","R","B",null,"M","?","?","?","M","E","R","M","T","$","M","M","AVR","M","R","B",null,"M","?","M","$","?","R","NM"],"character_chosen":"WATCHER","items_purchased":["FlurryOfBlows","Bottled Tornado","HandDrill","Nunchaku"],"campfire_rested":3,"item_purchase_floors":[27,27,27,38],"current_hp_per_floor":[70,70,63,62,60,60,60,60,60,42,63,55,52,24,45,30,72,65,65,59,59,56,17,38,43,43,43,48,47,47,49,70,35,72,58,58,53,53,53,53,0,0],"gold":2,"neow_bonus":"BOSS_RELIC","is_daily":false,"chose_seed":false,"campfire_upgraded":2,"win_rate":0.0,"timestamp":1610582095,"path_taken":["M","?","?","M","M","E","M","R","T","?","R","M","M","E","R","BOSS","M","?","?","?","M","E","R","M","T","$","M","M","AVR","M","R","BOSS","M","?","M","$","?","R","NM"],"items_purchased_type":["Card","Relic","Relic","Relic"],"build_version":"2020-12-22","purchased_purges":1,"victory":false,"max_hp_per_floor":[72,72,72,72,72,72,72,72,72,72,72,72,72,72,72,72,72,72,72,72,72,72,72,72,72,72,72,72,72,72,72,72,72,72,72,72,72,72,68,68,68,68],"card_choices":[{"not_picked":["Evaluate","Adaptation"],"picked":"ReachHeaven","floor":1.0},{"not_picked":["PathToVictory","Conclude"],"picked":"Replay:Cycle","floor":4.0},{"not_picked":["Fasting2","Halt"],"picked":"EmptyBody","floor":5.0},{"not_picked":["SashWhip","Scrawl"],"picked":"WaveOfTheHand","floor":6.0},{"not_picked":["CutThroughFate","Weave"],"picked":"FlurryOfBlows","floor":7.0},{"not_picked":["FollowUp","DeceiveReality"],"picked":"LikeWater","floor":10.0},{"not_picked":["Replay:BluntJabs","PathToVictory"],"picked":"Swivel","floor":10.0},{"not_picked":["Adaptation","ForeignInfluence"],"picked":"EmptyBody","floor":12.0},{"not_picked":["MentalFortress","Replay:Anticipation"],"picked":"Crescendo","floor":13.0},{"not_picked":["SashWhip","Replay:DivineShield"],"picked":"JustLucky","floor":14.0},{"not_picked":["MasterReality","Scrawl"],"picked":"Replay:LoomingThreat","floor":16.0},{"not_picked":["ThirdEye+1","Study"],"picked":"Replay:Battleflow","floor":18.0},{"not_picked":["FollowUp","Replay:ManipulateFuture"],"picked":"Protect+1","floor":22.0},{"not_picked":["Crescendo","Replay:AtTheReady"],"picked":"FlurryOfBlows","floor":23.0},{"not_picked":["Crescendo","FollowUp+1"],"picked":"JustLucky","floor":25.0},{"not_picked":["Study","Omniscience","Crescendo"],"picked":"SKIP","floor":28.0},{"not_picked":["EmptyFist","CrushJoints"],"picked":"LikeWater","floor":29.0},{"not_picked":["ThirdEye","FearNoEvil","Replay:Vibes"],"picked":"SKIP","floor":31.0},{"not_picked":["Scrawl","Blasphemy"],"picked":"DevaForm","floor":33},{"not_picked":["EmptyMind","FollowUp","SashWhip"],"picked":"JustLucky+1","floor":35},{"not_picked":["Replay:AtTheReady","Protect+1","ClearTheMind+1"],"picked":"Pray+1","floor":37}],"player_experience":48474,"relics_obtained":[{"floor":6.0,"key":"Potion Belt"},{"floor":6.0,"key":"Replay:Mystery Machine"},{"floor":9.0,"key":"Blood Vial"},{"floor":10.0,"key":"Damaru"},{"floor":14.0,"key":"Calipers"},{"floor":14.0,"key":"Divine Protection"},{"floor":23.0,"key":"Garlic"},{"floor":23.0,"key":"Replay:Baseball"},{"floor":26.0,"key":"Bag of Preparation"}],"event_choices":[{"cards_removed":["Strike_P"],"damage_healed":0.0,"max_hp_gain":0.0,"max_hp_loss":0.0,"gold_gain":0.0,"event_name":"The Cleric","player_choice":"Card Removal","floor":2.0,"gold_loss":50.0,"damage_taken":0.0},{"cards_removed":["Strike_P"],"damage_healed":0.0,"max_hp_gain":0.0,"max_hp_loss":0.0,"gold_gain":0.0,"event_name":"Golden Wing","player_choice":"Card Removal","floor":3.0,"gold_loss":0.0,"damage_taken":7.0},{"cards_removed":["Defend_P"],"damage_healed":0.0,"max_hp_gain":0.0,"max_hp_loss":0.0,"gold_gain":0.0,"event_name":"Back to Basics","player_choice":"Elegance","floor":19.0,"gold_loss":0.0,"damage_taken":0.0},{"damage_healed":0.0,"max_hp_gain":0.0,"max_hp_loss":0.0,"gold_gain":0.0,"event_name":"Nest","player_choice":"Joined the Cult","floor":20.0,"gold_loss":0.0,"damage_taken":6.0,"cards_obtained":["RitualDagger"]},{"damage_healed":0.0,"max_hp_gain":0.0,"max_hp_loss":0.0,"gold_gain":0.0,"event_name":"Vampires","player_choice":"Became a vampire (Vial)","floor":21.0,"relics_lost":["Blood Vial"],"gold_loss":0.0,"damage_taken":0.0,"cards_obtained":["Bite","Bite","Bite","Bite","Bite"]},{"damage_healed":0,"gold_gain":0,"player_choice":"Max HP","damage_taken":0,"max_hp_gain":0,"max_hp_loss":4,"event_name":"Winding Halls","floor":39,"gold_loss":0}],"is_beta":false,"boss_relics":[{"not_picked":["infinitespire:Cupcake","Ectoplasm","Velvet Choker"]},{"not_picked":["Runic Dome","Astrolabe"],"picked":"Honey Jar"}],"items_purged_floors":[38],"is_endless":false,"potions_floor_spawned":[1,4,13,14,18,22,23,31,35],"killed_by":"Nightmare","ascension_level":0}}