{"host":"z9811rt50ti81n54","time":1610522539,"event":{"mods":["BaseMod","Better Match","Better Skull","Better Third Choice","Minty Spire (QoL Compilation)","Permanent Neow","StSLib","SuperFastMode"],"gold_per_floor":[109,123,198,198,213,8,8,27,75,75,75,99,115,132,132,235,235,251,268,169,169,169,169,169,169,169,55,55,20,38,38,38,140,140,156,176,1175,1191,279,279,279,279,279,5,0,28,28,41,41,41],"floor_reached":51,"language":"ENG","playtime":1921,"items_purged":["Strike_P","Normality","Normality"],"score":686,"play_id":"6b0c3d63-362a-40ec-8ea6-ea4c306a552a","local_time":"20210113162219","is_ascension_mode":false,"campfire_choices":[{"data":"Eruption","floor":7.0,"key":"SMITH"},{"data":"WaveOfTheHand","floor":11.0,"key":"SMITH"},{"data":"Establishment","floor":15.0,"key":"SMITH"},{"data":"Judgement","floor":23.0,"key":"SMITH"},{"data":"Study","floor":28.0,"key":"SMITH"},{"data":"TalkToTheHand","floor":32.0,"key":"SMITH"},{"data":"Ragnarok","floor":40.0,"key":"SMITH"},{"floor":42.0,"key":"REST"},{"data":"The Bomb","floor":47,"key":"SMITH"},{"floor":49,"key":"REST"}],"circlet_count":0,"master_deck":["Defend_P","Defend_P","Defend_P","Defend_P","Eruption+1","Vigilance","CurseOfTheBell","Wireheading","FlyingSleeves+1","TalkToTheHand+1","EmptyFist+1","WaveOfTheHand+1","Establishment+1","Judgement+1","InnerPeace","FlyingSleeves+1","RitualDagger","Study+1","BattleHymn","DeceiveReality+1","MasterReality","Protect+1","Ragnarok+1","EmptyMind","MentalFortress","PanicButton","Thinking Ahead","PanicButton","The Bomb+1","Impatience","Wireheading+1"],"relics":["Calling Bell","Oddly Smooth Stone","Yang","CloakClasp","ClockworkSouvenir","Juzu Bracelet","Bag of Marbles","Lantern","Cursed Key","Potion Belt","Empty Cage","FossilizedHelix","HandDrill","Red Mask","Whetstone"],"acts_visited":["Exordium","TheCity","TheBeyond"],"potions_floor_usage":[50,50],"damage_taken":[{"damage":0.0,"enemies":"Cultist","floor":1.0,"turns":5.0},{"damage":1.0,"enemies":"Small Slimes","floor":2.0,"turns":5.0},{"damage":0.0,"enemies":"Jaw Worm","floor":5.0,"turns":2.0},{"damage":0.0,"enemies":"Exordium Wildlife","floor":8.0,"turns":6.0},{"damage":3.0,"enemies":"Looter","floor":13.0,"turns":4.0},{"damage":1.0,"enemies":"Gremlin Gang","floor":14.0,"turns":5.0},{"damage":21.0,"enemies":"Slime Boss","floor":16.0,"turns":11.0},{"damage":0.0,"enemies":"Spheric Guardian","floor":18.0,"turns":4.0},{"damage":2.0,"enemies":"Chosen","floor":19.0,"turns":6.0},{"damage":0.0,"enemies":"Centurion and Healer","floor":30.0,"turns":5.0},{"damage":21.0,"enemies":"Collector","floor":33.0,"turns":9.0},{"damage":22.0,"enemies":"3 Darklings","floor":35.0,"turns":6.0},{"damage":0.0,"enemies":"Orb Walker","floor":36.0,"turns":4.0},{"damage":1.0,"enemies":"Maw","floor":38.0,"turns":10.0},{"damage":7,"enemies":"Giant Head","floor":46,"turns":8},{"damage":0,"enemies":"Jaw Worm Horde","floor":48,"turns":5},{"damage":22,"enemies":"Donu and Deca","floor":50,"turns":11}],"seed_played":"5747593721885356850","potions_obtained":[{"floor":1.0,"key":"SteroidPotion"},{"floor":2.0,"key":"Strength Potion"},{"floor":8.0,"key":"Weak Potion"},{"floor":16.0,"key":"PowerPotion"},{"floor":35.0,"key":"Block Potion"},{"floor":46,"key":"ColorlessPotion"}],"is_trial":false,"path_per_floor":["M","M","?","?","M","$","R","M","T","?","R","T","M","M","R","B",null,"M","M","?","?","?","R","?","?","T","$","R","$","M","$","R","B",null,"M","M","?","M","$","R","?","R","T","$","?","E","R","M","R","B",null],"character_chosen":"WATCHER","items_purchased":["ClockworkSouvenir","EmptyFist","Study","BattleHymn","Ragnarok","EmptyMind","MentalFortress","PanicButton","Thinking Ahead","FossilizedHelix","HandDrill"],"campfire_rested":2,"item_purchase_floors":[6,6,27,29,39,39,39,39,39,39,44],"current_hp_per_floor":[72,71,60,53,53,53,53,53,53,28,28,28,25,24,24,3,72,72,70,70,70,70,70,64,64,64,64,64,64,64,64,64,43,72,50,50,50,49,49,49,39,60,60,60,60,53,53,53,72,50],"gold":41,"neow_bonus":"BOSS_RELIC","is_daily":false,"chose_seed":false,"campfire_upgraded":8,"win_rate":0.0,"timestamp":1610522539,"path_taken":["M","M","?","?","M","$","R","M","T","?","R","?","M","M","R","BOSS","M","M","?","?","?","R","?","?","T","?","R","?","M","$","R","BOSS","M","M","?","M","$","R","?","R","T","$","?","E","R","M","R","BOSS"],"items_purchased_type":["Relic","Card","Card","Card","Card","Card","Card","Card","Card","Relic","Relic"],"build_version":"2020-12-22","purchased_purges":3,"victory":true,"max_hp_per_floor":[72,72,72,72,72,72,72,72,72,72,72,72,72,72,72,72,72,72,72,72,72,72,72,72,72,72,72,72,72,72,72,72,72,72,72,72,72,72,72,72,72,72,72,72,72,72,72,72,72,72],"card_choices":[{"not_picked":["ClearTheMind","Evaluate"],"picked":"Wireheading","floor":1.0},{"not_picked":["EmptyFist","FollowUp"],"picked":"FlyingSleeves","floor":2.0},{"not_picked":["LikeWater","Tantrum"],"picked":"TalkToTheHand","floor":5.0},{"not_picked":["Swivel","Halt"],"picked":"WaveOfTheHand","floor":8.0},{"not_picked":["BowlingBash","FollowUp"],"picked":"Weave","floor":13.0},{"not_picked":["EmptyBody","JustLucky"],"picked":"Establishment","floor":14.0},{"not_picked":["Vault","MasterReality"],"picked":"Judgement","floor":16.0},{"not_picked":["MentalFortress","Prostrate"],"picked":"InnerPeace","floor":18.0},{"not_picked":["CutThroughFate","Halt"],"picked":"FlyingSleeves+1","floor":19.0},{"not_picked":["Weave","CutThroughFate"],"picked":"DeceiveReality+1","floor":30.0},{"not_picked":["Ragnarok","Scrawl"],"picked":"MasterReality","floor":33.0},{"not_picked":["Protect","Wireheading","FlurryOfBlows+1"],"picked":"SKIP","floor":35.0},{"not_picked":["JustLucky","Crescendo","FlurryOfBlows"],"picked":"SKIP","floor":36.0},{"not_picked":["Meditate","BattleHymn+1"],"picked":"Protect+1","floor":38.0},{"not_picked":["Deep Breath","Mind Blast"],"picked":"PanicButton","floor":41.0},{"not_picked":["Deep Breath","Thinking Ahead"],"picked":"The Bomb","floor":41.0},{"not_picked":["Dramatic Entrance","Sadistic Nature"],"picked":"Impatience","floor":41.0},{"not_picked":["CutThroughFate","EmptyFist"],"picked":"Wireheading+1","floor":46},{"not_picked":["ClearTheMind+1","BattleHymn","FlyingSleeves"],"picked":"SKIP","floor":48}],"player_experience":376312,"relics_obtained":[{"floor":0.0,"key":"Oddly Smooth Stone"},{"floor":0.0,"key":"Yang"},{"floor":0.0,"key":"CloakClasp"},{"floor":9.0,"key":"Juzu Bracelet"},{"floor":12.0,"key":"Lantern"},{"floor":46,"key":"Whetstone"}],"event_choices":[{"damage_healed":0.0,"max_hp_gain":0.0,"max_hp_loss":0.0,"gold_gain":75.0,"event_name":"World of Goop","player_choice":"Gather Gold","floor":3.0,"gold_loss":0.0,"damage_taken":11.0},{"cards_removed":["Strike_P"],"damage_healed":0.0,"max_hp_gain":0.0,"max_hp_loss":0.0,"gold_gain":0.0,"event_name":"Golden Wing","player_choice":"Card Removal","floor":4.0,"gold_loss":0.0,"damage_taken":7.0},{"damage_healed":0.0,"max_hp_gain":0.0,"max_hp_loss":0.0,"gold_gain":0.0,"event_name":"Scrap Ooze","player_choice":"Success","floor":10.0,"gold_loss":0.0,"damage_taken":25.0,"relics_obtained":["Bag of Marbles"]},{"damage_healed":0.0,"max_hp_gain":0.0,"max_hp_loss":0.0,"gold_gain":0.0,"event_name":"WeMeetAgain","player_choice":"Paid Gold","floor":20.0,"gold_loss":99.0,"damage_taken":0.0,"relics_obtained":["Potion Belt"]},{"damage_healed":0.0,"max_hp_gain":0.0,"max_hp_loss":0.0,"gold_gain":0.0,"event_name":"Ghosts","player_choice":"Ignored","floor":21.0,"gold_loss":0.0,"damage_taken":0.0},{"damage_healed":0.0,"max_hp_gain":0.0,"max_hp_loss":0.0,"gold_gain":0.0,"event_name":"Vampires","player_choice":"Ignored","floor":22.0,"gold_loss":0.0,"damage_taken":0.0},{"damage_healed":0.0,"max_hp_gain":0.0,"max_hp_loss":0.0,"gold_gain":0.0,"event_name":"betterThird:BetterNest","player_choice":"Dagger","floor":24.0,"gold_loss":0.0,"damage_taken":6.0,"cards_obtained":["RitualDagger"]},{"cards_removed":["Strike_P"],"damage_healed":0.0,"max_hp_gain":0.0,"max_hp_loss":0.0,"gold_gain":0.0,"event_name":"Purifier","player_choice":"Purged","floor":25.0,"gold_loss":0.0,"damage_taken":0.0},{"damage_healed":0.0,"max_hp_gain":0.0,"max_hp_loss":0.0,"gold_gain":999.0,"event_name":"MindBloom","player_choice":"Gold","floor":37.0,"gold_loss":0.0,"damage_taken":0.0,"cards_obtained":["Normality","Normality"]},{"damage_healed":0.0,"max_hp_gain":0.0,"max_hp_loss":0.0,"gold_gain":0.0,"event_name":"SensoryStone","player_choice":"Memory 3","floor":41.0,"gold_loss":0.0,"damage_taken":10.0},{"damage_healed":0,"gold_gain":0,"player_choice":"Paid","damage_taken":0,"relics_obtained":["Red Mask"],"max_hp_gain":0,"max_hp_loss":0,"event_name":"Tomb of Lord Red Mask","floor":45,"gold_loss":5}],"is_beta":false,"boss_relics":[{"not_picked":["Tiny House","VioletLotus"],"picked":"Cursed Key"},{"not_picked":["Coffee Dripper","Fusion Hammer"],"picked":"Empty Cage"}],"items_purged_floors":[27,39,44],"is_endless":false,"potions_floor_spawned":[1,2,8,16,35,46],"ascension_level":0}}