{"host":"74uvi6kym3vf3uk6","time":1610501956,"event":{"mods":["BaseMod","Colored Map","Colored Powertips","Dark Map","Highlight Path","Minty Spire (QoL Compilation)","Rare Cards Sparkle","StSLib","The Runesmith","The Servant 0.9.4"],"gold_per_floor":[118,118,132,132,132,167,185,185,212,275,309,329,360,380,380,480,480,405,405,405,418,147,176,8,25,51,51,51],"floor_reached":27,"language":"ENG","playtime":16873,"items_purged":["Bite"],"score":299,"play_id":"02d5b8d7-169a-4fdf-add7-5b3f136af248","local_time":"20210112193916","is_ascension_mode":false,"campfire_choices":[{"floor":8,"key":"REST"},{"floor":15,"key":"REST"}],"circlet_count":0,"master_deck":["Runesmith:Defend_RS","Runesmith:Defend_RS","Runesmith:Defend_RS","Runesmith:Defend_RS","Runesmith:CraftFirestone","Runesmith:Fortify+1","Runesmith:FrozenChisel","Runesmith:CraftProtectio","Runesmith:PerfectChisel","Runesmith:WhiteBalance","Runesmith:CraftObretio","Runesmith:Permafrost","Runesmith:LithiumIon","Runesmith:Refine","Runesmith:CraftReservo","Runesmith:Duplicate","Runesmith:EnergizedChisel","Bite","Bite","Bite","Bite","Runesmith:BackupBattery","Runesmith:Firestorm","Runesmith:CraftVitae","Runesmith:GoWithTheFlow","Runesmith:BackupBattery","Runesmith:Repurpose","Runesmith:Terraform+1"],"relics":["Runesmith:CoreCrystal","NeowsBlessing","Bronze Scales","Centennial Puzzle","PreservedInsect","Bag of Marbles","Darkstone Periapt","Gremlin Horn","Mercury Hourglass","Membership Card","Potion Belt","Molten Egg 2","Nunchaku"],"acts_visited":["Exordium","TheCity"],"potions_floor_usage":[],"damage_taken":[{"damage":0,"enemies":"Small Slimes","floor":1,"turns":1},{"damage":0,"enemies":"Jaw Worm","floor":3,"turns":1},{"damage":0,"enemies":"3 Sentries","floor":6,"turns":2},{"damage":7,"enemies":"2 Louse","floor":7,"turns":2},{"damage":10,"enemies":"Lagavulin Event","floor":10,"turns":6},{"damage":5,"enemies":"Lagavulin","floor":11,"turns":5},{"damage":8,"enemies":"Gremlin Gang","floor":12,"turns":4},{"damage":13,"enemies":"Gremlin Nob","floor":13,"turns":4},{"damage":5,"enemies":"Looter","floor":14,"turns":3},{"damage":35,"enemies":"The Guardian","floor":16,"turns":10},{"damage":22,"enemies":"2 Thieves","floor":18,"turns":5},{"damage":24,"enemies":"3 Byrds","floor":21,"turns":2},{"damage":11,"enemies":"Book of Stabbing","floor":23,"turns":5},{"damage":22,"enemies":"Snecko","floor":25,"turns":6},{"damage":12,"enemies":"Colosseum Slavers","floor":27,"turns":1}],"seed_played":"-3124839498309149682","potions_obtained":[{"floor":6,"key":"DistilledChaos"},{"floor":7,"key":"AttackPotion"},{"floor":10,"key":"SteroidPotion"},{"floor":25,"key":"Ancient Potion"}],"is_trial":false,"path_per_floor":["M","?","M","?","?","E","M","R","T","?","E","M","E","M","R","B",null,"M","?","?","M","$","E","$","M","T","?"],"character_chosen":"RUNESMITH_CLASS","items_purchased":["Membership Card","Runesmith:Firestorm","Runesmith:CraftVitae","Molten Egg 2","Runesmith:BackupBattery","Runesmith:Repurpose"],"campfire_rested":2,"item_purchase_floors":[22,22,22,24,24,24],"current_hp_per_floor":[70,56,56,44,44,44,37,58,58,48,43,35,22,17,38,3,70,48,48,48,27,27,20,20,4,4,0,0],"gold":51,"neow_bonus":"THREE_ENEMY_KILL","is_daily":false,"chose_seed":false,"campfire_upgraded":0,"win_rate":0.0,"timestamp":1610501956,"path_taken":["M","?","M","?","?","E","?","R","T","?","E","M","E","M","R","BOSS","M","?","?","M","$","E","?","?","T","?"],"items_purchased_type":["Relic","Card","Card","Relic","Card","Card"],"build_version":"2020-12-22","purchased_purges":1,"victory":false,"max_hp_per_floor":[70,70,70,70,70,70,70,70,70,70,70,70,70,70,70,70,70,70,70,49,49,49,49,49,49,49,49,49],"card_choices":[{"not_picked":["Runesmith:HeatExchange","Runesmith:DoubleUp"],"picked":"Runesmith:FrozenChisel","floor":1},{"not_picked":["Runesmith:EnergizedChisel","Runesmith:FrozenChisel"],"picked":"Runesmith:CraftProtectio","floor":3},{"not_picked":["Runesmith:FrozenChisel","Runesmith:Firewall"],"picked":"Runesmith:PerfectChisel","floor":6},{"not_picked":["Runesmith:HeatExchange","Runesmith:ShiftingStrike"],"picked":"Runesmith:WhiteBalance","floor":7},{"not_picked":["Runesmith:CraftIncendium","Runesmith:EarthShield"],"picked":"Runesmith:CraftObretio","floor":10},{"not_picked":["Runesmith:Firewall","Runesmith:ChiselStab"],"picked":"Runesmith:Permafrost","floor":11},{"not_picked":["Runesmith:Grindstone","Runesmith:StaticCage"],"picked":"Runesmith:LithiumIon","floor":12},{"not_picked":["Runesmith:HeatExchange","Runesmith:LastStand"],"picked":"Runesmith:Refine","floor":13},{"not_picked":["Runesmith:ShiftingStrike","Runesmith:CraftMagma"],"picked":"Runesmith:CraftReservo","floor":14},{"not_picked":["Runesmith:LightningRod","Runesmith:FissionHammer"],"picked":"Runesmith:Duplicate","floor":16},{"not_picked":["Runesmith:MakeshiftArmor","Runesmith:CraftMagma"],"picked":"Runesmith:EnergizedChisel","floor":18},{"not_picked":["Runesmith:ShiftingStrike","Runesmith:RuneHurl"],"picked":"Runesmith:BackupBattery","floor":21},{"not_picked":["Runesmith:HammerThrow","Runesmith:NegativeSpace"],"picked":"Runesmith:GoWithTheFlow","floor":23},{"not_picked":["Runesmith:Repurpose","Runesmith:FieryHammer+1"],"picked":"Runesmith:Terraform+1","floor":25}],"player_experience":60294,"relics_obtained":[{"floor":6,"key":"Centennial Puzzle"},{"floor":9,"key":"PreservedInsect"},{"floor":10,"key":"Bag of Marbles"},{"floor":11,"key":"Darkstone Periapt"},{"floor":13,"key":"Gremlin Horn"},{"floor":23,"key":"Potion Belt"},{"floor":26,"key":"Nunchaku"}],"event_choices":[{"damage_healed":0,"gold_gain":0,"player_choice":"Entered Light","damage_taken":14,"max_hp_gain":0,"max_hp_loss":0,"event_name":"Shining Light","floor":2,"gold_loss":0,"cards_upgraded":["Runesmith:Strike_RS","Runesmith:Fortify"]},{"damage_healed":0,"gold_gain":0,"player_choice":"Success","damage_taken":12,"relics_obtained":["Bronze Scales"],"max_hp_gain":0,"max_hp_loss":0,"event_name":"Scrap Ooze","floor":4,"gold_loss":0},{"cards_removed":["Runesmith:Strike_RS"],"damage_healed":0,"gold_gain":0,"player_choice":"Offered Basic","damage_taken":0,"max_hp_gain":0,"max_hp_loss":0,"event_name":"Bonfire Elementals","floor":5,"gold_loss":0},{"damage_healed":0,"gold_gain":0,"player_choice":"Searched \u00271\u0027 times","damage_taken":0,"max_hp_gain":0,"max_hp_loss":0,"event_name":"Dead Adventurer","floor":10,"gold_loss":0},{"damage_healed":0,"gold_gain":0,"player_choice":"Opened","damage_taken":0,"relics_obtained":["Mercury Hourglass"],"max_hp_gain":0,"max_hp_loss":0,"event_name":"The Mausoleum","floor":19,"gold_loss":0},{"damage_healed":0,"gold_gain":0,"player_choice":"Became a vampire","damage_taken":0,"max_hp_gain":0,"max_hp_loss":21,"event_name":"Vampires","floor":20,"gold_loss":0,"cards_obtained":["Bite","Bite","Bite","Bite","Bite"]},{"damage_healed":0,"gold_gain":0,"player_choice":"Fight","damage_taken":0,"max_hp_gain":0,"max_hp_loss":0,"event_name":"Colosseum","floor":27,"gold_loss":0}],"is_beta":false,"boss_relics":[{"not_picked":["SlaversCollar","Tiny House"],"picked":"Runesmith:CoreCrystal"}],"items_purged_floors":[22],"is_endless":false,"potions_floor_spawned":[6,7,10,11,25],"killed_by":"Colosseum Slavers","ascension_level":0}}