{"host":"fuszjwm6fqgjjp4d","time":1610496274,"event":{"mods":["BaseMod","Bestiary","Colored Map","DeckTracker","Minty Spire (QoL Compilation)","Permanent Neow","Relic Sorter","Relic Stats","StSLib"],"gold_per_floor":[12,24,35,49,61,96,96,125,125,143,159,159,172,185,185,260,260,277,296,296,296,370,370,19,45,100,112,127,17,17,36,36,110,110,120,120,0,0,10,10,35,53,107,134,134,134],"floor_reached":45,"language":"ENG","playtime":1652,"items_purged":["Alpha"],"score":907,"play_id":"5b29a69a-8027-4c71-abdd-41e057d1ad86","local_time":"20210112180434","is_ascension_mode":true,"campfire_choices":[{"data":"Vault","floor":7.0,"key":"SMITH"},{"data":"Eruption","floor":12.0,"key":"SMITH"},{"data":"TalkToTheHand","floor":15.0,"key":"SMITH"},{"data":"Establishment","floor":23.0,"key":"SMITH"},{"data":"Vault","floor":30.0,"key":"SMITH"},{"floor":32.0,"key":"REST"},{"data":"Devotion","floor":40,"key":"SMITH"}],"circlet_count":0,"master_deck":["AscendersBane","Eruption+1","Vigilance","EmptyBody","SandsOfTime","FlyingSleeves","BattleHymn","Perseverance","Vault+1","TalkToTheHand+1","ThirdEye","WindmillStrike","Vault+1","ThirdEye","EmptyFist","Devotion+1","MasterReality","Prostrate","Establishment+1","FollowUp+1","Brilliance","EmptyBody","Devotion","WindmillStrike","DeusExMachina","Worship+1","Worship"],"relics":["PureWater","Mango","Darkstone Periapt","MealTicket","Pandora\u0027s Box","Bottled Flame","Akabeko","Art of War","Busted Crown","Red Mask","Prayer Wheel","Smiling Mask","Sundial"],"acts_visited":["Exordium","TheCity","TheBeyond"],"potions_floor_usage":[42],"damage_taken":[{"damage":0.0,"enemies":"Jaw Worm","floor":1.0,"turns":4.0},{"damage":1.0,"enemies":"2 Louse","floor":2.0,"turns":3.0},{"damage":0.0,"enemies":"Cultist","floor":3.0,"turns":2.0},{"damage":1.0,"enemies":"2 Fungi Beasts","floor":4.0,"turns":5.0},{"damage":0.0,"enemies":"Blue Slaver","floor":5.0,"turns":4.0},{"damage":13.0,"enemies":"Lagavulin","floor":6.0,"turns":6.0},{"damage":26.0,"enemies":"Gremlin Nob","floor":8.0,"turns":4.0},{"damage":0.0,"enemies":"Exordium Wildlife","floor":10.0,"turns":5.0},{"damage":0.0,"enemies":"3 Louse","floor":11.0,"turns":4.0},{"damage":0.0,"enemies":"Large Slime","floor":13.0,"turns":5.0},{"damage":0.0,"enemies":"Exordium Wildlife","floor":14.0,"turns":4.0},{"damage":18.0,"enemies":"Slime Boss","floor":16.0,"turns":6.0},{"damage":4.0,"enemies":"Spheric Guardian","floor":18.0,"turns":7.0},{"damage":13.0,"enemies":"3 Byrds","floor":19.0,"turns":7.0},{"damage":31.0,"enemies":"Gremlin Leader","floor":25.0,"turns":6.0},{"damage":9.0,"enemies":"Centurion and Healer","floor":27.0,"turns":5.0},{"damage":22.0,"enemies":"Shelled Parasite and Fungi","floor":28.0,"turns":5.0},{"damage":2.0,"enemies":"Cultist and Chosen","floor":31.0,"turns":5.0},{"damage":25.0,"enemies":"Automaton","floor":33.0,"turns":7.0},{"damage":33.0,"enemies":"3 Darklings","floor":35.0,"turns":6.0},{"damage":0,"enemies":"Orb Walker","floor":39,"turns":4},{"damage":7,"enemies":"Mind Bloom Boss Battle","floor":41,"turns":6},{"damage":22,"enemies":"3 Darklings","floor":42,"turns":4},{"damage":16,"enemies":"Nemesis","floor":44,"turns":6},{"damage":36,"enemies":"4 Shapes","floor":45,"turns":4}],"seed_played":"-2384125422975913101","potions_obtained":[{"floor":2.0,"key":"Dexterity Potion"},{"floor":5.0,"key":"SpeedPotion"},{"floor":11.0,"key":"StancePotion"},{"floor":14.0,"key":"FairyPotion"},{"floor":19.0,"key":"EssenceOfSteel"},{"floor":31.0,"key":"Block Potion"},{"floor":41,"key":"FearPotion"}],"is_trial":false,"path_per_floor":["M","M","M","M","M","E","R","E","T","M","M","R","M","M","R","B",null,"M","M","?","?","T","R","$","E","T","M","M","?","R","M","R","B",null,"M","?","?","?","M","R","?","M","T","E","M"],"character_chosen":"WATCHER","items_purchased":["Brilliance","EmptyBody","BottledMiracle"],"campfire_rested":1,"item_purchase_floors":[24,24,24],"current_hp_per_floor":[61,60,60,59,59,60,60,34,34,34,34,34,34,34,34,16,66,62,49,49,49,49,49,64,33,33,24,2,2,2,24,48,23,67,34,67,67,67,67,67,60,38,38,22,0,0],"gold":134,"neow_bonus":"TRANSFORM_TWO_CARDS","is_daily":false,"chose_seed":false,"campfire_upgraded":6,"win_rate":0.0,"timestamp":1610496274,"path_taken":["M","M","M","M","M","E","R","E","T","M","M","R","M","M","R","BOSS","M","M","?","?","?","R","$","E","T","M","M","?","R","?","R","BOSS","M","?","?","?","M","R","?","M","T","E","M"],"items_purchased_type":["Card","Card","Potion"],"build_version":"2020-12-22","purchased_purges":1,"victory":false,"max_hp_per_floor":[68,68,68,68,68,82,82,82,82,82,82,82,82,82,82,82,82,82,82,82,82,82,82,82,82,82,82,82,82,82,82,82,82,82,82,67,67,67,67,67,67,67,67,67,67,67],"relic_stats":{"Darkstone Periapt":0,"Busted Crown":12,"counters":[25,124],"Sundial":[0],"MealTicket":15,"Pandora\u0027s Box":["Vengeance","PathToVictory","ThirdEye","EmptyFist","Devotion","MasterReality"],"Prayer Wheel":1,"Art of War":[11],"Smiling Mask":0,"obtain_stats":[{"Darkstone Periapt":8,"Mango":6,"Smiling Mask":43,"Akabeko":25,"Bottled Flame":22,"Busted Crown":34,"Sundial":44,"MealTicket":9,"Pandora\u0027s Box":17,"Prayer Wheel":41,"Art of War":26,"Red Mask":37,"PureWater":0},{"Darkstone Periapt":7,"Mango":6,"Smiling Mask":23,"Akabeko":15,"Bottled Flame":14,"Busted Crown":19,"Sundial":24,"MealTicket":7,"Pandora\u0027s Box":12,"Prayer Wheel":22,"Art of War":15,"Red Mask":20,"PureWater":0},{"Darkstone Periapt":28,"Mango":24,"Smiling Mask":114,"Akabeko":72,"Bottled Flame":66,"Busted Crown":94,"Sundial":120,"MealTicket":28,"Pandora\u0027s Box":52,"Prayer Wheel":110,"Art of War":72,"Red Mask":100,"PureWater":0}]},"card_choices":[{"not_picked":["Meditate","ClearTheMind"],"picked":"FlyingSleeves","floor":1.0},{"not_picked":["ThirdEye","Halt"],"picked":"BattleHymn","floor":2.0},{"not_picked":["Wireheading","Brilliance"],"picked":"Perseverance","floor":3.0},{"not_picked":["Consecrate","JustLucky","FlyingSleeves"],"picked":"SKIP","floor":4.0},{"not_picked":["FollowUp","MentalFortress"],"picked":"Vault","floor":5.0},{"not_picked":["Wireheading","ThirdEye","CutThroughFate"],"picked":"SKIP","floor":6.0},{"not_picked":["SashWhip","Consecrate"],"picked":"TalkToTheHand","floor":8.0},{"not_picked":["ForeignInfluence","PathToVictory"],"picked":"ThirdEye","floor":10.0},{"not_picked":["FlurryOfBlows","Halt"],"picked":"WindmillStrike","floor":11.0},{"not_picked":["JustLucky","FlurryOfBlows","Sanctity"],"picked":"SKIP","floor":13.0},{"not_picked":["ClearTheMind","EmptyFist"],"picked":"Consecrate","floor":14.0},{"not_picked":["Omniscience","Scrawl"],"picked":"Vault","floor":16.0},{"not_picked":["BattleHymn","CarveReality"],"picked":"Prostrate","floor":18.0},{"not_picked":["ClearTheMind","Crescendo","EmptyBody"],"picked":"SKIP","floor":19.0},{"not_picked":["ThirdEye","Perseverance"],"picked":"Devotion","floor":25.0},{"not_picked":["Consecrate","Tantrum"],"picked":"WindmillStrike","floor":27.0},{"not_picked":["Consecrate+1","FollowUp+1","CutThroughFate"],"picked":"SKIP","floor":28.0},{"not_picked":["Study","WaveOfTheHand","WindmillStrike"],"picked":"SKIP","floor":31.0},{"not_picked":["ConjureBlade","Judgement"],"picked":"DeusExMachina","floor":33.0},{"not_picked":["ClearTheMind"],"picked":"SKIP","floor":35.0},{"not_picked":[],"picked":"Worship+1","floor":39},{"not_picked":[],"picked":"Worship","floor":42},{"not_picked":["ClearTheMind"],"picked":"SKIP","floor":42},{"not_picked":["SandsOfTime"],"picked":"SKIP","floor":44}],"player_experience":1282636,"relics_obtained":[{"floor":6.0,"key":"Mango"},{"floor":8.0,"key":"Darkstone Periapt"},{"floor":9.0,"key":"MealTicket"},{"floor":22.0,"key":"Bottled Flame"},{"floor":25.0,"key":"Akabeko"},{"floor":26.0,"key":"Art of War"},{"floor":41,"key":"Prayer Wheel"},{"floor":43,"key":"Smiling Mask"},{"floor":44,"key":"Sundial"}],"event_choices":[{"damage_healed":0.0,"max_hp_gain":0.0,"max_hp_loss":0.0,"gold_gain":0.0,"event_name":"The Library","player_choice":"Read","floor":20.0,"gold_loss":0.0,"damage_taken":0.0,"cards_obtained":["Establishment"]},{"damage_healed":0.0,"max_hp_gain":0.0,"max_hp_loss":0.0,"gold_gain":0.0,"cards_transformed":["PathToVictory","Consecrate"],"event_name":"Drug Dealer","player_choice":"Became Test Subject","floor":21.0,"gold_loss":0.0,"damage_taken":0.0,"cards_obtained":["Alpha","FollowUp"]},{"cards_removed":["Vengeance"],"damage_healed":0.0,"max_hp_gain":0.0,"max_hp_loss":0.0,"gold_gain":0.0,"event_name":"Designer","player_choice":"Upgrade and Remove","floor":29.0,"gold_loss":110.0,"damage_taken":0.0,"cards_upgraded":["FollowUp"]},{"damage_healed":67.0,"max_hp_gain":0.0,"max_hp_loss":15.0,"gold_gain":0.0,"event_name":"The Moai Head","player_choice":"Heal","floor":36.0,"gold_loss":0.0,"damage_taken":0.0},{"damage_healed":0.0,"max_hp_gain":0.0,"max_hp_loss":0.0,"gold_gain":0.0,"event_name":"Tomb of Lord Red Mask","player_choice":"Paid","floor":37.0,"gold_loss":120.0,"damage_taken":0.0,"relics_obtained":["Red Mask"]},{"damage_healed":0,"gold_gain":0,"player_choice":"Ignored","damage_taken":0,"max_hp_gain":0,"max_hp_loss":0,"event_name":"Mysterious Sphere","floor":38,"gold_loss":0},{"damage_healed":0,"gold_gain":0,"player_choice":"Fight","damage_taken":0,"max_hp_gain":0,"max_hp_loss":0,"event_name":"MindBloom","floor":41,"gold_loss":0}],"is_beta":false,"boss_relics":[{"not_picked":["Runic Pyramid","VioletLotus"],"picked":"Pandora\u0027s Box"},{"not_picked":["Velvet Choker","Empty Cage"],"picked":"Busted Crown"}],"items_purged_floors":[24],"is_endless":false,"potions_floor_spawned":[2,5,8,11,14,19,31,41],"killed_by":"4 Shapes","ascension_level":16}}