{"host":"g01l53quoe6lrer0","time":1610524767,"event":{"mods":["2.2 Compatiblity","AchievementEnabler","BaseMod","Colored Map","Highlight Path","Keyboard Shortcuts","Minty Spire (QoL Compilation)","Permanent Neow","StSLib","SuperFastMode","everything is the same but u backflip on backflip"],"gold_per_floor":[113,188,188,33,33,76,76,119,119,139,139,175,175,189,189,285,285,273,188,188,31,45,45,72,72,98,98,74,93,109,128,128,201,201,212,225,225,1224,1242,1242,548,548,571,596,609,156,169,169,169,169],"floor_reached":51,"language":"KOR","playtime":8309,"items_purged":["Strike_B","Normality","Gash"],"score":1149,"play_id":"446000cf-8bf5-487c-9e4e-aaecf4310e20","local_time":"20210113165927","is_ascension_mode":true,"campfire_choices":[{"floor":7.0,"key":"REST"},{"floor":13.0,"key":"REST"},{"floor":15.0,"key":"REST"},{"floor":23.0,"key":"REST"},{"data":"Zap","floor":25.0,"key":"SMITH"},{"data":"Defragment","floor":27.0,"key":"SMITH"},{"floor":32.0,"key":"REST"},{"data":"Defragment","floor":40.0,"key":"SMITH"},{"data":"Capacitor","floor":42.0,"key":"SMITH"},{"data":"Mind Blast","floor":49.0,"key":"SMITH"}],"circlet_count":0,"master_deck":["AscendersBane","Zap+1","Dualcast","Cold Snap","Defragment+1","Blizzard","Recycle+1","Echo Form","Turbo+1","Fusion+1","Coolheaded+1","Electrodynamics","Stack+1","Capacitor","Stack+1","Self Repair","Auto Shields+1","Coolheaded+1","Conserve Battery+1","Core Surge","Steam Power+1","Blizzard+1","Multi-Cast+1","Defragment+1","Aggregate+1","Double Energy+1","Aggregate+1","Rebound","Stack+1","Cold Snap+1","Capacitor+1","Tempest+1","Aggregate+1","Hologram+1","Undo+1","Stack+1","Reboot+1","Stack+1","Capacitor","Parasite","Steam+1","Mind Blast+1"],"relics":["Cracked Core","Potion Belt","Bloody Idol","Toxic Egg 2","Omamori","Sundial","Odd Mushroom","Calling Bell","Dream Catcher","Cables","TungstenRod","Centennial Puzzle","Regal Pillow","Bronze Scales","Pandora\u0027s Box","Incense Burner","Pear","Pen Nib","Juzu Bracelet","Orrery"],"acts_visited":["Exordium","TheCity","TheBeyond"],"potions_floor_usage":[50,50,50],"damage_taken":[{"damage":4.0,"enemies":"Small Slimes","floor":1.0,"turns":3.0},{"damage":29.0,"enemies":"Gremlin Nob","floor":6.0,"turns":5.0},{"damage":29.0,"enemies":"3 Sentries","floor":8.0,"turns":9.0},{"damage":9.0,"enemies":"2 Louse","floor":10.0,"turns":3.0},{"damage":9.0,"enemies":"The Mushroom Lair","floor":12.0,"turns":4.0},{"damage":5.0,"enemies":"Jaw Worm","floor":14.0,"turns":6.0},{"damage":41.0,"enemies":"The Guardian","floor":16.0,"turns":14.0},{"damage":18.0,"enemies":"2 Thieves","floor":18.0,"turns":4.0},{"damage":13.0,"enemies":"Shell Parasite","floor":22.0,"turns":11.0},{"damage":30.0,"enemies":"Gremlin Leader","floor":24.0,"turns":7.0},{"damage":23.0,"enemies":"Snecko","floor":29.0,"turns":5.0},{"damage":10.0,"enemies":"Centurion and Healer","floor":30.0,"turns":8.0},{"damage":9.0,"enemies":"Snake Plant","floor":31.0,"turns":4.0},{"damage":34.0,"enemies":"Automaton","floor":33.0,"turns":11.0},{"damage":2.0,"enemies":"Orb Walker","floor":35.0,"turns":5.0},{"damage":20.0,"enemies":"3 Shapes","floor":36.0,"turns":2.0},{"damage":9.0,"enemies":"Maw","floor":39.0,"turns":10.0},{"damage":20.0,"enemies":"Nemesis","floor":44.0,"turns":7.0},{"damage":21.0,"enemies":"Jaw Worm Horde","floor":45.0,"turns":2.0},{"damage":3.0,"enemies":"Writhing Mass","floor":47.0,"turns":5.0},{"damage":14,"enemies":"Awakened One","floor":50,"turns":15}],"seed_played":"1242317033753047873","potions_obtained":[{"floor":6.0,"key":"Swift Potion"},{"floor":8.0,"key":"Explosive Potion"},{"floor":16.0,"key":"FearPotion"},{"floor":18.0,"key":"FocusPotion"},{"floor":30.0,"key":"PotionOfCapacity"},{"floor":31.0,"key":"FocusPotion"},{"floor":35.0,"key":"SteroidPotion"},{"floor":39.0,"key":"ColorlessPotion"},{"floor":44.0,"key":"Dexterity Potion"}],"is_trial":false,"path_per_floor":["M","?","?","$","?","E","R","E","T","M","?","?","R","M","R","B",null,"M","?","?","$","M","R","E","R","T","R","$","M","M","M","R","B",null,"M","M","?","?","M","R","$","R","T","E","M","$","M","?","R","B",null],"character_chosen":"DEFECT","items_purchased":["Defragment","Blizzard","Capacitor","Stack+1","Conserve Battery+1","Capacitor","Incense Burner","Pear","Aggregate+1","Hologram+1","Orrery","BlessingOfTheForge"],"campfire_rested":5,"item_purchase_floors":[4,4,21,21,28,41,41,41,46,46,46,46],"current_hp_per_floor":[64,53,75,75,57,28,50,21,21,12,12,3,25,20,42,1,57,39,39,39,39,31,53,42,42,47,47,47,43,45,41,75,53,70,75,67,67,72,75,75,85,85,85,84,75,75,84,84,84,77],"gold":169,"neow_bonus":"RANDOM_COMMON_RELIC","is_daily":false,"chose_seed":false,"campfire_upgraded":5,"win_rate":0.0,"timestamp":1610524767,"path_taken":["M","?","?","$","?","E","R","E","T","M","?","?","R","M","R","BOSS","M","?","?","$","M","R","E","R","T","R","$","M","M","M","R","BOSS","M","M","?","?","M","R","$","R","T","E","M","$","M","?","R","BOSS"],"items_purchased_type":["Card","Card","Card","Card","Card","Card","Relic","Relic","Card","Card","Relic","Potion"],"build_version":"2020-12-22","purchased_purges":3,"victory":true,"max_hp_per_floor":[75,75,75,75,75,75,75,75,75,75,75,75,75,75,75,75,75,75,75,75,75,75,75,75,75,75,75,75,75,75,75,75,75,75,75,75,75,75,75,75,85,85,85,85,85,85,85,85,85,85],"card_choices":[{"not_picked":["Steam","Scrape"],"picked":"Cold Snap","floor":1.0},{"not_picked":["Fission+1","All For One"],"picked":"Recycle+1","floor":6.0},{"not_picked":["Sweeping Beam","Force Field+1"],"picked":"Echo Form","floor":8.0},{"not_picked":["Cold Snap","Ball Lightning"],"picked":"Turbo+1","floor":10.0},{"not_picked":["Ball Lightning","FTL"],"picked":"Fusion+1","floor":12.0},{"not_picked":["Barrage","Turbo+1"],"picked":"Coolheaded+1","floor":14.0},{"not_picked":["Thunder Strike","Seek+1"],"picked":"Electrodynamics","floor":16.0},{"not_picked":["Turbo+1","Ball Lightning"],"picked":"Stack+1","floor":18.0},{"not_picked":["Reprogram+1","Coolheaded+1"],"picked":"Self Repair","floor":22.0},{"not_picked":["Doom and Gloom","Barrage"],"picked":"Auto Shields+1","floor":23.0},{"not_picked":["Compile Driver","Gash"],"picked":"Coolheaded+1","floor":24.0},{"not_picked":["Rebound","Beam Cell"],"picked":"Core Surge","floor":29.0},{"not_picked":["Auto Shields+1","Ball Lightning","Cold Snap"],"picked":"SKIP","floor":30.0},{"not_picked":["Doom and Gloom+1","Barrage"],"picked":"Steam Power+1","floor":31.0},{"not_picked":["Sweeping Beam","Self Repair"],"picked":"Blizzard+1","floor":32.0},{"not_picked":["Compile Driver","Undo+1"],"picked":"Stack+1","floor":35.0},{"not_picked":["Ball Lightning","Turbo+1","Streamline+1"],"picked":"SKIP","floor":36.0},{"not_picked":["Hello World","Blizzard"],"picked":"Cold Snap+1","floor":39.0},{"not_picked":["BootSequence+1","White Noise+1"],"picked":"Tempest+1","floor":44.0},{"not_picked":["Blizzard","Sweeping Beam+1","Beam Cell"],"picked":"SKIP","floor":45.0},{"not_picked":["Rip and Tear","Streamline"],"picked":"Undo+1","floor":46.0},{"not_picked":["Steam Power+1","Sweeping Beam"],"picked":"Stack+1","floor":46.0},{"not_picked":["Hello World","Beam Cell"],"picked":"Reboot+1","floor":46.0},{"not_picked":["Conserve Battery+1","Consume+1"],"picked":"Stack+1","floor":46.0},{"not_picked":["Steam+1","Compile Driver+1"],"picked":"Capacitor","floor":46.0},{"not_picked":["Storm+1","Redo+1"],"picked":"Steam+1","floor":47.0},{"not_picked":["Panacea+1","Trip+1"],"picked":"Mind Blast","floor":48.0}],"player_experience":170454,"relics_obtained":[{"floor":6.0,"key":"Toxic Egg 2"},{"floor":8.0,"key":"Omamori"},{"floor":9.0,"key":"Sundial"},{"floor":12.0,"key":"Odd Mushroom"},{"floor":17.0,"key":"Dream Catcher"},{"floor":17.0,"key":"Cables"},{"floor":17.0,"key":"TungstenRod"},{"floor":24.0,"key":"Regal Pillow"},{"floor":26.0,"key":"Bronze Scales"},{"floor":43.0,"key":"Pen Nib"},{"floor":44.0,"key":"Juzu Bracelet"}],"event_choices":[{"damage_healed":0.0,"max_hp_gain":0.0,"max_hp_loss":0.0,"gold_gain":75.0,"event_name":"World of Goop","player_choice":"Gather Gold","floor":2.0,"gold_loss":0.0,"damage_taken":11.0},{"damage_healed":25.0,"max_hp_gain":0.0,"max_hp_loss":0.0,"gold_gain":0.0,"event_name":"Big Fish","player_choice":"Banana","floor":3.0,"gold_loss":0.0,"damage_taken":0.0},{"damage_healed":0.0,"max_hp_gain":0.0,"max_hp_loss":0.0,"gold_gain":0.0,"event_name":"Golden Idol","player_choice":"Take Damage","floor":5.0,"gold_loss":0.0,"damage_taken":18.0,"relics_obtained":["Golden Idol"]},{"damage_healed":0.0,"max_hp_gain":0.0,"max_hp_loss":0.0,"gold_gain":0.0,"event_name":"Dead Adventurer","player_choice":"Searched \u00270\u0027 times","floor":11.0,"gold_loss":0.0,"damage_taken":0.0},{"damage_healed":0.0,"max_hp_gain":0.0,"max_hp_loss":0.0,"gold_gain":0.0,"event_name":"Mushrooms","player_choice":"Fought Mushrooms","floor":12.0,"gold_loss":0.0,"damage_taken":0.0},{"damage_healed":0.0,"max_hp_gain":0.0,"max_hp_loss":0.0,"gold_gain":0.0,"event_name":"Addict","player_choice":"Obtained Relic","floor":19.0,"gold_loss":85.0,"damage_taken":0.0,"relics_obtained":["Centennial Puzzle"]},{"damage_healed":0.0,"max_hp_gain":0.0,"max_hp_loss":0.0,"gold_gain":0.0,"event_name":"Forgotten Altar","player_choice":"Gave Idol","floor":20.0,"relics_lost":["Golden Idol"],"gold_loss":0.0,"damage_taken":0.0,"relics_obtained":["Bloody Idol"]},{"damage_healed":0.0,"max_hp_gain":0.0,"max_hp_loss":0.0,"gold_gain":0.0,"event_name":"Tomb of Lord Red Mask","player_choice":"Ignored","floor":37.0,"gold_loss":0.0,"damage_taken":0.0},{"damage_healed":0.0,"max_hp_gain":0.0,"max_hp_loss":0.0,"gold_gain":999.0,"event_name":"MindBloom","player_choice":"Gold","floor":38.0,"gold_loss":0.0,"damage_taken":0.0,"cards_obtained":["Normality","Normality"]},{"damage_healed":0.0,"max_hp_gain":0.0,"max_hp_loss":0.0,"gold_gain":0.0,"event_name":"SensoryStone","player_choice":"Memory 1","floor":48.0,"gold_loss":0.0,"damage_taken":0.0}],"is_beta":false,"boss_relics":[{"not_picked":["SacredBark","Fusion Hammer"],"picked":"Calling Bell"},{"not_picked":["Philosopher\u0027s Stone","Velvet Choker"],"picked":"Pandora\u0027s Box"}],"items_purged_floors":[21,41,46],"is_endless":false,"potions_floor_spawned":[6,8,16,18,30,31,35,39,44],"ascension_level":13}}