{"host":"hbmugw1tcdgjy91l","time":1610521103,"event":{"mods":["Act Like it!","Arknights The Spire","BaseMod","Chen","Downfall","Gensokyo","Gremlin Mod","GungeonMod","Lobotomy","LobotomyExtend","Mari Mod (Legacy)","Mari\u0027s V1 Patch","Minty Spire (QoL Compilation)","Pale of the Ancients","Prisma Mod","READ ME - Guardian Mod","Replay The Spire","StSLib","Td1madao Mod","TestMod","The Animator","The Bug Knight","The Mystic","WarShipGirlsR/战舰少女R mod","vexMod","【功能Mod】混沌之环修复补丁"],"gold_per_floor":[117,2,2,22,37,65,65,65,89,39,71,71,104,127,127,239,239,264,284,204,204,50,50,83,133,185,209,209,251,251,273,273,412,412,459,459],"floor_reached":35,"language":"ZHS","playtime":6356,"items_purged":[],"score":486,"play_id":"55344567-e1d3-4e1f-9415-40ccb01df60b","local_time":"20210113145823","is_ascension_mode":false,"campfire_choices":[{"data":"ats:Explosion Area Strengthen","floor":7,"key":"SMITH"},{"data":"ats:Shell Defense","floor":12,"key":"SMITH"},{"data":"ats:Armor Crushing Shot","floor":15,"key":"SMITH"},{"data":"ats:Revitalization","floor":23,"key":"SMITH"},{"data":"Pot Of Greed","floor":30,"key":"SMITH"},{"floor":32,"key":"DIG"}],"circlet_count":0,"master_deck":["ats:Strike S","ats:Armor Crushing Shot+1","ats:Defend","ats:Defend","DreamingCurrent","ats:Explosion Area Strengthen+1","ats:Apocalypse","ats:Leaping Hammer","ats:Shell Defense+1","LaLuna","ats:Shell Defense","ats:Revitalization+1","Pot Of Greed","Pot Of Greed+1","Funeral","FairyFestival"],"relics":["ats:Sanity","testmod-TestBox","CogitoBucket","testmod-BatchProcessingSystem","LetterFromLob","DemoMod:GnawedKey","Gensokyo:Justice","ats:Originium","vexMod:CardConverter","Gensokyo:PortableGap","testmod-Acrobat","Lantern","Simple Rune","Black Star","Gensokyo:SongOfSouls","Lee\u0027s Waffle","DemoMod:Antibody","Grinning Jar","testmod-Antiphasic","ReplayFunnel","ReplayTheSpireMod:Ring of Addiction","SacredBark","Chameleon Ring","Centennial Puzzle","testmod-IndustrialRevolution","testmod-FatalChain","Garlic","Replay:Bronze Core"],"acts_visited":["Gensokyo:Gensokyo","Gensokyo:Gensokyoer","Gensokyo:Gensokyoest"],"potions_floor_usage":[13,29,29,33,33],"damage_taken":[{"damage":3,"enemies":"Gensokyo:2_Kodama","floor":1,"turns":4},{"damage":2,"enemies":"Gensokyo:Gryphon","floor":4,"turns":3},{"damage":0,"enemies":"Gensokyo:Python","floor":5,"turns":2},{"damage":10,"enemies":"Gensokyo:Mamizou","floor":6,"turns":9},{"damage":44,"enemies":"Gensokyo:Cirno","floor":11,"turns":6},{"damage":8,"enemies":"Gensokyo:Aya","floor":13,"turns":5},{"damage":1,"enemies":"Gensokyo:VengefulSpirit","floor":14,"turns":2},{"damage":31,"enemies":"Gensokyo:Reimu","floor":16,"turns":9},{"damage":37,"enemies":"Gensokyo:AngelMirror","floor":18,"turns":4},{"damage":9,"enemies":"Gensokyo:Chomper","floor":19,"turns":5},{"damage":45,"enemies":"Gensokyo:Swordslinger","floor":24,"turns":7},{"damage":88,"enemies":"Gensokyo:Tenshi","floor":25,"turns":8},{"damage":80,"enemies":"Gensokyo:Reisen","floor":29,"turns":9},{"damage":8,"enemies":"Gensokyo:3_Gloops","floor":31,"turns":4},{"damage":71,"enemies":"Gensokyo:Eternal_Rivals","floor":33,"turns":11},{"damage":307,"enemies":"Gensokyo:AncientGuardian","floor":35,"turns":22}],"seed_played":"9179282904068302274","potions_obtained":[{"floor":6,"key":"SteroidPotion"},{"floor":11,"key":"testmod-SpacePotion"},{"floor":13,"key":"PowerPotion"},{"floor":16,"key":"AttackPotion"},{"floor":25,"key":"Strength Potion"},{"floor":28,"key":"Fruit Juice"},{"floor":33,"key":"SteroidPotion"}],"is_trial":false,"path_per_floor":["M","$","?","M","M","E","R","?","T","COS","E","R","E","M","R","B",null,"M","M","COS","?","$","R","M","E","T","T","?","E","R","M","R","B",null,"M"],"character_chosen":"DOCTOR_CLASS","items_purchased":["DemoMod:GnawedKey","Lee\u0027s Waffle"],"campfire_rested":0,"item_purchase_floors":[2,22],"current_hp_per_floor":[69,69,69,72,72,72,72,65,65,64,38,38,62,66,66,57,70,50,74,73,70,77,77,77,49,49,49,49,81,81,90,90,90,90,88,88],"gold":459,"neow_bonus":"","is_daily":false,"chose_seed":false,"campfire_upgraded":5,"win_rate":0.0,"timestamp":1610521103,"path_taken":["M","$","?","M","M","E","R","?","T","COS","E","R","E","M","R","BOSS","M","M","COS","?","?","R","M","E","T","?","?","E","R","?","R","BOSS","M"],"items_purchased_type":["Relic","Relic"],"build_version":"2020-12-22","purchased_purges":0,"victory":false,"max_hp_per_floor":[72,72,72,72,72,72,72,65,65,64,66,66,66,66,66,70,70,72,74,73,70,77,77,77,81,81,78,78,90,90,90,90,90,90,90,90],"card_choices":[{"not_picked":["Murderer","QueenBee"],"picked":"DreamingCurrent","floor":1},{"not_picked":["ats:Spore Proliferation","ats:Steam Pump"],"picked":"ats:Explosion Area Strengthen","floor":1},{"not_picked":["ats:Flame Of Heaven","ats:Curse Doll"],"picked":"ats:Apocalypse","floor":4},{"not_picked":["ats:Powerful Strike","ats:Assault Order"],"picked":"ats:Leaping Hammer","floor":5},{"not_picked":["CherryBlossoms","Variant","BigBadWolf"],"picked":"Singing Bowl","floor":5},{"not_picked":["Scorched","WallGazer","SpiderBud"],"picked":"Singing Bowl","floor":6},{"not_picked":["ats:Shadow Raid","ats:Guardian Obelisk","ats:Blood Oath"],"picked":"SKIP","floor":6},{"not_picked":["ats:Powerful Strike","ats:Leaping Hammer"],"picked":"ats:Shell Defense","floor":11},{"not_picked":["Variant","BeautyBeast","Rudolta"],"picked":"Singing Bowl","floor":11},{"not_picked":["Scorched","OldLady","CrumblingArmor"],"picked":"Singing Bowl","floor":13},{"not_picked":["ats:Durian","ats:Leaping Hammer","ats:Childhood Dance"],"picked":"SKIP","floor":13},{"not_picked":["ats:Poison Spread","ats:Hammer On","ats:Steam Pump"],"picked":"SKIP","floor":14},{"not_picked":["ats:Durian","ats:Dogmatic Field"],"picked":"ats:Wolf Pack","floor":16},{"not_picked":["QueenBee","Porccubus"],"picked":"LaLuna","floor":16},{"not_picked":["ats:Burning Ground","ats:Leaping Hammer"],"picked":"ats:Shell Defense","floor":18},{"not_picked":["ats:Assault Order","ats:Healing Drone"],"picked":"ats:Revitalization","floor":19},{"not_picked":["ats:Mental Burst+1","ats:Childhood Dance","ats:Revitalization"],"picked":"SKIP","floor":24},{"not_picked":["ats:Flexible Camouflage","ats:Wolf Pack","ats:Closed Bolt Burst Fire"],"picked":"SKIP","floor":25},{"not_picked":["Scorched","MHz"],"picked":"Funeral","floor":29},{"not_picked":["ats:Very Hot Blade","ats:Apocalypse+1","ats:Beaten Up"],"picked":"SKIP","floor":29},{"not_picked":["ats:Very Hot Blade","ats:Apocalypse+1","ats:Beaten Up"],"picked":"SKIP","floor":29},{"not_picked":["ats:Consecutive Shot Auto+1","ats:Childhood Dance+1","ats:Flame Of Heaven"],"picked":"SKIP","floor":31},{"not_picked":["OSAHOGD","BigBird"],"picked":"FairyFestival","floor":33}],"player_experience":424096,"relics_obtained":[{"floor":1,"key":"LetterFromLob"},{"floor":6,"key":"ats:Originium"},{"floor":6,"key":"vexMod:CardConverter"},{"floor":11,"key":"ats:Originium"},{"floor":11,"key":"testmod-Acrobat"},{"floor":13,"key":"ats:Originium"},{"floor":13,"key":"Lantern"},{"floor":25,"key":"DemoMod:Antibody"},{"floor":25,"key":"Grinning Jar"},{"floor":26,"key":"testmod-Antiphasic"},{"floor":27,"key":"ReplayFunnel"},{"floor":28,"key":"ReplayTheSpireMod:Ring of Addiction"},{"floor":28,"key":"SacredBark"},{"floor":28,"key":"Chameleon Ring"},{"floor":29,"key":"Centennial Puzzle"},{"floor":29,"key":"testmod-IndustrialRevolution"},{"floor":32,"key":"Garlic"}],"event_choices":[],"is_beta":false,"boss_relics":[{"not_picked":["ats:Omniscience","Snecko Eye"],"picked":"Black Star"},{"not_picked":["vexMod:ImprovementManual","Tiny House"],"picked":"Replay:Bronze Core"}],"items_purged_floors":[],"is_endless":false,"potions_floor_spawned":[6,11,13,16,25,33],"killed_by":"Gensokyo:AncientGuardian","ascension_level":0}}