{"host":"fq1bpa5mgr3rtgnr","time":1610532005,"event":{"mods":["AchievementEnabler","BaseMod","Colored Map","Colored Powertips","Highlight Path","Minty Spire (QoL Compilation)","Relic Stats","StSLib","The Animator"],"gold_per_floor":[222,222,51,51,69,69,98,98,123,134,156,156,156,191,191,287,312,332,332,362,50,64,64,129,129,177,233,253,253,253,311,311,414,439,450,450,528,543,556,566,566,621,621,485,485,485,109,164,164,164,164,164,580,642,642,642],"floor_reached":55,"language":"ENG","playtime":4457,"items_purged":["animator:Strike","animator:Strike+1"],"score":958,"play_id":"5d31332e-3be5-4595-ada0-4fe1e77d7992","local_time":"20210113050005","is_ascension_mode":true,"campfire_choices":[{"data":"animator:Jibril","floor":6.0,"key":"SMITH"},{"data":"animator:IzunaHatsuse","floor":8.0,"key":"SMITH"},{"data":"animator:Defend_Overlord","floor":13.0,"key":"SMITH"},{"data":"animator:Berserker","floor":15.0,"key":"SMITH"},{"data":"animator:NarberalGamma","floor":23.0,"key":"SMITH"},{"data":"animator:Envy","floor":25.0,"key":"SMITH"},{"data":"animator:PandorasActor","floor":29.0,"key":"SMITH"},{"data":"animator:Cocytus","floor":32.0,"key":"SMITH"},{"data":"animator:HigakiRinne","floor":41.0,"key":"SMITH"},{"data":"animator:RinTohsaka","floor":46.0,"key":"SMITH"},{"floor":49.0,"key":"RECALL"},{"data":"animator:Demiurge","floor":52.0,"key":"SMITH"}],"circlet_count":0,"master_deck":["animator:Strike_Overlord","animator:Defend_Overlord+1","animator:Defend","animator:Defend","animator:Cocytus","animator:Demiurge","animator:NarberalGamma","animator:Kaijin+1","animator:Entoma+1","animator:Berserker","animator:IzunaHatsuse","animator:MetalKnight","animator:DolaSchwi","animator:Gilgamesh+1","animator:Envy","animator:RinTohsaka","animator:PandorasActor","animator:Archer","animator:Genos","animator:Konayuki","animator:Rimuru","animator:Emonzaemon","animator:Ainz+1","animator:HigakiRinne","animator:Sonic","animator:Alexander","animator:Genos","animator:Albedo"],"relics":["animator:TheEruzaStone","animator:AncientMedallion"],"acts_visited":["Exordium","TheCity","TheBeyond","TheEnding","EYB:TheUnnamedReign"],"potions_floor_usage":[55],"damage_taken":[{"damage":12.0,"enemies":"Jaw Worm","floor":1.0,"turns":6.0},{"damage":5.0,"enemies":"2 Louse","floor":5.0,"turns":2.0},{"damage":46.0,"enemies":"Gremlin Nob","floor":7.0,"turns":5.0},{"damage":0.0,"enemies":"Cultist","floor":10.0,"turns":2.0},{"damage":16.0,"enemies":"Large Slime","floor":11.0,"turns":8.0},{"damage":6.0,"enemies":"3 Sentries","floor":14.0,"turns":4.0},{"damage":6.0,"enemies":"Slime Boss","floor":16.0,"turns":6.0},{"damage":6.0,"enemies":"Chosen","floor":18.0,"turns":3.0},{"damage":11.0,"enemies":"2 Thieves","floor":20.0,"turns":4.0},{"damage":15.0,"enemies":"Snake Plant","floor":22.0,"turns":5.0},{"damage":3.0,"enemies":"Gremlin Leader","floor":24.0,"turns":5.0},{"damage":6.0,"enemies":"animator:HornedBat","floor":27.0,"turns":6.0},{"damage":0.0,"enemies":"Chosen and Byrds","floor":28.0,"turns":5.0},{"damage":0.0,"enemies":"Gremlin Leader","floor":31.0,"turns":4.0},{"damage":0.0,"enemies":"Automaton","floor":33.0,"turns":6.0},{"damage":0.0,"enemies":"3 Shapes","floor":35.0,"turns":3.0},{"damage":35.0,"enemies":"2 Orb Walkers","floor":37.0,"turns":5.0},{"damage":0.0,"enemies":"Orb Walker","floor":38.0,"turns":2.0},{"damage":0.0,"enemies":"4 Shapes","floor":39.0,"turns":4.0},{"damage":18.0,"enemies":"Spire Growth","floor":40.0,"turns":3.0},{"damage":0.0,"enemies":"Nemesis","floor":42.0,"turns":3.0},{"damage":10.0,"enemies":"Giant Head","floor":48.0,"turns":6.0},{"damage":34.0,"enemies":"Donu and Deca","floor":50.0,"turns":7.0},{"damage":88.0,"enemies":"animator:TRIPLE_SHAPES_WEAK","floor":54.0,"turns":11.0},{"damage":28,"enemies":"animator:UNNAMED_HAT","floor":55,"turns":9}],"seed_played":"-8726347437315102321","potions_obtained":[{"floor":1.0,"key":"CultistPotion"},{"floor":5.0,"key":"Dexterity Potion"},{"floor":16.0,"key":"Block Potion"},{"floor":22.0,"key":"SkillPotion"},{"floor":24.0,"key":"Regen Potion"},{"floor":33.0,"key":"Block Potion"},{"floor":39.0,"key":"ColorlessPotion"},{"floor":54.0,"key":"animator:FalseLifePotion"}],"is_trial":false,"path_per_floor":["M","?","$","?","M","R","E","R","T","M","M","?","R","E","R","B",null,"M","?","M","$","M","R","E","R","T","E","M","R","?","E","R","B",null,"M","?","?","M","M","M","R","E","T","$","?","R","$","E","R","B",null,"R","??","M","M"],"character_chosen":"THE_ANIMATOR","items_purchased":["animator:Kaijin","animator:Entoma","Frozen Egg 2","animator:Archer+1","animator:Sonic","OrangePellets","Anchor","animator:Alexander+1","animator:Genos+1"],"campfire_rested":0,"item_purchase_floors":[3,3,21,21,44,47,47,47,47],"current_hp_per_floor":[54,54,54,54,51,51,6,6,6,14,18,18,18,20,20,20,75,69,69,58,58,45,45,42,42,42,36,36,36,36,39,39,40,81,83,73,38,38,40,22,22,22,22,22,22,37,37,27,42,28,85,85,98,16,0,0],"gold":642,"neow_bonus":"HUNDRED_GOLD","is_daily":false,"chose_seed":false,"campfire_upgraded":11,"win_rate":0.0,"timestamp":1610532005,"path_taken":["M","?","$","?","M","R","E","R","T","M","?","?","R","E","R","BOSS","M","?","M","$","M","R","E","R","T","E","M","R","?","E","R","BOSS","M","?","?","M","M","?","R","E","T","$","?","R","$","E","R","BOSS","R","??","M","M"],"items_purchased_type":["Card","Card","Relic","Card","Card","Relic","Relic","Card","Card"],"build_version":"2020-12-22","purchased_purges":2,"victory":false,"max_hp_per_floor":[66,66,66,66,68,68,69,69,69,71,73,73,73,75,75,75,75,75,75,75,75,77,77,77,77,77,77,77,77,77,80,80,81,81,83,83,83,83,85,85,85,85,85,85,85,85,85,85,85,85,85,85,98,100,100,100],"relic_stats":{"counters":[25,124],"obtain_stats":[{"Darkstone Periapt":48,"animator:WizardHat":37,"animator:TheMissingPiece":0,"animator:BattleDrones":12,"Dead Branch":24,"Eternal Feather":42,"animator:TheEruzaStone":53,"Bag of Preparation":9,"Frozen Egg 2":21,"Akabeko":14,"SlaversCollar":17,"OrangePellets":47,"Nunchaku":26,"Anchor":47,"Busted Crown":34,"animator:AncientMedallion":53,"Shuriken":27,"Molten Egg 2":7,"animator:LivingPicture":0,"animator:OldCoffin":31},{"Darkstone Periapt":22,"animator:WizardHat":17,"animator:TheMissingPiece":0,"animator:BattleDrones":5,"Dead Branch":11,"Eternal Feather":21,"animator:TheEruzaStone":23,"Bag of Preparation":3,"Frozen Egg 2":9,"Akabeko":6,"SlaversCollar":7,"OrangePellets":21,"Nunchaku":11,"Anchor":21,"Busted Crown":15,"animator:AncientMedallion":23,"Shuriken":12,"Molten Egg 2":3,"animator:LivingPicture":0,"animator:OldCoffin":14},{"Darkstone Periapt":97,"animator:WizardHat":79,"animator:TheMissingPiece":0,"animator:BattleDrones":23,"Dead Branch":50,"Eternal Feather":91,"animator:TheEruzaStone":104,"Bag of Preparation":13,"Frozen Egg 2":40,"Akabeko":27,"SlaversCollar":33,"OrangePellets":91,"Nunchaku":50,"Anchor":91,"Busted Crown":71,"animator:AncientMedallion":104,"Shuriken":56,"Molten Egg 2":13,"animator:LivingPicture":0,"animator:OldCoffin":65}]},"card_choices":[{"not_picked":["animator:Gluttony","animator:Hakurou"],"picked":"animator:Jibril","floor":1.0},{"not_picked":["animator:Entoma","animator:ElricAlphonse"],"picked":"animator:Berserker","floor":5.0},{"not_picked":["animator:Archer","animator:ElricAlphonse"],"picked":"animator:IzunaHatsuse","floor":7.0},{"not_picked":["animator:Genos+1","animator:MumenRider+1"],"picked":"animator:MetalKnight+1","floor":10.0},{"not_picked":["animator:Emonzaemon+1","animator:Demiurge"],"picked":"animator:DolaSchwi+1","floor":11.0},{"not_picked":["animator:Illya","animator:DolaCouronne"],"picked":"animator:Gilgamesh+1","floor":14.0},{"not_picked":["animator:Sora","animator:Father"],"picked":"animator:Envy","floor":16.0},{"not_picked":["animator:SilverFang+1","animator:Genos+1"],"picked":"animator:RinTohsaka","floor":18.0},{"not_picked":["animator:Cocytus+1","animator:Evileye"],"picked":"animator:PandorasActor","floor":20.0},{"not_picked":["animator:MaesHughes","animator:ElricAlphonse+1"],"picked":"animator:Genos+1","floor":22.0},{"not_picked":["animator:Azekura","animator:Illya"],"picked":"animator:Konayuki+1","floor":24.0},{"not_picked":["animator:Jibril+1","animator:ZankiKiguchi+1"],"picked":"animator:Rimuru","floor":27.0},{"not_picked":["animator:ShinjiMatou+1","animator:Rider"],"picked":"animator:Emonzaemon+1","floor":31.0},{"not_picked":["animator:Rimuru","animator:Albedo+1"],"picked":"animator:Ainz+1","floor":33.0},{"not_picked":["animator:Berserker+1"],"picked":"SKIP","floor":35.0},{"not_picked":["animator:Berserker+1"],"picked":"SKIP","floor":38.0},{"not_picked":["animator:Berserker+1"],"picked":"SKIP","floor":40.0},{"not_picked":["animator:SilverFang"],"picked":"SKIP","floor":42.0},{"not_picked":["animator:ElricEdward+1"],"picked":"SKIP","floor":48.0},{"not_picked":["animator:SakuraMatou","animator:GazelDwargon"],"picked":"animator:Albedo","floor":54.0}],"player_experience":406221,"relics_obtained":[{"floor":7.0,"key":"Molten Egg 2"},{"floor":9.0,"key":"Bag of Preparation"},{"floor":14.0,"key":"Akabeko"},{"floor":24.0,"key":"Dead Branch"},{"floor":26.0,"key":"Nunchaku"},{"floor":27.0,"key":"Shuriken"},{"floor":31.0,"key":"animator:OldCoffin"},{"floor":37.0,"key":"animator:WizardHat"},{"floor":42.0,"key":"Eternal Feather"},{"floor":48.0,"key":"Darkstone Periapt"},{"floor":53.0,"key":"animator:TheEruzaStone"},{"floor":53.0,"key":"animator:AncientMedallion"}],"event_choices":[{"damage_healed":0.0,"max_hp_gain":0.0,"max_hp_loss":0.0,"gold_gain":0.0,"cards_transformed":["animator:Strike"],"event_name":"Living Wall","player_choice":"Change","floor":2.0,"gold_loss":0.0,"damage_taken":0.0,"cards_obtained":["animator:NarberalGamma"]},{"damage_healed":0.0,"max_hp_gain":0.0,"max_hp_loss":0.0,"gold_gain":0.0,"event_name":"Upgrade Shrine","player_choice":"Upgraded","floor":4.0,"gold_loss":0.0,"damage_taken":0.0,"cards_upgraded":["animator:Kaijin"]},{"damage_healed":0.0,"max_hp_gain":0.0,"max_hp_loss":0.0,"gold_gain":0.0,"event_name":"WeMeetAgain","player_choice":"Gave Potion","floor":12.0,"gold_loss":0.0,"damage_taken":0.0,"relics_obtained":["animator:BattleDrones"]},{"damage_healed":0.0,"max_hp_gain":0.0,"max_hp_loss":0.0,"gold_gain":0.0,"event_name":"Back to Basics","player_choice":"Simplicity","floor":19.0,"gold_loss":0.0,"damage_taken":0.0,"cards_upgraded":["animator:Strike_Overlord","animator:Strike","animator:Defend","animator:Defend"]},{"cards_removed":["animator:Defend"],"damage_healed":0.0,"max_hp_gain":0.0,"max_hp_loss":0.0,"gold_gain":0.0,"event_name":"Purifier","player_choice":"Purged","floor":30.0,"gold_loss":0.0,"damage_taken":0.0},{"damage_healed":0.0,"max_hp_gain":0.0,"max_hp_loss":0.0,"gold_gain":0.0,"event_name":"Winding Halls","player_choice":"Embrace Madness","floor":36.0,"gold_loss":0.0,"damage_taken":10.0,"cards_obtained":["animator:HigakiRinne"]},{"damage_healed":0.0,"max_hp_gain":0.0,"max_hp_loss":0.0,"gold_gain":0.0,"event_name":"Mysterious Sphere","player_choice":"Fight","floor":37.0,"gold_loss":0.0,"damage_taken":0.0},{"cards_removed":["animator:Jibril"],"damage_healed":0.0,"max_hp_gain":0.0,"max_hp_loss":0.0,"gold_gain":0.0,"event_name":"Falling","player_choice":"Removed Attack","floor":45.0,"gold_loss":0.0,"damage_taken":0.0}],"is_beta":false,"boss_relics":[{"not_picked":["Calling Bell","animator:HolyGrailRelic"],"picked":"SlaversCollar"},{"not_picked":["Tiny House","animator:CursedBlade"],"picked":"Busted Crown"}],"items_purged_floors":[3,44],"is_endless":false,"potions_floor_spawned":[1,5,16,22,24,28,33,39,54],"killed_by":"animator:UNNAMED_HAT","ascension_level":1}}