{"host":"5x08nt64u3vxxcfi","time":1610525889,"event":{"mods":["BaseMod","Minty Spire (QoL Compilation)","StSLib","SuperFastMode"],"gold_per_floor":[113,93,103,103,278,278,307,327,327,327,343,343,372,386,386,460,460,472,491,363,380,380,380,65,83,83,83,83],"floor_reached":27,"language":"KOR","playtime":537,"items_purged":["Doubt","Strike_G"],"score":409,"play_id":"97f5cb2b-22a0-4f78-98b6-d4d8c2edaee5","local_time":"20210113171809","is_ascension_mode":true,"campfire_choices":[{"data":"Neutralize","floor":6,"key":"SMITH"},{"data":"Crippling Poison","floor":12,"key":"SMITH"},{"data":"Catalyst","floor":15,"key":"SMITH"},{"data":"Noxious Fumes","floor":23,"key":"SMITH"}],"circlet_count":0,"master_deck":["AscendersBane","Strike_G","Strike_G","Strike_G+1","Strike_G","Defend_G","Defend_G","Defend_G","Defend_G","Defend_G","Survivor","Neutralize+1","Catalyst+1","Crippling Poison+1","Poisoned Stab","Blur","After Image","Poisoned Stab+1","Corpse Explosion","Noxious Fumes+1","Dodge and Roll","Backflip","Well Laid Plans","Deadly Poison"],"relics":["Ring of the Snake","NeowsBlessing","Pear","Gremlin Horn","Oddly Smooth Stone","Matryoshka","Mummified Hand","Black Star","Smiling Mask","Membership Card","Snake Skull","Whetstone","Paper Crane"],"acts_visited":["Exordium","TheCity"],"potions_floor_usage":[13,13,14,27,27],"damage_taken":[{"damage":0,"enemies":"Small Slimes","floor":1,"turns":1},{"damage":0,"enemies":"Cultist","floor":3,"turns":1},{"damage":0,"enemies":"Lagavulin","floor":7,"turns":1},{"damage":1,"enemies":"Jaw Worm","floor":8,"turns":4},{"damage":12,"enemies":"3 Louse","floor":11,"turns":4},{"damage":18,"enemies":"3 Sentries","floor":13,"turns":12},{"damage":0,"enemies":"Lots of Slimes","floor":14,"turns":4},{"damage":6,"enemies":"The Guardian","floor":16,"turns":9},{"damage":0,"enemies":"Chosen","floor":18,"turns":3},{"damage":18,"enemies":"Spheric Guardian","floor":19,"turns":4},{"damage":18,"enemies":"Snake Plant","floor":21,"turns":4},{"damage":19,"enemies":"Cultist and Chosen","floor":25,"turns":8},{"damage":14,"enemies":"Slavers","floor":27,"turns":2}],"seed_played":"-7923682002131160885","potions_obtained":[{"floor":1,"key":"SpeedPotion"},{"floor":2,"key":"ColorlessPotion"},{"floor":7,"key":"BlessingOfTheForge"},{"floor":8,"key":"CunningPotion"},{"floor":13,"key":"Poison Potion"},{"floor":16,"key":"Ancient Potion"},{"floor":19,"key":"Explosive Potion"},{"floor":21,"key":"SkillPotion"}],"is_trial":false,"path_per_floor":["M","?","M","?","?","R","E","M","T","?","M","R","E","M","R","B",null,"M","M","$","M","?","R","$","M","T","E"],"character_chosen":"THE_SILENT","items_purchased":["Backflip","Membership Card","Snake Skull","Well Laid Plans"],"campfire_rested":0,"item_purchase_floors":[20,24,24,24],"current_hp_per_floor":[63,63,63,66,66,66,66,65,65,65,53,53,35,35,35,29,67,67,49,49,31,31,31,31,12,12,0,0],"gold":83,"neow_bonus":"THREE_ENEMY_KILL","is_daily":false,"chose_seed":false,"campfire_upgraded":4,"win_rate":0.0,"timestamp":1610525889,"path_taken":["M","?","?","?","?","R","E","M","T","?","M","R","E","M","R","BOSS","M","?","$","M","?","R","?","M","T","E"],"items_purchased_type":["Card","Relic","Relic","Card"],"build_version":"2020-12-22","purchased_purges":2,"victory":false,"max_hp_per_floor":[70,70,70,80,80,80,80,80,80,80,80,80,80,80,80,80,80,80,80,80,80,80,80,80,80,80,80,80],"card_choices":[{"not_picked":["Quick Slash","Outmaneuver"],"picked":"Catalyst","floor":1},{"not_picked":["Endless Agony","Sucker Punch"],"picked":"Blade Dance","floor":3},{"not_picked":["Dagger Spray","Acrobatics"],"picked":"Crippling Poison","floor":7},{"not_picked":["Sucker Punch","Flechettes"],"picked":"Poisoned Stab","floor":8},{"not_picked":["Bane","Infinite Blades"],"picked":"Blur","floor":11},{"not_picked":["Escape Plan","Sucker Punch"],"picked":"After Image","floor":13},{"not_picked":["Calculated Gamble","Acrobatics"],"picked":"Poisoned Stab","floor":14},{"not_picked":["Bullet Time","Storm of Steel"],"picked":"Corpse Explosion","floor":16},{"not_picked":["Escape Plan","Deadly Poison"],"picked":"Noxious Fumes","floor":18},{"not_picked":["Poisoned Stab","Quick Slash"],"picked":"Dodge and Roll","floor":19},{"not_picked":["Dagger Spray","Flechettes+1","Slice"],"picked":"SKIP","floor":21},{"not_picked":["Cloak And Dagger","Well Laid Plans"],"picked":"Deadly Poison","floor":25}],"player_experience":96894,"relics_obtained":[{"floor":7,"key":"Gremlin Horn"},{"floor":9,"key":"Oddly Smooth Stone"},{"floor":13,"key":"Mummified Hand"},{"floor":26,"key":"Whetstone"},{"floor":26,"key":"Paper Crane"}],"event_choices":[{"damage_healed":0,"gold_gain":0,"player_choice":"Bought 1 Potion","damage_taken":0,"max_hp_gain":0,"max_hp_loss":0,"event_name":"The Woman in Blue","floor":2,"gold_loss":0},{"damage_healed":0,"gold_gain":0,"player_choice":"Success","damage_taken":7,"relics_obtained":["Pear"],"max_hp_gain":0,"max_hp_loss":0,"event_name":"Scrap Ooze","floor":4,"gold_loss":0},{"damage_healed":0,"gold_gain":175,"player_choice":"AGREE","damage_taken":0,"max_hp_gain":0,"max_hp_loss":0,"event_name":"Liars Game","floor":5,"gold_loss":0,"cards_obtained":["Doubt"]},{"cards_removed":["Blade Dance"],"damage_healed":0,"gold_gain":0,"player_choice":"Gave Card","damage_taken":0,"relics_obtained":["Matryoshka"],"max_hp_gain":0,"max_hp_loss":0,"event_name":"WeMeetAgain","floor":10,"gold_loss":0},{"damage_healed":0,"gold_gain":0,"player_choice":"Opened","damage_taken":0,"relics_obtained":["Smiling Mask"],"max_hp_gain":0,"max_hp_loss":0,"event_name":"The Mausoleum","floor":22,"gold_loss":0}],"is_beta":false,"boss_relics":[{"not_picked":["Runic Dome","Cursed Key"],"picked":"Black Star"}],"items_purged_floors":[20,24],"is_endless":false,"potions_floor_spawned":[1,7,8,13,16,19,21],"killed_by":"Slavers","ascension_level":13}}