{"host":"qm4rv4rkpk76sbxu","time":1610568975,"event":{"mods":["BaseMod","Bestiary","Block Reminder","DeckTracker","Filter the Spire","Keyboard Shortcuts","Minty Spire (QoL Compilation)","MonsterHotkey","Potion Indicator Mod","Quick Restart","Relic Stats","Slay-I","StSLib","ojb\u0027s Better Paths Mod"],"gold_per_floor":[112,124,124,145,168,212,237,265,290,327,344,18,18,18,18,101,101,123,83,105,125,134,173,197,226,226,276,276,302,302,28,28,114,114,124,142,156,35,62,104,104,144,153,153,153,192,218,227,227,227,227],"floor_reached":50,"language":"ENG","playtime":2756,"items_purged":["Strike_G","Decay","Strike_G"],"score":1351,"play_id":"42d4f64a-2f11-4d51-bdb1-ed3e3e8d8ee0","local_time":"20210113211615","is_ascension_mode":true,"campfire_choices":[{"data":"Finisher","floor":15.0,"key":"SMITH"},{"data":"Tactician","floor":28.0,"key":"SMITH"},{"data":"Calculated Gamble","floor":30.0,"key":"SMITH"},{"data":"Accuracy","floor":32.0,"key":"SMITH"},{"data":"Bullet Time","floor":41.0,"key":"SMITH"},{"data":"Footwork","floor":45.0,"key":"SMITH"},{"floor":49.0,"key":"RECALL"}],"circlet_count":0,"master_deck":["AscendersBane","Strike_G","Strike_G","Strike_G","Defend_G","Defend_G","Defend_G","Defend_G","Defend_G","Survivor","Neutralize","Cloak And Dagger","Finisher+1","Dash","Backstab","Dagger Spray","Backstab","Slice","Adrenaline","Footwork+1","Cloak And Dagger","Cloak And Dagger","Acrobatics","Doppelganger","Deflect+1","Venomology","Calculated Gamble+1","Accuracy+1","Blade Dance","Tactician+1","Tools of the Trade","Bullet Time+1","Madness","Madness","Terror","Chrysalis","Panache","Secret Weapon","Predator","Endless Agony+1","Pain","Choke","Underhanded Strike","Doubt"],"relics":["Ring of the Snake","CeramicFish","Gambling Chip","Potion Belt","Smiling Mask","Dream Catcher","Orrery","Vajra","SlaversCollar","Pantograph","Sundial","MealTicket","Cursed Key","Boot","Strawberry","Nunchaku"],"acts_visited":["Exordium","TheCity","TheBeyond"],"potions_floor_usage":[50,50],"damage_taken":[{"damage":0.0,"enemies":"Jaw Worm","floor":1.0,"turns":3.0},{"damage":0.0,"enemies":"Cultist","floor":2.0,"turns":4.0},{"damage":1.0,"enemies":"Small Slimes","floor":4.0,"turns":3.0},{"damage":16.0,"enemies":"Exordium Wildlife","floor":5.0,"turns":5.0},{"damage":13.0,"enemies":"3 Sentries","floor":6.0,"turns":11.0},{"damage":1.0,"enemies":"Red Slaver","floor":7.0,"turns":3.0},{"damage":0.0,"enemies":"Gremlin Nob","floor":8.0,"turns":3.0},{"damage":9.0,"enemies":"3 Sentries","floor":10.0,"turns":6.0},{"damage":0.0,"enemies":"Blue Slaver","floor":11.0,"turns":2.0},{"damage":10.0,"enemies":"Hexaghost","floor":16.0,"turns":9.0},{"damage":0.0,"enemies":"Spheric Guardian","floor":18.0,"turns":1.0},{"damage":2.0,"enemies":"3 Byrds","floor":20.0,"turns":5.0},{"damage":17.0,"enemies":"Shelled Parasite and Fungi","floor":21.0,"turns":6.0},{"damage":6.0,"enemies":"Gremlin Leader","floor":23.0,"turns":6.0},{"damage":11.0,"enemies":"Cultist and Chosen","floor":24.0,"turns":5.0},{"damage":1.0,"enemies":"Centurion and Healer","floor":25.0,"turns":4.0},{"damage":4.0,"enemies":"Slavers","floor":29.0,"turns":4.0},{"damage":2.0,"enemies":"Champ","floor":33.0,"turns":9.0},{"damage":6.0,"enemies":"Orb Walker","floor":35.0,"turns":3.0},{"damage":3.0,"enemies":"3 Shapes","floor":37.0,"turns":5.0},{"damage":0.0,"enemies":"Reptomancer","floor":40.0,"turns":1.0},{"damage":18.0,"enemies":"Nemesis","floor":42.0,"turns":6.0},{"damage":34.0,"enemies":"Giant Head","floor":46.0,"turns":7.0},{"damage":0.0,"enemies":"3 Darklings","floor":47.0,"turns":1.0},{"damage":79,"enemies":"Time Eater","floor":50,"turns":5}],"seed_played":"-6271659649860672841","potions_obtained":[{"floor":5.0,"key":"DistilledChaos"},{"floor":6.0,"key":"Energy Potion"},{"floor":7.0,"key":"BlessingOfTheForge"},{"floor":10.0,"key":"FairyPotion"},{"floor":16.0,"key":"Weak Potion"},{"floor":19.0,"key":"Regen Potion"},{"floor":19.0,"key":"LiquidMemories"},{"floor":19.0,"key":"CultistPotion"},{"floor":21.0,"key":"LiquidBronze"},{"floor":25.0,"key":"Energy Potion"},{"floor":33.0,"key":"DuplicationPotion"},{"floor":35.0,"key":"SpeedPotion"},{"floor":37.0,"key":"CunningPotion"}],"is_trial":false,"path_per_floor":["M","M","?","M","M","E","M","E","T","E","M","$","?","?","R","B",null,"M","?","M","M","?","E","M","M","T","?","R","E","R","$","R","B",null,"M","?","M","$","?","E","R","E","T","?","R","E","M","?","R","B"],"character_chosen":"THE_SILENT","items_purchased":["EntropicBrew","Orrery","Acrobatics","Tools of the Trade","ColorlessPotion","Terror"],"campfire_rested":0,"item_purchase_floors":[12,12,12,31,31,38],"current_hp_per_floor":[59,59,59,58,42,29,28,28,28,19,19,19,1,1,1,10,52,52,52,50,48,48,42,31,30,30,30,30,26,26,41,41,64,66,60,48,45,60,50,50,50,39,39,39,39,5,5,73,73,0,0],"gold":227,"neow_bonus":"THREE_CARDS","is_daily":false,"chose_seed":false,"campfire_upgraded":6,"win_rate":0.0,"timestamp":1610568975,"path_taken":["M","M","?","M","?","E","M","E","T","E","M","$","?","?","R","BOSS","M","?","M","?","?","E","M","M","T","?","R","E","R","$","R","BOSS","M","?","M","$","?","E","R","E","T","?","R","E","M","?","R","BOSS"],"items_purchased_type":["Potion","Relic","Card","Card","Potion","Card"],"build_version":"2020-12-22","purchased_purges":3,"victory":false,"max_hp_per_floor":[66,66,66,66,66,66,66,66,66,66,66,66,66,66,66,66,66,66,66,66,66,66,66,66,66,66,66,66,66,66,66,66,66,66,66,66,66,66,66,66,66,73,73,73,73,73,73,73,73,73,73],"relic_stats":{"counters":[25,117],"CeramicFish":288,"Smiling Mask":150,"Cursed Key":1,"Boot":[30],"Dream Catcher":0,"Nunchaku":[1],"Sundial":[2],"Gambling Chip":[52],"Pantograph":25,"MealTicket":30,"obtain_stats":[{"Potion Belt":8,"CeramicFish":3,"Vajra":13,"Smiling Mask":9,"Cursed Key":34,"Boot":40,"SlaversCollar":17,"Dream Catcher":10,"Nunchaku":46,"Sundial":26,"Gambling Chip":6,"Pantograph":23,"Strawberry":42,"Orrery":12,"MealTicket":29,"Ring of the Snake":0},{"Potion Belt":7,"CeramicFish":2,"Vajra":9,"Smiling Mask":7,"Cursed Key":18,"Boot":21,"SlaversCollar":10,"Dream Catcher":8,"Nunchaku":23,"Sundial":16,"Gambling Chip":5,"Pantograph":14,"Strawberry":22,"Orrery":9,"MealTicket":17,"Ring of the Snake":0},{"Potion Belt":32,"CeramicFish":7,"Vajra":40,"Smiling Mask":32,"Cursed Key":89,"Boot":98,"SlaversCollar":49,"Dream Catcher":38,"Nunchaku":111,"Sundial":76,"Gambling Chip":26,"Pantograph":67,"Strawberry":104,"Orrery":40,"MealTicket":80,"Ring of the Snake":0}],"Ring of the Snake":[50]},"card_choices":[{"not_picked":["Finisher","Outmaneuver"],"picked":"Poisoned Stab","floor":0.0},{"not_picked":["Flying Knee","Slice"],"picked":"Cloak And Dagger","floor":1.0},{"not_picked":["Concentrate","Calculated Gamble"],"picked":"Finisher","floor":2.0},{"not_picked":["Backflip","Distraction"],"picked":"Dash","floor":4.0},{"not_picked":["Prepared","Deflect"],"picked":"Backstab","floor":5.0},{"not_picked":["Outmaneuver","Choke"],"picked":"Dagger Spray","floor":6.0},{"not_picked":["Predator","Expertise"],"picked":"Backstab","floor":7.0},{"not_picked":["Acrobatics","Setup","PiercingWail"],"picked":"SKIP","floor":8.0},{"not_picked":["Heel Hook","Dagger Throw"],"picked":"Slice","floor":10.0},{"not_picked":["PiercingWail","Finisher","Escape Plan"],"picked":"SKIP","floor":11.0},{"not_picked":["Poisoned Stab","Dagger Spray"],"picked":"Adrenaline","floor":12.0},{"not_picked":["Cloak And Dagger","Dagger Throw"],"picked":"Footwork","floor":12.0},{"not_picked":["Eviscerate","A Thousand Cuts"],"picked":"Cloak And Dagger","floor":12.0},{"not_picked":["Quick Slash","Noxious Fumes"],"picked":"Cloak And Dagger","floor":12.0},{"not_picked":["Unload","Storm of Steel"],"picked":"Doppelganger","floor":16.0},{"not_picked":["PiercingWail","Sucker Punch"],"picked":"Deflect+1","floor":18.0},{"not_picked":["Blade Dance","Cloak And Dagger"],"picked":"Venomology","floor":20.0},{"not_picked":["Infinite Blades","Underhanded Strike"],"picked":"Calculated Gamble","floor":21.0},{"not_picked":["Predator","Dodge and Roll"],"picked":"Accuracy","floor":23.0},{"not_picked":["Acrobatics","Crippling Poison"],"picked":"Blade Dance","floor":24.0},{"not_picked":["Die Die Die","Dodge and Roll"],"picked":"Tactician","floor":25.0},{"not_picked":["Deflect","Prepared","Sucker Punch"],"picked":"SKIP","floor":29.0},{"not_picked":["Malaise","Wraith Form v2"],"picked":"Bullet Time","floor":33.0},{"not_picked":["PiercingWail","Blade Dance","Quick Slash"],"picked":"SKIP","floor":35.0},{"not_picked":["Cloak And Dagger","Deflect","Flying Knee"],"picked":"SKIP","floor":37.0},{"not_picked":["Swift Strike","Panacea"],"picked":"Chrysalis","floor":39.0},{"not_picked":["Bandage Up","Jack Of All Trades"],"picked":"Panache","floor":39.0},{"not_picked":["Enlightenment","Good Instincts"],"picked":"Secret Weapon","floor":39.0},{"not_picked":["Crippling Poison","Endless Agony"],"picked":"Predator","floor":40.0},{"not_picked":["Prepared","Flying Knee"],"picked":"Endless Agony+1","floor":42.0},{"not_picked":["Endless Agony+1","Dagger Spray"],"picked":"Choke","floor":46.0},{"not_picked":["Accuracy","Flying Knee"],"picked":"Underhanded Strike","floor":47.0}],"player_experience":1274323,"relics_obtained":[{"floor":6.0,"key":"Gambling Chip"},{"floor":8.0,"key":"Potion Belt"},{"floor":9.0,"key":"Smiling Mask"},{"floor":10.0,"key":"Dream Catcher"},{"floor":23.0,"key":"Pantograph"},{"floor":26.0,"key":"Sundial"},{"floor":29.0,"key":"MealTicket"},{"floor":40.0,"key":"Boot"},{"floor":42.0,"key":"Strawberry"},{"floor":46.0,"key":"Nunchaku"}],"event_choices":[{"cards_removed":["Poisoned Stab"],"damage_healed":0.0,"max_hp_gain":0.0,"max_hp_loss":0.0,"gold_gain":0.0,"event_name":"WeMeetAgain","player_choice":"Gave Card","floor":3.0,"gold_loss":0.0,"damage_taken":0.0,"relics_obtained":["CeramicFish"]},{"damage_healed":0.0,"max_hp_gain":0.0,"max_hp_loss":0.0,"gold_gain":0.0,"event_name":"Scrap Ooze","player_choice":"Success","floor":13.0,"gold_loss":0.0,"damage_taken":18.0,"relics_obtained":["Vajra"]},{"damage_healed":0.0,"max_hp_gain":0.0,"max_hp_loss":0.0,"gold_gain":0.0,"event_name":"Shining Light","player_choice":"Ignored","floor":14.0,"gold_loss":0.0,"damage_taken":0.0},{"damage_healed":0.0,"max_hp_gain":0.0,"max_hp_loss":0.0,"gold_gain":0.0,"event_name":"The Woman in Blue","player_choice":"Bought 3 Potions","floor":19.0,"gold_loss":0.0,"damage_taken":0.0},{"damage_healed":0.0,"max_hp_gain":0.0,"max_hp_loss":0.0,"gold_gain":0.0,"event_name":"Forgotten Altar","player_choice":"Smashed Altar","floor":22.0,"gold_loss":0.0,"damage_taken":0.0,"cards_obtained":["Decay"]},{"damage_healed":0.0,"max_hp_gain":0.0,"max_hp_loss":0.0,"gold_gain":50.0,"event_name":"Nest","player_choice":"Stole From Cult","floor":27.0,"gold_loss":0.0,"damage_taken":0.0},{"damage_healed":0.0,"max_hp_gain":0.0,"max_hp_loss":0.0,"gold_gain":0.0,"event_name":"Winding Halls","player_choice":"Embrace Madness","floor":36.0,"gold_loss":0.0,"damage_taken":12.0,"cards_obtained":["Madness","Madness"]},{"damage_healed":0.0,"max_hp_gain":0.0,"max_hp_loss":0.0,"gold_gain":0.0,"event_name":"SensoryStone","player_choice":"Memory 3","floor":39.0,"gold_loss":0.0,"damage_taken":10.0},{"damage_healed":0.0,"max_hp_gain":0.0,"max_hp_loss":0.0,"gold_gain":0.0,"event_name":"Tomb of Lord Red Mask","player_choice":"Ignored","floor":44.0,"gold_loss":0.0,"damage_taken":0.0},{"damage_healed":68.0,"max_hp_gain":0.0,"max_hp_loss":0.0,"gold_gain":0.0,"event_name":"MindBloom","player_choice":"Heal","floor":48.0,"gold_loss":0.0,"damage_taken":0.0,"cards_obtained":["Doubt"]}],"is_beta":false,"boss_relics":[{"not_picked":["Tiny House","Velvet Choker"],"picked":"SlaversCollar"},{"not_picked":["Busted Crown","Runic Pyramid"],"picked":"Cursed Key"}],"items_purged_floors":[12,31,38],"is_endless":false,"potions_floor_spawned":[5,6,7,10,16,21,25,33,35,37],"killed_by":"Time Eater","ascension_level":20}}