{"host":"jscggscbx0p7706o","time":1610506340,"event":{"mods":["AchievementEnabler","BaseMod","Block Reminder","Colored Powertips","Minty Spire (QoL Compilation)","Permanent Neow","Quick Restart","StSLib"],"gold_per_floor":[113,129,304,254,58,90,90,110,133,163,174,174,185,199,199,199,199],"floor_reached":16,"language":"ENG","playtime":1682,"items_purged":[],"score":140,"play_id":"4f4c5114-d985-42b4-aee7-59571cc18b45","local_time":"20210113105220","is_ascension_mode":true,"campfire_choices":[{"floor":12.0,"key":"REST"},{"data":"Leg Sweep","floor":15.0,"key":"SMITH"}],"circlet_count":0,"master_deck":["Strike_G","Strike_G","Defend_G","Defend_G","Defend_G","Defend_G","Defend_G","Survivor","Neutralize+1","Tactician+1","Backflip+1","Backflip+1","Acrobatics","Glass Knife","PiercingWail","Cloak And Dagger","Predator","Backflip","Deadly Poison","Leg Sweep+1"],"relics":["Astrolabe","Regal Pillow","Smiling Mask","Juzu Bracelet"],"acts_visited":["Exordium"],"potions_floor_usage":[16],"damage_taken":[{"damage":0.0,"enemies":"2 Louse","floor":1.0,"turns":4.0},{"damage":0.0,"enemies":"Small Slimes","floor":2.0,"turns":6.0},{"damage":11.0,"enemies":"3 Sentries","floor":6.0,"turns":18.0},{"damage":0.0,"enemies":"Cultist","floor":8.0,"turns":3.0},{"damage":38.0,"enemies":"Gremlin Nob","floor":10.0,"turns":5.0},{"damage":0.0,"enemies":"Exordium Wildlife","floor":11.0,"turns":2.0},{"damage":0.0,"enemies":"Red Slaver","floor":13.0,"turns":5.0},{"damage":0.0,"enemies":"Blue Slaver","floor":14.0,"turns":3.0},{"damage":84,"enemies":"Hexaghost","floor":16,"turns":23}],"seed_played":"8379631944152401765","potions_obtained":[{"floor":6.0,"key":"FairyPotion"},{"floor":13.0,"key":"EssenceOfSteel"}],"is_trial":false,"path_per_floor":["M","M","?","?","$","E","?","M","T","E","M","R","M","M","R","B"],"character_chosen":"THE_SILENT","items_purchased":["Glass Knife","PiercingWail"],"campfire_rested":1,"item_purchase_floors":[5,5],"current_hp_per_floor":[70,70,70,70,70,59,59,59,59,21,21,57,57,57,57,0,0],"gold":199,"neow_bonus":"BOSS_RELIC","is_daily":false,"chose_seed":true,"campfire_upgraded":1,"win_rate":0.0,"timestamp":1610506340,"path_taken":["M","M","?","?","$","E","?","?","T","E","M","R","M","M","R","BOSS"],"items_purchased_type":["Card","Card"],"build_version":"2020-12-22","purchased_purges":0,"victory":false,"max_hp_per_floor":[70,70,70,70,70,70,70,70,70,70,70,70,70,70,70,70,70],"card_choices":[{"not_picked":["Outmaneuver","Accuracy"],"picked":"Acrobatics","floor":1.0},{"not_picked":["Sucker Punch","All Out Attack","Quick Slash"],"picked":"SKIP","floor":2.0},{"not_picked":["All Out Attack","Prepared"],"picked":"Cloak And Dagger","floor":6.0},{"not_picked":["Heel Hook","Setup"],"picked":"Predator","floor":8.0},{"not_picked":["All Out Attack","Corpse Explosion"],"picked":"Backflip","floor":10.0},{"not_picked":["Dagger Throw","Masterful Stab"],"picked":"Deadly Poison","floor":11.0},{"not_picked":["Blade Dance","Terror"],"picked":"Leg Sweep","floor":13.0},{"not_picked":["Finisher","Bane","Flechettes"],"picked":"SKIP","floor":14.0}],"player_experience":221078,"relics_obtained":[{"floor":6.0,"key":"Regal Pillow"},{"floor":9.0,"key":"Smiling Mask"},{"floor":10.0,"key":"Juzu Bracelet"}],"event_choices":[{"damage_healed":0.0,"max_hp_gain":0.0,"max_hp_loss":0.0,"gold_gain":175.0,"event_name":"Liars Game","player_choice":"AGREE","floor":3.0,"gold_loss":0.0,"damage_taken":0.0,"cards_obtained":["Doubt"]},{"cards_removed":["Doubt"],"damage_healed":0.0,"max_hp_gain":0.0,"max_hp_loss":0.0,"gold_gain":0.0,"event_name":"The Cleric","player_choice":"Card Removal","floor":4.0,"gold_loss":50.0,"damage_taken":0.0},{"damage_healed":0.0,"max_hp_gain":0.0,"max_hp_loss":0.0,"gold_gain":0.0,"event_name":"Upgrade Shrine","player_choice":"Upgraded","floor":7.0,"gold_loss":0.0,"damage_taken":0.0,"cards_upgraded":["Neutralize"]}],"is_beta":false,"boss_relics":[],"items_purged_floors":[],"is_endless":false,"potions_floor_spawned":[6,13],"killed_by":"Hexaghost","ascension_level":5}}