{"host":"acw864156wjp8gcv","time":1610515106,"event":{"mods":["2.2 Compatiblity","AchievementEnabler","Ascension Reborn","Aspiration","BaseMod","Beaked The Cultist","Better Altar","Better Match","Better Note","Better Sensory Stone","Better Silent Start","Better Skull","Better Third Choice","Better Vampires","BetterRewards","Challenge The Spire","Colored Map","Colored Powertips","Conspire","Curses Come First","Downfall","Energized Spire","GifTheSpireLib","Halation","Hubris","Infinite Spire","Ironclad Rager","Jedi Mod","Mimic Mod","Minty Spire (QoL Compilation)","Permanent Neow","Relic Sorter","Replay The Spire","Shop Mod","Spicy Shops","Spikes Relics","StSLib","Stuff the Spire","The Blue Laboratory","The Construct","The Jungle","Wandering Minibosses","everything is the same but u backflip on backflip","vexMod"],"gold_per_floor":[113,113,130,154,172,213,213,248,300,168,168,154,168,168,168,295,295,312,341,355,386,399,410,410,468,507,507,525,525,567,580,580,705,705,725,762,762,934,950,950,969,983,1031,1053,1053,1066,1102,1115,1115,1126,1126,1126,567,599,610],"floor_reached":56,"language":"ENG","playtime":1703,"items_purged":["Strike_R+1","sneckomod:Bewildered"],"score":575,"play_id":"b3fd5913-c415-4898-a976-3400ecbddf31","local_time":"20210112231826","daily_mods":["Cursed Run"],"is_ascension_mode":true,"campfire_choices":[{"data":"Sword Boomerang","floor":7,"key":"SMITH"},{"data":"Flex","floor":11,"key":"SMITH"},{"data":"Battle Trance","floor":15,"key":"SMITH"},{"floor":23,"key":"REST"},{"data":"Pot Of Greed","floor":27,"key":"SMITH"},{"data":"Pot Of Greed","floor":32,"key":"SMITH"},{"data":"StuffTheSpire:PlasmaPunch","floor":40,"key":"SMITH"},{"floor":45,"key":"REST"},{"floor":49,"key":"REST"},{"floor":52,"key":"REST"}],"circlet_count":0,"master_deck":["Strike_R+1","Strike_R+1","Strike_R+1","Strike_R+1","Defend_R+1","Defend_R+1","Defend_R+1","Defend_R+1","Bash+1","Pommel Strike+1","Dropkick+1","Battle Trance+1","Sword Boomerang+1","Flex+1","Writhe","Pommel Strike+1","Massacre+2","Pot Of Greed+1","Pot Of Greed+1","Clumsy","hubris:Compulsion","StuffTheSpire:PlasmaPunch+1","Injury","Decay","Regret","Pot Of Greed+1","ReplayTheSpireMod:Compounding Headache"],"relics":["Cursed Key","hubris:Icosahedron","Darkstone Periapt","Du-Vu Doll","Meat on the Bone","halation:Trompette","CeramicFish","Blue Doll","BargainBundle","Replay:Bottled Eggs","infinitespire:CursedDice","beaked:MawFillet","sneckomod:BlankCard","Grinning Jar","Self Forming Clay","MealTicket","Replay:Accelerometer","CaptainsWheel","halation:HeavySnake","Centennial Puzzle","Mercury Hourglass","wanderingMiniBosses:Blackblade","Lizard Tail","Replay:Arrowhead","Mercury Hourglass","infinitespire:PuzzleCube","hubris:Zylophone","Sundial","vexMod:PaidLearning","Blood Vial","Replay:Bottled Steam"],"acts_visited":["Exordium","Exordium","TheBeyond","TheEnding"],"potions_floor_usage":[],"damage_taken":[{"damage":0,"enemies":"Jaw Worm","floor":1,"turns":2},{"damage":0,"enemies":"Small Slimes","floor":3,"turns":2},{"damage":0,"enemies":"Cultist","floor":4,"turns":1},{"damage":0,"enemies":"Large Slime","floor":5,"turns":1},{"damage":0,"enemies":"Lagavulin","floor":6,"turns":2},{"damage":0,"enemies":"Replay:BlueRogue","floor":8,"turns":2},{"damage":0,"enemies":"Looter","floor":9,"turns":3},{"damage":0,"enemies":"Looter","floor":13,"turns":1},{"damage":6,"enemies":"The Guardian","floor":16,"turns":3},{"damage":4,"enemies":"theJungle:MUSHROOMGANG","floor":18,"turns":3},{"damage":0,"enemies":"theJungle:GiantWrat","floor":19,"turns":1},{"damage":0,"enemies":"Snake Plant","floor":20,"turns":1},{"damage":0,"enemies":"theJungle:2_Phrogs","floor":21,"turns":3},{"damage":0,"enemies":"theJungle:2_Snecko_Cultists","floor":22,"turns":1},{"damage":18,"enemies":"theJungle:Cassacara","floor":25,"turns":3},{"damage":0,"enemies":"theJungle:JungleHuntersEncounter","floor":28,"turns":3},{"damage":0,"enemies":"theJungle:MamaSnecko","floor":30,"turns":2},{"damage":0,"enemies":"theJungle:Lyon","floor":31,"turns":1},{"damage":5,"enemies":"theJungle:FunGuy","floor":33,"turns":3},{"damage":1,"enemies":"3 Shapes","floor":35,"turns":2},{"damage":7,"enemies":"Nemesis","floor":36,"turns":5},{"damage":0,"enemies":"Orb Walker","floor":39,"turns":1},{"damage":10,"enemies":"Jaw Worm Horde","floor":41,"turns":5},{"damage":0,"enemies":"Transient","floor":42,"turns":5},{"damage":21,"enemies":"4 Shapes","floor":43,"turns":3},{"damage":3,"enemies":"4 Shapes","floor":44,"turns":1},{"damage":0,"enemies":"3 Darklings","floor":46,"turns":1},{"damage":0,"enemies":"Giant Head","floor":47,"turns":1},{"damage":12,"enemies":"Jaw Worm Horde","floor":48,"turns":2},{"damage":36,"enemies":"infinitespire:MassOfShapes","floor":50,"turns":2},{"damage":0,"enemies":"Shield and Spear","floor":54,"turns":2},{"damage":77,"enemies":"The Heart","floor":55,"turns":6}],"seed_played":"4099663030065493481","potions_obtained":[{"floor":1,"key":"blueLaboratory:NullPotion"},{"floor":3,"key":"Ancient Potion"},{"floor":4,"key":"jedi:StrikingPotion"},{"floor":5,"key":"blueLaboratory:IronCompound"},{"floor":30,"key":"SteroidPotion"},{"floor":38,"key":"FairyPotion"}],"is_trial":true,"path_per_floor":["M","?","M","M","M","E","R","E","MIM","$","R","?","M","?","R","B",null,"M","M","M","E","M","R","?","E","T","R","M","?","E","M","R","B",null,"M","E","?","?","M","R","M","M","MIM","M","R","M","E","M","R","B",null,"R","$","E","B",null],"character_chosen":"IRONCLAD","items_purchased":["BargainBundle","Flex","infinitespire:PuzzleCube","hubris:Zylophone","Sundial","vexMod:PaidLearning","Blood Vial"],"campfire_rested":4,"item_purchase_floors":[10,10,53,53,53,53,53],"current_hp_per_floor":[85,85,85,85,85,85,85,85,91,91,91,91,91,96,96,105,107,103,103,103,103,103,107,107,89,97,97,97,97,97,97,97,107,124,123,116,116,124,130,130,120,120,107,104,136,136,136,124,136,115,147,147,153,153,108],"gold":610,"neow_bonus":"","is_daily":false,"chose_seed":false,"campfire_upgraded":6,"win_rate":0.0,"timestamp":1610515106,"path_taken":["M","?","M","M","M","E","R","E","MIM","$","R","?","?","?","R","BOSS","M","M","M","E","M","R","?","E","T","R","M","?","E","M","R","BOSS","M","E","?","?","M","R","M","?","MIM","M","R","M","E","M","R","BOSS","R","$","E","BOSS"],"items_purchased_type":["Relic","Card","Relic","Relic","Relic","Relic","Relic"],"build_version":"2020-12-22","purchased_purges":2,"victory":true,"max_hp_per_floor":[85,85,85,85,85,85,85,85,91,91,91,91,91,96,96,107,107,107,107,107,107,107,107,107,107,113,113,113,113,113,113,113,124,124,124,124,124,130,130,130,130,130,136,136,136,136,136,136,136,147,147,147,153,153,164],"card_choices":[{"not_picked":["Entrench","Anger"],"picked":"Pommel Strike+1","floor":1},{"not_picked":["hubris:ReadiedAction","Thunderclap","Sword Boomerang"],"picked":"SKIP","floor":3},{"not_picked":["Pummel","Pommel Strike"],"picked":"Dropkick+1","floor":4},{"not_picked":["Second Wind+1","Cleave","jedi:MakeshiftSword"],"picked":"SKIP","floor":5},{"not_picked":["Feel No Pain+1","conspire:Purge"],"picked":"Battle Trance","floor":6},{"not_picked":["Body Slam","Abandon"],"picked":"Sword Boomerang","floor":6},{"not_picked":["ReplayReversal","Flame Barrier"],"picked":"Massacre","floor":8},{"not_picked":["StuffTheSpire:Pyroclast","Barricade","Twin Strike"],"picked":"SKIP","floor":8},{"not_picked":["Sword Boomerang","jedi:hate+1","True Grit"],"picked":"SKIP","floor":13},{"not_picked":["Body Slam+1","Anger","Sentinel"],"picked":"SKIP","floor":18},{"not_picked":["Life Link","Clash+1"],"picked":"Pommel Strike+1","floor":19},{"not_picked":["Hemokinesis","Battle Trance+1","jedi:hate+1"],"picked":"SKIP","floor":20},{"not_picked":["Invigoration","Ghostly Armor+1","Sword Boomerang"],"picked":"SKIP","floor":21},{"not_picked":["Shrug It Off+1","Pummel","Anger"],"picked":"SKIP","floor":22},{"not_picked":["Battle Trance","Run Through","Rage+1"],"picked":"SKIP","floor":25},{"not_picked":["conspire:Charge","Body Slam","StuffTheSpire:Slingshot"],"picked":"SKIP","floor":28},{"not_picked":["Rage","jedi:collectorstrike","Uppercut"],"picked":"SKIP","floor":30},{"not_picked":["Rage","jedi:collectorstrike","Uppercut"],"picked":"SKIP","floor":30},{"not_picked":["Body Slam","Corruption","jedi:collectorstrike"],"picked":"SKIP","floor":31},{"not_picked":["hubris:ReadiedAction+1","Reckless Charge","Second Wind+1"],"picked":"SKIP","floor":35},{"not_picked":["ICR:PowerAttack","Pummel+1","Cleave+1"],"picked":"SKIP","floor":36},{"not_picked":["Good Instincts","PlatinumSkin"],"picked":"StuffTheSpire:PlasmaPunch","floor":38},{"not_picked":["Thunderclap+1","jedi:MakeshiftSword+1","Inflame"],"picked":"SKIP","floor":39},{"not_picked":["wanderingMiniBosses:FinaleOfPromise"],"picked":"SKIP","floor":41},{"not_picked":["ReplayTheSpireMod:Stacked+1","Anger+1","Warcry"],"picked":"SKIP","floor":41},{"not_picked":["Abandon+1","Reckless Charge+1","jedi:hate+1"],"picked":"SKIP","floor":42},{"not_picked":["Armaments+1","ReplayTheSpireMod:LeadingStrike+1","Wild Strike"],"picked":"SKIP","floor":44},{"not_picked":["jedi:controlledanger+1","ReplayTheSpireMod:Strike From Hell+1","StuffTheSpire:RockThrow+1"],"picked":"SKIP","floor":46},{"not_picked":["Sword Boomerang+1","Reckless Charge+1","infinitespire:OneForAll+1"],"picked":"SKIP","floor":47},{"not_picked":["Armaments+1","Thunderclap","hubris:ReadiedAction"],"picked":"SKIP","floor":48},{"not_picked":["jedi:controlledanger","Warcry","StuffTheSpire:Slingshot"],"picked":"SKIP","floor":54}],"player_experience":156106,"relics_obtained":[{"floor":1,"key":"Meat on the Bone"},{"floor":6,"key":"halation:Trompette"},{"floor":8,"key":"CeramicFish"},{"floor":9,"key":"Blue Doll"},{"floor":16,"key":"infinitespire:CursedDice"},{"floor":21,"key":"sneckomod:BlankCard"},{"floor":25,"key":"Grinning Jar"},{"floor":26,"key":"Self Forming Clay"},{"floor":26,"key":"MealTicket"},{"floor":30,"key":"Replay:Accelerometer"},{"floor":33,"key":"CaptainsWheel"},{"floor":36,"key":"Centennial Puzzle"},{"floor":38,"key":"Mercury Hourglass"},{"floor":41,"key":"wanderingMiniBosses:Blackblade"},{"floor":43,"key":"Lizard Tail"},{"floor":47,"key":"Replay:Arrowhead"},{"floor":48,"key":"Mercury Hourglass"},{"floor":54,"key":"Replay:Bottled Steam"}],"event_choices":[{"damage_healed":0,"gold_gain":0,"player_choice":"Donut","damage_taken":0,"max_hp_gain":5,"max_hp_loss":0,"event_name":"Big Fish","floor":14,"gold_loss":0},{"damage_healed":0,"gold_gain":0,"player_choice":"Ignored","damage_taken":0,"max_hp_gain":0,"max_hp_loss":0,"event_name":"betterNote:BetterNote","floor":24,"gold_loss":0,"cards_obtained":["construct:SweepLaser"]},{"damage_healed":0,"gold_gain":0,"player_choice":"Leave","damage_taken":0,"max_hp_gain":0,"max_hp_loss":0,"event_name":"conspire:Investor","floor":37,"gold_loss":0},{"damage_healed":0,"gold_gain":0,"player_choice":"Random: Red","damage_taken":0,"max_hp_gain":0,"max_hp_loss":0,"event_name":"betterThird:BetterPortal","floor":38,"gold_loss":0}],"is_beta":false,"boss_relics":[{"not_picked":["energizedSpire:SpiderWeb","Philosopher\u0027s Stone"],"picked":"beaked:MawFillet"},{"not_picked":["halation:CatFaceCupcake","energizedSpire:NeverEndingSparkler"],"picked":"halation:HeavySnake"}],"items_purged_floors":[10,53],"is_endless":false,"potions_floor_spawned":[8,13,16,18,21,22,30,33,39,41,44,46,48,54],"ascension_level":-20}}