{"host":"solomon","time":1610524601,"event":{"mods":["Act Like it!","BaseMod","Library of Ruina","Library of Ruina Extra","Luminous","Minty Spire (QoL Compilation)","Robot Space Explorer","StSLib","The Dragon Tamer","【东方二次创作】八云紫mod","残留之物"],"gold_per_floor":[119,130,130,80,91,118,135,155,178,207,235,281,293,321,333,441,453,482,494,517,543,580,618,630,667,731,763,800,831,843,855,867,982,994,1021,362,380,80,99,99,133,133,158,208,208,208,239,259,259,259,259],"floor_reached":52,"language":"ZHS","playtime":878,"items_purged":["DegradedFairy"],"score":1515,"play_id":"3a907834-fef6-4b1f-9f46-c76cb6b6d3f9","local_time":"20210113155641","is_ascension_mode":true,"campfire_choices":[{"data":"DegradedShockwave","floor":13.0,"key":"SMITH"},{"data":"DegradedPillar","floor":15.0,"key":"SMITH"},{"data":"DegradedPillar","floor":24.0,"key":"SMITH"},{"data":"DegradedChain","floor":32.0,"key":"SMITH"},{"data":"1","floor":40,"key":"LIFT"},{"data":"2","floor":45,"key":"LIFT"},{"data":"DegradedLock","floor":49,"key":"SMITH"}],"circlet_count":0,"master_deck":["DegradedFairy","DegradedChain+1","DegradedLock+1","DegradedPillar+1","DegradedPillar+1","DegradedShockwave+1"],"relics":["PageOfLibrarian","NeowsBlessing","PageOfBloodbath","Happy Flower","MawBank","Nunchaku","PlaceholderMod:LiveLive","Oddly Smooth Stone","Matryoshka","Regal Pillow","PageOfSpiderBud","Mercury Hourglass","PageOfBlackSwan","Lee\u0027s Waffle","Girya","Blood Vial","Lantern","TheAbacus","Dream Catcher","Singing Bowl","PlaceholderMod:DeVermisMysteriis","PageOfSnowWhitesApple"],"acts_visited":["Exordium","TheCity","TheBeyond"],"potions_floor_usage":[33,33,41],"damage_taken":[{"damage":0.0,"enemies":"Jaw Worm","floor":1.0,"turns":1.0},{"damage":0.0,"enemies":"2 Louse","floor":2.0,"turns":1.0},{"damage":0.0,"enemies":"Small Slimes","floor":5.0,"turns":2.0},{"damage":0.0,"enemies":"Gremlin Nob","floor":6.0,"turns":2.0},{"damage":0.0,"enemies":"Red Slaver","floor":7.0,"turns":2.0},{"damage":1.0,"enemies":"Exordium Thugs","floor":8.0,"turns":2.0},{"damage":1.0,"enemies":"Lagavulin","floor":10.0,"turns":3.0},{"damage":0.0,"enemies":"2 Fungi Beasts","floor":11.0,"turns":1.0},{"damage":0.0,"enemies":"3 Sentries","floor":12.0,"turns":1.0},{"damage":0.0,"enemies":"Looter","floor":14.0,"turns":1.0},{"damage":0.0,"enemies":"Slime Boss","floor":16.0,"turns":3.0},{"damage":0.0,"enemies":"Shell Parasite","floor":18.0,"turns":1.0},{"damage":0.0,"enemies":"3 Byrds","floor":20.0,"turns":2.0},{"damage":0.0,"enemies":"Cultist and Chosen","floor":21.0,"turns":2.0},{"damage":0.0,"enemies":"Gremlin Leader","floor":23.0,"turns":2.0},{"damage":0.0,"enemies":"Slavers","floor":25.0,"turns":2.0},{"damage":3.0,"enemies":"Centurion and Healer","floor":27.0,"turns":2.0},{"damage":0.0,"enemies":"Book of Stabbing","floor":28.0,"turns":2.0},{"damage":0.0,"enemies":"Snake Plant","floor":29.0,"turns":2.0},{"damage":33,"enemies":"Champ","floor":33,"turns":9},{"damage":0,"enemies":"3 Darklings","floor":35,"turns":1},{"damage":0,"enemies":"Orb Walker","floor":37,"turns":1},{"damage":0,"enemies":"Jaw Worm Horde","floor":39,"turns":1},{"damage":18,"enemies":"Nemesis","floor":41,"turns":5},{"damage":0,"enemies":"Mind Bloom Boss Battle","floor":44,"turns":2},{"damage":0,"enemies":"Reptomancer","floor":47,"turns":2},{"damage":0,"enemies":"Sphere and 2 Shapes","floor":48,"turns":1},{"damage":0,"enemies":"Awakened One","floor":50,"turns":7}],"seed_played":"45942721275504128","potions_obtained":[{"floor":5.0,"key":"BlessingOfTheForge"},{"floor":6.0,"key":"Strength Potion"},{"floor":10.0,"key":"SpeedPotion"},{"floor":11.0,"key":"Explosive Potion"},{"floor":16.0,"key":"Energy Potion"},{"floor":18.0,"key":"SkillPotion"},{"floor":25.0,"key":"Swift Potion"},{"floor":33,"key":"FairyPotion"},{"floor":39,"key":"AttackPotion"},{"floor":41,"key":"Explosive Potion"}],"is_trial":false,"path_per_floor":["M","M","?","?","M","E","M","M","T","E","M","E","R","M","R","B",null,"M","?","M","M","T","E","R","E","T","M","E","M","?","?","R","B",null,"M","$","M","$","M","R","E","?","T","?","R","?","E","M","R","B",null,null],"character_chosen":"Librarian","items_purchased":["Lee\u0027s Waffle","Girya","Blood Vial","Lantern","TheAbacus"],"campfire_rested":0,"item_purchase_floors":[36,36,36,38,38],"current_hp_per_floor":[60,60,60,60,60,60,60,59,59,58,58,58,58,58,58,58,82,82,82,82,82,82,82,82,82,82,79,79,79,79,70,70,37,77,77,97,97,97,97,97,79,79,79,81,81,81,83,85,85,87,87],"gold":259,"neow_bonus":"THREE_ENEMY_KILL","is_daily":false,"chose_seed":false,"campfire_upgraded":5,"win_rate":0.0,"timestamp":1610524601,"path_taken":["M","M","?","?","?","E","M","M","T","E","M","E","R","M","R","BOSS","M","?","M","?","?","E","R","E","T","M","E","M","?","?","R","BOSS","M","$","M","?","M","R","E","?","T","?","R","?","E","M","R","BOSS"],"items_purchased_type":["Relic","Relic","Relic","Relic","Relic"],"build_version":"2020-12-18","purchased_purges":1,"victory":true,"max_hp_per_floor":[90,90,90,90,90,90,90,90,90,90,90,90,90,90,90,90,90,90,90,90,90,90,90,90,90,90,90,90,90,90,90,90,90,90,90,97,97,97,97,97,97,92,92,92,92,92,92,92,92,92,92],"card_choices":[{"not_picked":["StructuralAnalysis","Eliminate","SharpSwipe","SomberProcuration","EnergyStrike","PreemptiveStrike","WrathOfTorment","FeelinGood","ViolentFlame"],"picked":"SKIP","floor":1.0},{"not_picked":["Standoff","YoureAHindrance","BladeWhirl","StrongStrike","FrontalAssault","GuardingStance","HandlingWork","QuickSuppression","SuppressingShot"],"picked":"SKIP","floor":2.0},{"not_picked":["SearingSword","HighKick","RushDown","Suppress","LawAndOrder","SomberProcuration","TraceOfFumes","IllEndYou","SparkingSpear"],"picked":"SKIP","floor":5.0},{"not_picked":["TraceOfFumes","FierceCharge","SpearedSweep","ViolentFlame","StartinOutLightly","Outburst","TrashDisposal","CookingPrep","SomberProcuration"],"picked":"SKIP","floor":6.0},{"not_picked":["SharpSwipe","WillBeTasty","ChopItOff","FleetFootsteps","GuidanceOfTheGears","QuickAttack","SharpenedBlade","ConcentratedFire","GrazeTheGrass"],"picked":"SKIP","floor":7.0},{"not_picked":["Parry2","CrackOfDawn","UndertakePrescript","TendonChords","LossOfSenses","NightInTheBackstreets","AlloutWar","BackstreetsDash","FeelinGood"],"picked":"SKIP","floor":8.0},{"not_picked":["Multislash","Fence","EnergyStrike","Reload","Creak","BindingChains","DirtyBlow","Gamble","HandleRequest"],"picked":"SKIP","floor":10.0},{"not_picked":["FocusFire","Parry2","EnergyCycle","RulesOfTheBackstreets","TheRedNotes","PinpointShot","Multislash","StrongStrike","DimensionalRift"],"picked":"SKIP","floor":11.0},{"not_picked":["SerpentineBarrier","FaintMemories","ElectricShock","SpearedSweep","LoosenUp","FocusFire","DefenseOrder","Multislash","Outburst"],"picked":"SKIP","floor":12.0},{"not_picked":["EnergyShield","SilentNight","ShockRound","SetFire","Parry2","BladeWhirl","FlowOfTheSword","Leap_lor","TrimTheIngredients"],"picked":"SKIP","floor":14.0},{"not_picked":["Unlock1+1","ChopItOff","EnergyStrike","Leap_lor+1","LawAndOrder","QuickSuppression+1","DesperateStruggle","YoureAHindrance","SmokingPipe"],"picked":"SKIP","floor":18.0},{"not_picked":["DestructiveImpact","Leap_lor","Zzzzzap","ReadyUp","TendonChords","ScratchThat","Execute_lor","GrazeTheGrass","HiddenBlade"],"picked":"SKIP","floor":20.0},{"not_picked":["HighKick+1","Clone","Wallop_lor","DevastatingThrash","PinpointShot","Faith","TendonChords","Creak","SunsetBlade"],"picked":"SKIP","floor":21.0},{"not_picked":["BiteOff","RushDown+1","FlyingSword","Eradication","DesperateStruggle+1","Standoff+1","EnergyStrike+1","Diversion+1","Decapitation"],"picked":"SKIP","floor":23.0},{"not_picked":["CumulusWall","ExtractFuel","Diversion","ClassAndRespect","GuardingStance+1","WillProduceFineSilk","EnergyCycle","ViolentFlame+1","Transpierce"],"picked":"SKIP","floor":25.0},{"not_picked":["StayCalm","SpearedSweep","Quickness","EndlessBattle","WillOfThePrescript","CircusKnives","Creak","StrikeDown","SuppressingShot+1"],"picked":"SKIP","floor":27.0},{"not_picked":["PreemptiveStrike","FendThisOffIfYouCan","HighSpeedStabbing","Disposal","Mutilate","SkyClearingCut","FierceCharge","Parry2","FeelinGood"],"picked":"SKIP","floor":28.0},{"not_picked":["Parry2","SerpentSwordTechnique","StrikeDown","Standoff","Wallop_lor+1","FierceOnslaught","WillOfThePrescript","DefenseOrder","LawAndOrder"],"picked":"SKIP","floor":29.0},{"not_picked":["PreemptiveStrike+1","SharpSwipe","BizarreAttack","WillOfThePrescript+1","Wallop_lor+1","Parry2+1","StrongStrike","YouOnlyLiveOnce","SunsetBlade+1"],"picked":"SKIP","floor":35},{"not_picked":["StructuralAnalysis+1","GutHarvesting","FlashOfSunup","QuickAttack+1","QuickSuppression+1","Reload+1","NightInTheBackstreets","Wallop_lor+1","Clone"],"picked":"SKIP","floor":37},{"not_picked":["Wallop_lor+1","FieryWaltz+1","Multislash","PreemptiveStrike+1","Reload+1","FrontalAssault","MindWhip+1","SpearedSweep","SunsetBlade"],"picked":"SKIP","floor":39},{"not_picked":["Reload+1","SunsetBlade+1","TendonChords+1","YoureTooSlow+1","StrikeDown","Transpierce","YouOnlyLiveOnce","BackstreetsDash","GreatSerpentsImpact"],"picked":"SKIP","floor":41},{"not_picked":["MultiHit+1","BackstreetsDash+1","Outburst+1","GuardingStance+1","Parry","Diversion","FaintMemories","StrikeDown","LoosenUp+1"],"picked":"SKIP","floor":47},{"not_picked":["AsThePrescriptOrders","EndlessBattle","GuardingStance","FeatherShield","Diversion","SenseQuarry","BindingChains","Leap_lor+1","Outburst+1"],"picked":"SKIP","floor":48}],"player_experience":424659,"relics_obtained":[{"floor":6.0,"key":"PageOfBloodbath"},{"floor":9.0,"key":"Happy Flower"},{"floor":10.0,"key":"MawBank"},{"floor":12.0,"key":"Nunchaku"},{"floor":22.0,"key":"Oddly Smooth Stone"},{"floor":25.0,"key":"Matryoshka"},{"floor":26.0,"key":"Regal Pillow"},{"floor":26.0,"key":"PageOfSpiderBud"},{"floor":28.0,"key":"Mercury Hourglass"},{"floor":41,"key":"Dream Catcher"},{"floor":43,"key":"Singing Bowl"},{"floor":43,"key":"PlaceholderMod:DeVermisMysteriis"},{"floor":47,"key":"PageOfSnowWhitesApple"}],"event_choices":[{"damage_healed":0.0,"max_hp_gain":0.0,"max_hp_loss":0.0,"gold_gain":0.0,"event_name":"Liars Game","player_choice":"Ignored","floor":3.0,"gold_loss":0.0,"damage_taken":0.0},{"cards_removed":["DegradedFairy"],"damage_healed":0.0,"max_hp_gain":0.0,"max_hp_loss":0.0,"gold_gain":0.0,"event_name":"The Cleric","player_choice":"Card Removal","floor":4.0,"gold_loss":50.0,"damage_taken":0.0},{"cards_removed":["DegradedChain"],"damage_healed":0.0,"max_hp_gain":0.0,"max_hp_loss":0.0,"gold_gain":0.0,"event_name":"Wheel of Change","player_choice":"Card Removal","floor":19.0,"gold_loss":0.0,"damage_taken":0.0},{"damage_healed":0.0,"max_hp_gain":0.0,"max_hp_loss":0.0,"gold_gain":0.0,"event_name":"Beggar","player_choice":"Ignored","floor":30.0,"gold_loss":0.0,"damage_taken":0.0},{"damage_healed":0.0,"max_hp_gain":0.0,"max_hp_loss":0.0,"gold_gain":0.0,"event_name":"Wheel of Change","player_choice":"Damaged","floor":31.0,"gold_loss":0.0,"damage_taken":9.0},{"damage_healed":0,"gold_gain":0,"player_choice":"Max HP","damage_taken":0,"max_hp_gain":0,"max_hp_loss":5,"event_name":"Winding Halls","floor":42,"gold_loss":0},{"damage_healed":0,"gold_gain":0,"player_choice":"Fight","damage_taken":0,"max_hp_gain":0,"max_hp_loss":0,"event_name":"MindBloom","floor":44,"gold_loss":0},{"damage_healed":0,"gold_gain":0,"player_choice":"Memory 1","damage_taken":0,"max_hp_gain":0,"max_hp_loss":0,"event_name":"SensoryStone","floor":46,"gold_loss":0}],"is_beta":true,"boss_relics":[{"not_picked":["Snecko Eye","Ectoplasm"],"picked":"PlaceholderMod:LiveLive"},{"not_picked":["Runic Pyramid","Philosopher\u0027s Stone"],"picked":"PageOfBlackSwan"}],"items_purged_floors":[36],"is_endless":false,"potions_floor_spawned":[5,6,10,11,16,18,25,33,39,41,47],"ascension_level":5}}