{"host":"2sr8q4b3ioepghas","time":1610521855,"event":{"mods":["BaseMod","Bestiary","Colored Map","Curses Come First","FTL Soundtrack","Minty Spire (QoL Compilation)","Permanent Neow","Quick Restart","Rare Cards Sparkle","StSLib","UnlockEverythingMod"],"gold_per_floor":[110,122,169,188,188,188,220,237,289,62,62,77,109,129,129,208,208,226,61,77,77,77],"floor_reached":21,"language":"ENG","playtime":1020,"items_purged":["Strike_B"],"score":382,"play_id":"fac1fe4b-c3df-44ed-a5d6-27bd8c114500","local_time":"20210113171054","is_ascension_mode":true,"campfire_choices":[{"data":"Compile Driver","floor":6,"key":"SMITH"},{"floor":11,"key":"REST"},{"data":"Defragment","floor":15,"key":"SMITH"}],"circlet_count":0,"master_deck":["AscendersBane","Strike_B","Strike_B","Strike_B","Defend_B","Defend_B","Defend_B","Defend_B","Zap+1","Dualcast","Compile Driver+1","FTL","Melter","Genetic Algorithm","Hyperbeam","Defragment+1","Glacier","Capacitor","Defragment","Seek","Hologram","Fusion+1"],"relics":["Runic Dome","DataDisk","Art of War","Bag of Preparation","Tiny Chest","Snecko Eye","Runic Capacitor"],"acts_visited":["Exordium","TheCity"],"potions_floor_usage":[18],"damage_taken":[{"damage":0,"enemies":"Cultist","floor":1,"turns":3},{"damage":9,"enemies":"2 Louse","floor":2,"turns":2},{"damage":3,"enemies":"Small Slimes","floor":4,"turns":3},{"damage":20,"enemies":"Lagavulin","floor":7,"turns":7},{"damage":7,"enemies":"2 Fungi Beasts","floor":8,"turns":2},{"damage":3,"enemies":"Exordium Wildlife","floor":12,"turns":3},{"damage":29,"enemies":"Gremlin Nob","floor":13,"turns":4},{"damage":1,"enemies":"Red Slaver","floor":14,"turns":2},{"damage":4,"enemies":"Hexaghost","floor":16,"turns":11},{"damage":27,"enemies":"3 Byrds","floor":18,"turns":3},{"damage":15,"enemies":"Shell Parasite","floor":20,"turns":6},{"damage":28,"enemies":"Cultist and Chosen","floor":21,"turns":3}],"seed_played":"7943878777239547833","potions_obtained":[{"floor":7,"key":"LiquidBronze"},{"floor":8,"key":"Explosive Potion"},{"floor":14,"key":"Dexterity Potion"},{"floor":18,"key":"Dexterity Potion"}],"is_trial":false,"path_per_floor":["M","M","T","M","?","R","E","M","T","$","R","M","E","M","R","B",null,"M","$","M","M"],"character_chosen":"DEFECT","items_purchased":["Hyperbeam","Defragment","Runic Capacitor"],"campfire_rested":1,"item_purchase_floors":[10,10,19],"current_hp_per_floor":[64,55,55,52,52,52,32,25,25,25,46,43,14,13,13,9,56,29,29,14,0,0],"gold":77,"neow_bonus":"BOSS_RELIC","is_daily":false,"chose_seed":false,"campfire_upgraded":2,"win_rate":0.0,"timestamp":1610521854,"path_taken":["M","?","?","M","?","R","E","M","T","$","R","M","E","M","R","BOSS","M","$","M","M"],"items_purchased_type":["Card","Card","Relic"],"build_version":"2020-12-22","purchased_purges":1,"victory":false,"max_hp_per_floor":[71,71,71,71,71,71,71,71,71,71,71,71,71,71,71,71,71,71,71,71,71,71],"card_choices":[{"not_picked":["Barrage","Stack"],"picked":"Compile Driver","floor":1},{"not_picked":["Storm","Steam","Conserve Battery"],"picked":"SKIP","floor":2},{"not_picked":["Consume","Go for the Eyes"],"picked":"FTL","floor":4},{"not_picked":["Steam Power","Scrape"],"picked":"Melter","floor":7},{"not_picked":["Stack","Turbo"],"picked":"Genetic Algorithm","floor":8},{"not_picked":["Meteor Strike","Genetic Algorithm"],"picked":"Glacier","floor":12},{"not_picked":["Defragment","Leap"],"picked":"Capacitor","floor":13},{"not_picked":["Rebound","Beam Cell"],"picked":"Defragment","floor":14},{"not_picked":["Amplify","Buffer"],"picked":"Seek","floor":16},{"not_picked":["Static Discharge","Scrape"],"picked":"Hologram","floor":18},{"not_picked":["Sweeping Beam","Conserve Battery"],"picked":"Fusion+1","floor":20}],"player_experience":49008,"relics_obtained":[{"floor":3,"key":"DataDisk"},{"floor":7,"key":"Art of War"},{"floor":9,"key":"Bag of Preparation"},{"floor":13,"key":"Tiny Chest"}],"event_choices":[{"damage_healed":0,"gold_gain":0,"player_choice":"Upgraded","damage_taken":0,"max_hp_gain":0,"max_hp_loss":0,"event_name":"Upgrade Shrine","floor":5,"gold_loss":0,"cards_upgraded":["Zap"]}],"is_beta":false,"boss_relics":[{"not_picked":["Philosopher\u0027s Stone","Black Star"],"picked":"Snecko Eye"}],"items_purged_floors":[10],"is_endless":false,"potions_floor_spawned":[7,8,14,16,18],"killed_by":"Cultist and Chosen","ascension_level":20}}