{"host":"8xi53560pl5zaoq2","time":1610508290,"event":{"mods":["BaseMod","Colored Map","Highlight Path","Minty Spire (QoL Compilation)","StSLib","Synergy Search"],"gold_per_floor":[113,188,204,204,204,232,232,232,232,232,252,273,293,318,318,411,411,432,163,179,94,94,94,107,145,145,158,158,171,21,56,56,149,149,164,195,220,235,235,235,268,282,307,307,328,97,141,161,161,161],"floor_reached":51,"language":"ENG","playtime":3549,"items_purged":["Strike_G"],"score":1256,"play_id":"e4297e52-9e62-4963-874c-0526c2326aaa","local_time":"20210112202450","is_ascension_mode":true,"campfire_choices":[{"floor":10.0,"key":"REST"},{"data":"Neutralize","floor":15.0,"key":"SMITH"},{"data":"Footwork","floor":23.0,"key":"SMITH"},{"data":"Dash","floor":28.0,"key":"SMITH"},{"data":"Backflip","floor":32.0,"key":"SMITH"},{"data":"Wraith Form v2","floor":40,"key":"SMITH"},{"data":"Backflip","floor":44,"key":"SMITH"},{"data":"Night Terror","floor":49,"key":"SMITH"}],"circlet_count":0,"master_deck":["AscendersBane","Strike_G+1","Strike_G","Strike_G+1","Strike_G","Defend_G","Defend_G","Defend_G","Defend_G","Defend_G","Survivor","Neutralize+1","Deadly Poison+1","Backflip+1","Venomology","Backflip+1","Escape Plan","Dash+1","Wraith Form v2+1","Well Laid Plans","Footwork+1","Poisoned Stab","Escape Plan+1","Night Terror+1","Caltrops+1","Bouncing Flask+1","Envenom","Blur"],"relics":["Ring of the Snake","NeowsBlessing","Matryoshka","Bronze Scales","Golden Idol","Bag of Preparation","White Beast Statue","Velvet Choker","Toy Ornithopter","HornCleat","Bottled Tornado","Vajra","Sundial","War Paint","Tiny Chest","Philosopher\u0027s Stone","Turnip","Art of War","Lantern","TwistedFunnel","Ornamental Fan"],"acts_visited":["Exordium","TheCity","TheBeyond"],"potions_floor_usage":[36,36,36,37,38,38,41,41,42,42,45,47,48,48,50,50],"damage_taken":[{"damage":0.0,"enemies":"2 Louse","floor":1.0,"turns":1.0},{"damage":0.0,"enemies":"Small Slimes","floor":3.0,"turns":1.0},{"damage":0.0,"enemies":"Gremlin Nob","floor":6.0,"turns":1.0},{"damage":0.0,"enemies":"Jaw Worm","floor":11.0,"turns":4.0},{"damage":12.0,"enemies":"Large Slime","floor":12.0,"turns":6.0},{"damage":1.0,"enemies":"3 Louse","floor":13.0,"turns":4.0},{"damage":7.0,"enemies":"Exordium Wildlife","floor":14.0,"turns":5.0},{"damage":24.0,"enemies":"Slime Boss","floor":16.0,"turns":11.0},{"damage":9.0,"enemies":"3 Byrds","floor":18.0,"turns":4.0},{"damage":2.0,"enemies":"Spheric Guardian","floor":20.0,"turns":6.0},{"damage":0.0,"enemies":"Snake Plant","floor":24.0,"turns":4.0},{"damage":25.0,"enemies":"Slavers","floor":25.0,"turns":7.0},{"damage":0.0,"enemies":"Sentry and Sphere","floor":27.0,"turns":8.0},{"damage":11.0,"enemies":"Chosen and Byrds","floor":29.0,"turns":5.0},{"damage":18.0,"enemies":"Gremlin Leader","floor":31.0,"turns":10.0},{"damage":58.0,"enemies":"Collector","floor":33.0,"turns":12.0},{"damage":0,"enemies":"3 Darklings","floor":35,"turns":6},{"damage":1,"enemies":"Mind Bloom Boss Battle","floor":36,"turns":9},{"damage":6,"enemies":"3 Shapes","floor":37,"turns":5},{"damage":12,"enemies":"3 Darklings","floor":38,"turns":5},{"damage":36,"enemies":"Nemesis","floor":41,"turns":7},{"damage":0,"enemies":"4 Shapes","floor":42,"turns":9},{"damage":7,"enemies":"Spire Growth","floor":45,"turns":6},{"damage":1,"enemies":"Reptomancer","floor":47,"turns":6},{"damage":21,"enemies":"Jaw Worm Horde","floor":48,"turns":4},{"damage":77,"enemies":"Time Eater","floor":50,"turns":10}],"seed_played":"152111373687908556","potions_obtained":[{"floor":3.0,"key":"Strength Potion"},{"floor":11.0,"key":"Regen Potion"},{"floor":12.0,"key":"EssenceOfSteel"},{"floor":13.0,"key":"Energy Potion"},{"floor":14.0,"key":"EssenceOfSteel"},{"floor":16.0,"key":"CunningPotion"},{"floor":18.0,"key":"PowerPotion"},{"floor":20.0,"key":"LiquidBronze"},{"floor":24.0,"key":"GamblersBrew"},{"floor":25.0,"key":"Dexterity Potion"},{"floor":27.0,"key":"SkillPotion"},{"floor":29.0,"key":"Strength Potion"},{"floor":31.0,"key":"Explosive Potion"},{"floor":33.0,"key":"Block Potion"},{"floor":35,"key":"GhostInAJar"},{"floor":36,"key":"DistilledChaos"},{"floor":37,"key":"PowerPotion"},{"floor":38,"key":"AttackPotion"},{"floor":41,"key":"Regen Potion"},{"floor":42,"key":"Weak Potion"},{"floor":45,"key":"EssenceOfSteel"},{"floor":47,"key":"CultistPotion"},{"floor":48,"key":"ColorlessPotion"}],"is_trial":false,"path_per_floor":["M","?","M","?","?","E","?","?","T","R","M","M","M","M","R","B",null,"M","$","M","?","?","R","M","E","T","M","R","M","$","E","R","B",null,"M","?","M","M","?","R","E","M","T","R","M","$","E","M","R","B",null],"character_chosen":"THE_SILENT","items_purchased":["Footwork","Toy Ornithopter","War Paint","Blur","TwistedFunnel"],"campfire_rested":1,"item_purchase_floors":[19,19,30,46,46],"current_hp_per_floor":[59,48,48,53,39,39,39,22,22,43,43,45,44,37,37,13,57,48,48,56,56,56,56,61,46,46,56,56,55,55,52,52,4,54,54,68,65,59,59,59,33,58,58,58,56,56,60,49,49,21],"gold":161,"neow_bonus":"THREE_ENEMY_KILL","is_daily":false,"chose_seed":false,"campfire_upgraded":7,"win_rate":0.0,"timestamp":1610508290,"path_taken":["M","?","M","?","?","E","?","?","T","R","?","M","M","M","R","BOSS","M","$","M","?","?","R","?","E","T","M","R","M","?","E","R","BOSS","M","?","M","M","?","R","E","M","T","R","M","$","E","M","R","BOSS"],"items_purchased_type":["Card","Relic","Relic","Card","Relic"],"build_version":"2020-12-22","purchased_purges":1,"victory":true,"max_hp_per_floor":[66,66,66,71,71,71,71,71,71,71,71,71,71,71,71,71,71,71,71,71,71,71,71,71,71,71,71,71,71,71,71,71,71,71,71,71,71,71,71,71,71,71,71,71,71,71,71,71,71,71],"card_choices":[{"not_picked":["Leg Sweep","Bane"],"picked":"Deadly Poison","floor":1.0},{"not_picked":["Slice","Poisoned Stab"],"picked":"Backflip","floor":3.0},{"not_picked":["Prepared","Heel Hook"],"picked":"Venomology","floor":6.0},{"not_picked":["Predator","Dagger Spray","Bane"],"picked":"SKIP","floor":11.0},{"not_picked":["Underhanded Strike","Cloak And Dagger"],"picked":"Backflip","floor":12.0},{"not_picked":["Masterful Stab","Slice"],"picked":"Escape Plan","floor":13.0},{"not_picked":["Setup","Outmaneuver"],"picked":"Dash","floor":14.0},{"not_picked":["Phantasmal Killer","Tools of the Trade"],"picked":"Wraith Form v2","floor":16.0},{"not_picked":["Cloak And Dagger","Tactician"],"picked":"Well Laid Plans","floor":18.0},{"not_picked":["Underhanded Strike","Sucker Punch"],"picked":"Poisoned Stab","floor":20.0},{"not_picked":["PiercingWail","Blade Dance"],"picked":"Escape Plan","floor":24.0},{"not_picked":["Phantasmal Killer","Backflip","Finisher"],"picked":"SKIP","floor":25.0},{"not_picked":["Prepared","Expertise","All Out Attack"],"picked":"SKIP","floor":27.0},{"not_picked":["Setup","Quick Slash","Deflect"],"picked":"SKIP","floor":29.0},{"not_picked":["Backflip","Choke","Finisher"],"picked":"SKIP","floor":31.0},{"not_picked":["Venomology","Doppelganger"],"picked":"Night Terror","floor":33.0},{"not_picked":["Slice","Flechettes"],"picked":"Caltrops+1","floor":35},{"not_picked":["PiercingWail+1","Leg Sweep"],"picked":"Bouncing Flask+1","floor":37},{"not_picked":["Concentrate","Prepared","Flechettes+1"],"picked":"SKIP","floor":38},{"not_picked":["Deadly Poison+1","Backflip"],"picked":"Envenom","floor":41},{"not_picked":["Slice","Dagger Spray","Outmaneuver"],"picked":"SKIP","floor":42},{"not_picked":["Cloak And Dagger","Slice+1","Die Die Die"],"picked":"SKIP","floor":45},{"not_picked":["Acrobatics","Outmaneuver+1","Well Laid Plans"],"picked":"SKIP","floor":47},{"not_picked":["Sucker Punch","Eviscerate","Riddle With Holes"],"picked":"SKIP","floor":48}],"player_experience":1294443,"relics_obtained":[{"floor":6.0,"key":"Matryoshka"},{"floor":9.0,"key":"Bag of Preparation"},{"floor":9.0,"key":"White Beast Statue"},{"floor":25.0,"key":"Bottled Tornado"},{"floor":26.0,"key":"Vajra"},{"floor":26.0,"key":"Sundial"},{"floor":31.0,"key":"Tiny Chest"},{"floor":36,"key":"Turnip"},{"floor":41,"key":"Art of War"},{"floor":43,"key":"Lantern"},{"floor":47,"key":"Ornamental Fan"}],"event_choices":[{"damage_healed":0.0,"max_hp_gain":0.0,"max_hp_loss":0.0,"gold_gain":75.0,"event_name":"World of Goop","player_choice":"Gather Gold","floor":2.0,"gold_loss":0.0,"damage_taken":11.0},{"damage_healed":0.0,"max_hp_gain":5.0,"max_hp_loss":0.0,"gold_gain":0.0,"event_name":"Big Fish","player_choice":"Donut","floor":4.0,"gold_loss":0.0,"damage_taken":0.0},{"damage_healed":0.0,"max_hp_gain":0.0,"max_hp_loss":0.0,"gold_gain":0.0,"event_name":"Shining Light","player_choice":"Entered Light","floor":5.0,"gold_loss":0.0,"damage_taken":14.0,"cards_upgraded":["Strike_G","Strike_G"]},{"damage_healed":0.0,"max_hp_gain":0.0,"max_hp_loss":0.0,"gold_gain":0.0,"event_name":"Dead Adventurer","player_choice":"Searched \u00272\u0027 times","floor":7.0,"gold_loss":0.0,"damage_taken":0.0,"relics_obtained":["Bronze Scales"]},{"damage_healed":0.0,"max_hp_gain":0.0,"max_hp_loss":0.0,"gold_gain":0.0,"event_name":"Golden Idol","player_choice":"Take Damage","floor":8.0,"gold_loss":0.0,"damage_taken":17.0,"relics_obtained":["Golden Idol"]},{"damage_healed":0.0,"max_hp_gain":0.0,"max_hp_loss":0.0,"gold_gain":0.0,"event_name":"Addict","player_choice":"Obtained Relic","floor":21.0,"gold_loss":85.0,"damage_taken":0.0,"relics_obtained":["HornCleat"]},{"damage_healed":0.0,"max_hp_gain":0.0,"max_hp_loss":0.0,"gold_gain":0.0,"event_name":"The Woman in Blue","player_choice":"Bought 0 Potions","floor":22.0,"gold_loss":0.0,"damage_taken":0.0},{"damage_healed":0,"gold_gain":0,"player_choice":"Fight","damage_taken":0,"max_hp_gain":0,"max_hp_loss":0,"event_name":"MindBloom","floor":36,"gold_loss":0},{"damage_healed":0,"gold_gain":0,"player_choice":"Ignored","damage_taken":0,"max_hp_gain":0,"max_hp_loss":0,"event_name":"Tomb of Lord Red Mask","floor":39,"gold_loss":0}],"is_beta":false,"boss_relics":[{"not_picked":["Ectoplasm","Astrolabe"],"picked":"Velvet Choker"},{"not_picked":["Black Star","Pandora\u0027s Box"],"picked":"Philosopher\u0027s Stone"}],"items_purged_floors":[19],"is_endless":false,"potions_floor_spawned":[3,11,12,13,14,16,18,20,24,25,27,29,31,33,35,36,37,38,41,42,45,47,48],"ascension_level":14}}