{"host":"mitik7wjjpoqy3i6","time":1610563772,"event":{"mods":["AchievementEnabler","AlwaysNeverKeys","Aspiration","BaseMod","BetterRewards","Custom Start","Dota2Spire","Evolution","Force Act Four","Gold Saver","Hyrulean Relics","Minty Spire (QoL Compilation)","Rare Cards Sparkle","Remove Card Discount Mod","Replay The Spire","SacredBarkPlus","Small Relic Pack","Spicy Shops","StSLib","The Animator","The Sage","Transform Curses","Treasure Hunter","??????REMEMod"],"gold_per_floor":[353,365,35,55,106,133,133,164,164,174,201,201,17,17,17,118,168,183,183,61,75,174,202,222,250,250,250,49,76,76,76,76,174,174,188,188,19,73,73,100,100,131,131,13,23,23,35,35,35,35,35,35,10,41,41],"floor_reached":56,"language":"ENG","playtime":3885,"items_purged":["Strike_G","Strike_G","Strike_G","Defend_G","Defend_G","Defend_G","Defend_G"],"score":1778,"play_id":"c2d9cd9f-97b0-40fc-bbfe-e09bef4c0ec3","local_time":"20210113194932","is_ascension_mode":true,"campfire_choices":[{"data":"Noxious Fumes","floor":7,"key":"SMITH"},{"floor":12,"key":"REST"},{"floor":15,"key":"REST"},{"floor":32,"key":"RECALL"},{"floor":41,"key":"DIG"},{"floor":52,"key":"DIG"}],"circlet_count":0,"master_deck":["Strike_G","Strike_G","Defend_G","Survivor","Neutralize","sagemod:Read_The_Riot_Act","Noxious Fumes+1","Backflip","Distraction","Poisoned Stab","Prepared","Escape Plan+1","Toxin Wave","Calculated Gamble","Acrobatics","TH:CopperCoins","Quick Slash","TH:BikiniMail+1","TH:Mimic","Deadly Poison","TH:EnergyPotion","Flying Knee","TH:ArmorSpikes+1","Poison Darts","Prepared","Flying Knee","TH:DeckOfManyThings","Flying Knee","ReplayTheSpireMod:The Works","TH:CopperCoins","REME_GreenPollution+1","TH:PixieDust","TH:CursedSword","Poisoned Stab","Doubt","TH:Mimic","TH:PixieDust","Poison Darts","Skewer+1","Mayhem","Catalyst","TH:ElvenBoots","Tools of the Trade","TH:Mimic","Backflip","TH:DeckOfManyThings","Acrobatics","Prepared","Prepared","Dagger Throw","ReplayTheSpireMod:The Works+1","TH:CopperCoins","Deadly Poison+1"],"relics":["Ring of the Snake","EVO:Axolotl","REME_ComplimentaryCards","Chemical X","Blood Vial","Unceasing Top","Dota2Spire:Vanguard","Pocketwatch","Membership Card","aspiration:Nostalgia","Cracked Core","Tiny House","Du-Vu Doll","Dota2Spire:AghanimScepter","Meat on the Bone","Replay:Towering Pillar of Hats","Dota2Spire:Desolator","TwistedFunnel","aspiration:HummingbirdHeart","Dota2Spire:BattleFury","ReplayTheSpireMod:Ring of Addiction","Ring of Hypnosis","SacredBark","Potion Belt","Dota2Spire:MantaStyle","WristBlade","Dota2Spire:EchoSabre","Replay:Multitool","relicPack:AllForOne","Vajra","White Beast Statue","Dota2Spire:Satanic","aspiration:VileToxins","Pantograph","aspiration:FetidBarrel","StoneCalendar","Centennial Puzzle"],"acts_visited":["Exordium","TheCity","TheBeyond","TheEnding"],"potions_floor_usage":[8,8,10,11,16,23,23,25,33,33,33,33,38,47,47,55,55,55,55],"damage_taken":[{"damage":0,"enemies":"Jaw Worm","floor":1,"turns":4},{"damage":4,"enemies":"2 Louse","floor":2,"turns":3},{"damage":10,"enemies":"Small Slimes","floor":4,"turns":2},{"damage":0,"enemies":"Lagavulin","floor":6,"turns":6},{"damage":6,"enemies":"3 Sentries","floor":8,"turns":7},{"damage":12,"enemies":"Exordium Thugs","floor":10,"turns":4},{"damage":25,"enemies":"Gremlin Nob","floor":11,"turns":4},{"damage":3,"enemies":"Fading Forest","floor":16,"turns":11},{"damage":0,"enemies":"Chosen","floor":18,"turns":4},{"damage":15,"enemies":"Shell Parasite","floor":21,"turns":3},{"damage":23,"enemies":"Gremlin Leader","floor":23,"turns":4},{"damage":20,"enemies":"Shelled Parasite and Fungi","floor":24,"turns":2},{"damage":6,"enemies":"Replay:Snechameleon","floor":25,"turns":3},{"damage":0,"enemies":"Gremlin Leader","floor":29,"turns":4},{"damage":22,"enemies":"Pondfish","floor":33,"turns":6},{"damage":8,"enemies":"3 Darklings","floor":35,"turns":3},{"damage":0,"enemies":"2 Orb Walkers","floor":38,"turns":2},{"damage":19,"enemies":"R_Hoarder","floor":40,"turns":5},{"damage":25,"enemies":"Nemesis","floor":42,"turns":5},{"damage":6,"enemies":"3 Shapes","floor":45,"turns":2},{"damage":10,"enemies":"Spire Growth","floor":47,"turns":2},{"damage":40,"enemies":"Time Eater","floor":50,"turns":5},{"damage":3,"enemies":"Shield and Spear","floor":54,"turns":3},{"damage":59,"enemies":"The Heart","floor":55,"turns":6}],"seed_played":"-2869548542864907662","potions_obtained":[{"floor":4,"key":"Block Potion"},{"floor":5,"key":"Elixir"},{"floor":8,"key":"CunningPotion"},{"floor":10,"key":"BlessingOfTheForge"},{"floor":11,"key":"DuplicationPotion"},{"floor":17,"key":"ColorlessPotion"},{"floor":21,"key":"Dota2Spire:Clarity"},{"floor":24,"key":"PowerPotion"},{"floor":29,"key":"Explosive Potion"},{"floor":30,"key":"PowerPotion"},{"floor":30,"key":"EssenceOfSteel"},{"floor":30,"key":"LiquidBronze"},{"floor":35,"key":"Block Potion"},{"floor":42,"key":"Block Potion"},{"floor":45,"key":"GamblersBrew"},{"floor":47,"key":"Block Potion"},{"floor":54,"key":"Milkshake"}],"is_trial":false,"path_per_floor":["M","M","$","M","?","E","R","E","T","M","E","R","$","?","R","B",null,"M","?","$","M","?","E","M","E","T","?","$","E","?","T","R","B",null,"M","?","$","?","?","E","R","E","T","$","M","R","M","?","R","B",null,"R","$","E","B",null],"character_chosen":"THE_SILENT","items_purchased":["Noxious Fumes","Backflip","Chemical X","Poisoned Stab","Prepared","Escape Plan+1","Membership Card","aspiration:Nostalgia","Dota2Spire:AghanimScepter","TwistedFunnel","aspiration:HummingbirdHeart","Dota2Spire:EchoSabre","Mayhem","Pantograph","Acrobatics","Prepared","StoneCalendar","ColorlessPotion"],"campfire_rested":2,"item_purchase_floors":[0,0,3,3,3,3,13,13,20,28,28,37,37,44,44,44,53,53],"current_hp_per_floor":[70,66,66,56,39,41,41,37,37,27,4,25,25,25,46,70,75,75,75,75,60,60,39,33,41,41,41,41,43,43,43,43,35,75,67,67,67,69,69,52,52,41,41,41,49,69,59,59,59,54,67,67,67,62,24],"gold":41,"neow_bonus":"","is_daily":false,"chose_seed":false,"campfire_upgraded":1,"win_rate":0.0,"timestamp":1610563772,"path_taken":["M","M","$","M","?","E","R","E","T","M","E","R","$","?","R","BOSS","M","?","?","M","?","E","M","E","T","?","$","E","?","?","R","BOSS","M","?","$","?","?","E","R","E","T","$","M","R","M","?","R","BOSS","R","$","E","BOSS"],"items_purchased_type":["Card","Card","Relic","Card","Card","Card","Relic","Relic","Relic","Relic","Relic","Relic","Card","Relic","Card","Card","Relic","Potion"],"build_version":"2020-12-22","purchased_purges":7,"victory":true,"max_hp_per_floor":[70,70,70,70,70,70,70,70,70,70,70,70,70,70,70,70,75,75,75,75,75,75,75,75,75,75,75,75,75,75,75,75,75,75,75,75,73,73,73,73,73,71,71,71,69,69,69,69,69,69,67,67,67,65,65],"card_choices":[{"not_picked":["Dodge and Roll","ReplayTheSpireMod:Shiv Toss"],"picked":"Distraction","floor":1},{"not_picked":["ReplayTheSpireMod:Speed Training","Sucker Punch"],"picked":"Quick Slash","floor":2},{"not_picked":["Predator","Sucker Punch"],"picked":"Toxin Wave","floor":4},{"not_picked":["Bane","Caltrops"],"picked":"Calculated Gamble","floor":5},{"not_picked":["Cloak And Dagger","Dagger Throw"],"picked":"Acrobatics","floor":5},{"not_picked":["TH:ArmorSpikes"],"picked":"TH:CopperCoins","floor":6},{"not_picked":["Bane","Predator"],"picked":"Quick Slash","floor":6},{"not_picked":["TH:ElvenBoots"],"picked":"TH:BikiniMail","floor":8},{"not_picked":["Footwork","Heel Hook"],"picked":"Choke","floor":8},{"not_picked":["TH:BikiniMail"],"picked":"TH:Mimic","floor":9},{"not_picked":["PiercingWail","Cloak And Dagger"],"picked":"Deadly Poison","floor":10},{"not_picked":["TH:ElvenBoots"],"picked":"TH:EnergyPotion","floor":11},{"not_picked":["Masterful Stab","Slice"],"picked":"Flying Knee","floor":11},{"not_picked":["TH:TreasureMap"],"picked":"TH:ArmorSpikes","floor":16},{"not_picked":["Adrenaline","Doppelganger"],"picked":"Poison Darts","floor":16},{"not_picked":["Slice","Quick Slash"],"picked":"Prepared","floor":17},{"not_picked":["Blade Dance","Dagger Spray+1","Underhanded Strike"],"picked":"SKIP","floor":18},{"not_picked":["Sneak Up","Sucker Punch+1"],"picked":"Flying Knee","floor":21},{"not_picked":["TH:ArmorSpikes"],"picked":"TH:DeckOfManyThings","floor":23},{"not_picked":["Deflect","Choke"],"picked":"Flying Knee","floor":23},{"not_picked":["Sucker Punch","Outmaneuver"],"picked":"ReplayTheSpireMod:The Works","floor":24},{"not_picked":["TH:ArmorSpikes"],"picked":"TH:CopperCoins","floor":25},{"not_picked":["Caltrops","Infinite Blades+1"],"picked":"REME_GreenPollution+1","floor":25},{"not_picked":["TH:DeckOfManyThings"],"picked":"TH:PixieDust","floor":26},{"not_picked":["TH:ArmorSpikes"],"picked":"TH:CursedSword","floor":29},{"not_picked":["Cloak And Dagger+1","Fluid Movement"],"picked":"Poisoned Stab","floor":29},{"not_picked":["TH:DeckOfManyThings"],"picked":"TH:Mimic","floor":31},{"not_picked":["TH:EnergyPotion"],"picked":"TH:PixieDust","floor":33},{"not_picked":["Replay:Bag of Tricks","A Thousand Cuts"],"picked":"Poison Darts","floor":33},{"not_picked":["ReplayTheSpireMod:Shiv Toss","Hidden Blade"],"picked":"Skewer+1","floor":35},{"not_picked":["Cloak And Dagger","Predator+1"],"picked":"Catalyst","floor":38},{"not_picked":["TH:ArmorSpikes"],"picked":"TH:ElvenBoots","floor":40},{"not_picked":["Outmaneuver","Accuracy"],"picked":"Tools of the Trade","floor":40},{"not_picked":["TH:ElvenBoots"],"picked":"TH:Mimic","floor":42},{"not_picked":["Sneak Up+1","Slice"],"picked":"Backflip","floor":42},{"not_picked":["TH:TreasureMap"],"picked":"TH:DeckOfManyThings","floor":43},{"not_picked":["Sucker Punch+1","Outmaneuver+1"],"picked":"Dagger Throw","floor":45},{"not_picked":["ReplayTheSpireMod:Exploit Weakness+1","Sucker Punch+1"],"picked":"ReplayTheSpireMod:The Works+1","floor":47},{"not_picked":["TH:TreasureMap"],"picked":"TH:CopperCoins","floor":54},{"not_picked":["Slice","PiercingWail+1"],"picked":"Deadly Poison+1","floor":54}],"player_experience":194720,"relics_obtained":[{"floor":5,"key":"Blood Vial"},{"floor":6,"key":"Unceasing Top"},{"floor":8,"key":"Dota2Spire:Vanguard"},{"floor":11,"key":"Pocketwatch"},{"floor":23,"key":"Meat on the Bone"},{"floor":25,"key":"Replay:Towering Pillar of Hats"},{"floor":26,"key":"Dota2Spire:Desolator"},{"floor":29,"key":"Dota2Spire:BattleFury"},{"floor":30,"key":"ReplayTheSpireMod:Ring of Addiction"},{"floor":30,"key":"Ring of Hypnosis"},{"floor":30,"key":"SacredBark"},{"floor":30,"key":"Potion Belt"},{"floor":31,"key":"Dota2Spire:MantaStyle"},{"floor":38,"key":"Replay:Multitool"},{"floor":40,"key":"Vajra"},{"floor":41,"key":"White Beast Statue"},{"floor":42,"key":"Dota2Spire:Satanic"},{"floor":43,"key":"aspiration:VileToxins"},{"floor":52,"key":"aspiration:FetidBarrel"},{"floor":54,"key":"Centennial Puzzle"}],"event_choices":[{"cards_removed":["Quick Slash"],"damage_healed":0,"gold_gain":0,"player_choice":"Gave Card","damage_taken":0,"relics_obtained":["Du-Vu Doll"],"max_hp_gain":0,"max_hp_loss":0,"event_name":"WeMeetAgain","floor":19,"gold_loss":0},{"damage_healed":0,"gold_gain":99,"player_choice":"Stole From Cult","damage_taken":0,"max_hp_gain":0,"max_hp_loss":0,"event_name":"Nest","floor":22,"gold_loss":0},{"damage_healed":0,"gold_gain":0,"player_choice":"Ignored","damage_taken":0,"max_hp_gain":0,"max_hp_loss":0,"event_name":"Beggar","floor":27,"gold_loss":0},{"damage_healed":0,"gold_gain":0,"player_choice":"Ignored","damage_taken":0,"max_hp_gain":0,"max_hp_loss":0,"event_name":"Tomb of Lord Red Mask","floor":36,"gold_loss":0},{"damage_healed":0,"gold_gain":0,"player_choice":"Fight","damage_taken":0,"max_hp_gain":0,"max_hp_loss":0,"event_name":"Mysterious Sphere","floor":38,"gold_loss":0},{"damage_healed":0,"gold_gain":0,"player_choice":"Ignored","damage_taken":0,"max_hp_gain":0,"max_hp_loss":0,"event_name":"The Moai Head","floor":49,"gold_loss":0}],"is_beta":false,"boss_relics":[{"not_picked":["REME_ChargedStone","SlaversCollar"],"picked":"Tiny House"},{"not_picked":["Velvet Choker","Replay:Ancient Bell"],"picked":"WristBlade"}],"items_purged_floors":[0,0,0,0,0,0,0],"is_endless":false,"potions_floor_spawned":[4,8,10,11,21,24,29,35,42,45,47,54],"ascension_level":2}}