{"host":"xt797mi8yhee06c1","time":1610515930,"event":{"mods":["Arknights The Spire","BaseMod","Bestiary","Koishi","Marisa£¨Ùöéë¡¡Øª×âÞÞ£©","Minty Spire (QoL Compilation)","Poor People Problems","Prisma Mod","Relic Filter","Shop Mod","Spicy Shops","StSLib","The Marked","The Runesmith","The Servant 0.9.4","WarShipGirlsR/??á´Ò³R mod"],"gold_per_floor":[118,293,303,59,77,77,77,77],"floor_reached":7,"language":"KOR","playtime":309,"items_purged":[],"score":43,"play_id":"d1d721e3-a3ff-4f6f-afc9-138b6a4fe01d","local_time":"20210113143210","is_ascension_mode":false,"campfire_choices":[],"circlet_count":0,"master_deck":["ats:Strike C","ats:Strike G","ats:Strike S","ats:Strike V","ats:Armor Crushing Shot","ats:Defend","ats:Defend","ats:Defend","ats:Defend","ats:Emotion Absorption","ats:Revitalization","Doubt","ats:Composite Medical Shells","ats:Hook Shot"],"relics":["ats:Sanity","NeowsBlessing","Matryoshka"],"acts_visited":["Exordium"],"potions_floor_usage":[6,7],"damage_taken":[{"damage":0.0,"enemies":"2 Louse","floor":1.0,"turns":1.0},{"damage":0.0,"enemies":"Jaw Worm","floor":3.0,"turns":1.0},{"damage":0.0,"enemies":"Cultist","floor":5.0,"turns":1.0},{"damage":0,"enemies":"Gremlin Gang","floor":6,"turns":1},{"damage":72,"enemies":"Lagavulin","floor":7,"turns":9}],"seed_played":"6284472074953790785","potions_obtained":[{"floor":3.0,"key":"SteroidPotion"},{"floor":5.0,"key":"SmokeBomb"}],"is_trial":false,"path_per_floor":["M","?","M","$","M","M","E"],"character_chosen":"DOCTOR_CLASS","items_purchased":["Matryoshka"],"campfire_rested":0,"item_purchase_floors":[4],"current_hp_per_floor":[72,72,72,72,72,72,13,13],"gold":77,"neow_bonus":"THREE_ENEMY_KILL","is_daily":false,"chose_seed":false,"campfire_upgraded":0,"win_rate":0.0,"timestamp":1610515930,"path_taken":["M","?","M","$","M","M","E"],"items_purchased_type":["Relic"],"build_version":"2020-12-22","purchased_purges":0,"victory":false,"max_hp_per_floor":[72,72,72,72,72,72,72,72],"card_choices":[{"not_picked":["ats:Curse Doll","ats:Guardian Obelisk"],"picked":"ats:Revitalization","floor":1.0},{"not_picked":["ats:Magnetic Hammer","ats:Flame Of Heaven"],"picked":"ats:Composite Medical Shells","floor":3.0},{"not_picked":["ats:Flame Of Heaven","ats:Ignite"],"picked":"ats:Hook Shot","floor":5.0}],"player_experience":327867,"relics_obtained":[],"event_choices":[{"damage_healed":0.0,"max_hp_gain":0.0,"max_hp_loss":0.0,"gold_gain":175.0,"event_name":"Liars Game","player_choice":"AGREE","floor":2.0,"gold_loss":0.0,"damage_taken":0.0,"cards_obtained":["Doubt"]}],"is_beta":false,"boss_relics":[],"items_purged_floors":[],"is_endless":false,"potions_floor_spawned":[3,5,6],"killed_by":"Lagavulin","ascension_level":0}}