{"host":"xt3o4iokwksypl90","time":1610582135,"event":{"mods":["AchievementEnabler","BaseMod","Googly Eyes","Highlight Path","Minty Spire (QoL Compilation)","Permanent Neow"],"gold_per_floor":[110,110,110,122,141,172,197,223,260,272,294,323,346,394,406,526,538,564,592,297,297,317,317,317,359,359,387,387,415,28,40,40,139,211,231,244,6,0,56,56,74,110,110,142,152,152,169,184,184,184],"floor_reached":51,"language":"ENG","playtime":3262,"items_purged":["Strike_R"],"score":1019,"play_id":"ea6b479d-3c7e-4667-913a-b12c9b392ac2","local_time":"20210114005535","is_ascension_mode":true,"campfire_choices":[{"floor":15.0,"key":"REST"},{"data":"Shrug It Off","floor":23.0,"key":"SMITH"},{"data":"Armaments","floor":28,"key":"SMITH"},{"data":"Uppercut","floor":32,"key":"SMITH"},{"data":"Flame Barrier","floor":40,"key":"SMITH"},{"data":"Madness","floor":46,"key":"SMITH"},{"data":"Fiend Fire","floor":49,"key":"SMITH"}],"circlet_count":0,"master_deck":["Bash","Sword Boomerang","Dropkick","Uppercut+1","Armaments+1","Demon Form","Disarm","Shrug It Off+1","Reaper","Battle Trance","Metallicize+1","Flame Barrier+1","Metallicize","Limit Break","Flex","Blood for Blood","Sword Boomerang","Fiend Fire+1","Clothesline","Shrug It Off","Whirlwind","True Grit+1","Disarm+1","Madness","Madness+1","Battle Trance+1"],"relics":["Philosopher\u0027s Stone","The Courier","MawBank","PreservedInsect","CeramicFish","Coffee Dripper","Omamori","Akabeko","Enchiridion","Pen Nib","Sundial","Membership Card","Whetstone","HornCleat","Gremlin Horn","Pandora\u0027s Box","Strawberry","FossilizedHelix","Nunchaku","Red Mask","Champion Belt","Letter Opener","Regal Pillow","Ancient Tea Set"],"acts_visited":["Exordium","TheCity","TheBeyond"],"potions_floor_usage":[31,31,48],"damage_taken":[{"damage":8.0,"enemies":"Small Slimes","floor":1.0,"turns":4.0},{"damage":0.0,"enemies":"Cultist","floor":4.0,"turns":3.0},{"damage":3.0,"enemies":"Jaw Worm","floor":5.0,"turns":2.0},{"damage":7.0,"enemies":"Lagavulin","floor":6.0,"turns":5.0},{"damage":10.0,"enemies":"Blue Slaver","floor":7.0,"turns":3.0},{"damage":6.0,"enemies":"Red Slaver","floor":8.0,"turns":2.0},{"damage":0.0,"enemies":"Lots of Slimes","floor":10.0,"turns":1.0},{"damage":9.0,"enemies":"Blue Slaver","floor":11.0,"turns":2.0},{"damage":5.0,"enemies":"2 Fungi Beasts","floor":12.0,"turns":3.0},{"damage":2.0,"enemies":"Exordium Wildlife","floor":13.0,"turns":3.0},{"damage":5.0,"enemies":"Gremlin Nob","floor":14.0,"turns":3.0},{"damage":22.0,"enemies":"Slime Boss","floor":16.0,"turns":5.0},{"damage":20.0,"enemies":"Shell Parasite","floor":18.0,"turns":5.0},{"damage":23.0,"enemies":"Spheric Guardian","floor":19.0,"turns":4.0},{"damage":18.0,"enemies":"Snake Plant","floor":22.0,"turns":6.0},{"damage":44.0,"enemies":"Book of Stabbing","floor":25.0,"turns":6.0},{"damage":17,"enemies":"Chosen and Byrds","floor":27,"turns":6},{"damage":31,"enemies":"Shelled Parasite and Fungi","floor":29,"turns":4},{"damage":16,"enemies":"Centurion and Healer","floor":31,"turns":7},{"damage":17,"enemies":"Champ","floor":33,"turns":8},{"damage":3,"enemies":"Orb Walker","floor":35,"turns":3},{"damage":12,"enemies":"3 Shapes","floor":36,"turns":3},{"damage":8,"enemies":"2 Orb Walkers","floor":39,"turns":5},{"damage":0,"enemies":"Nemesis","floor":42,"turns":3},{"damage":0,"enemies":"Reptomancer","floor":44,"turns":5},{"damage":0,"enemies":"Transient","floor":45,"turns":5},{"damage":0,"enemies":"Sphere and 2 Shapes","floor":47,"turns":1},{"damage":0,"enemies":"Writhing Mass","floor":48,"turns":3},{"damage":4,"enemies":"Time Eater","floor":50,"turns":6}],"seed_played":"-5167027344452983781","potions_obtained":[{"floor":1.0,"key":"SmokeBomb"},{"floor":5.0,"key":"DistilledChaos"},{"floor":6.0,"key":"BloodPotion"},{"floor":7.0,"key":"SkillPotion"},{"floor":8.0,"key":"Swift Potion"},{"floor":13.0,"key":"Block Potion"},{"floor":16.0,"key":"BlessingOfTheForge"},{"floor":18.0,"key":"Explosive Potion"},{"floor":25.0,"key":"Dexterity Potion"},{"floor":27,"key":"Fire Potion"},{"floor":29,"key":"DuplicationPotion"},{"floor":36,"key":"DuplicationPotion"},{"floor":44,"key":"Ancient Potion"},{"floor":45,"key":"DistilledChaos"},{"floor":48,"key":"Dexterity Potion"}],"is_trial":false,"path_per_floor":["M","?","?","M","M","E","M","M","T","M","M","M","M","E","R","B",null,"M","M","$","?","M","R","?","E","T","M","R","M","$","M","R","B",null,"M","M","$","?","?","R","?","E","T","E","M","R","M","M","R","B",null],"character_chosen":"IRONCLAD","items_purchased":["Omamori","Akabeko","Membership Card","Whetstone","HornCleat","Gremlin Horn","Metallicize","Strawberry","FossilizedHelix","Nunchaku"],"campfire_rested":1,"item_purchase_floors":[20,20,30,30,30,30,30,37,37,37],"current_hp_per_floor":[64,52,52,52,49,42,48,42,42,42,33,28,26,21,45,23,66,53,30,30,14,9,9,80,36,36,37,37,26,26,42,42,40,70,77,68,75,75,79,79,68,68,68,80,87,87,87,87,87,83],"gold":184,"neow_bonus":"BOSS_RELIC","is_daily":false,"chose_seed":false,"campfire_upgraded":6,"win_rate":0.0,"timestamp":1610582135,"path_taken":["M","?","?","M","M","E","?","M","T","M","M","M","M","E","R","BOSS","M","M","$","?","M","R","?","E","T","M","R","?","$","M","R","BOSS","M","M","?","?","?","R","?","E","T","E","M","R","?","M","R","BOSS"],"items_purchased_type":["Relic","Relic","Relic","Relic","Relic","Relic","Card","Relic","Relic","Relic"],"build_version":"2020-12-22","purchased_purges":1,"victory":true,"max_hp_per_floor":[80,80,80,80,80,80,80,80,80,80,80,80,80,80,80,80,80,80,80,80,80,80,80,80,80,80,80,80,80,80,80,80,80,80,80,80,87,87,87,87,87,87,87,87,87,87,87,87,87,87],"card_choices":[{"not_picked":["Armaments","Sever Soul"],"picked":"Sword Boomerang","floor":1.0},{"not_picked":["Shrug It Off","Iron Wave"],"picked":"Dropkick","floor":4.0},{"not_picked":["Warcry","Rampage","Bloodletting"],"picked":"SKIP","floor":5.0},{"not_picked":["Flex","Demon Form"],"picked":"Uppercut","floor":6.0},{"not_picked":["Cleave","Flex","Shrug It Off"],"picked":"SKIP","floor":7.0},{"not_picked":["Flex","Second Wind"],"picked":"Armaments","floor":8.0},{"not_picked":["Clash","Dual Wield","Second Wind"],"picked":"SKIP","floor":11.0},{"not_picked":["Headbutt","Havoc"],"picked":"Demon Form","floor":12.0},{"not_picked":["Rupture","Twin Strike"],"picked":"Disarm","floor":13.0},{"not_picked":["Spot Weakness","Flex"],"picked":"Shrug It Off","floor":14.0},{"not_picked":["Corruption","Offering"],"picked":"Reaper","floor":16.0},{"not_picked":["Sword Boomerang+1","Headbutt","Armaments"],"picked":"SKIP","floor":18.0},{"not_picked":["Combust","Havoc+1","Body Slam+1"],"picked":"SKIP","floor":19.0},{"not_picked":["Disarm+1","Cleave","Thunderclap"],"picked":"SKIP","floor":22.0},{"not_picked":["Cleave+1","Sword Boomerang+1"],"picked":"Battle Trance","floor":25.0},{"not_picked":["True Grit","Wild Strike"],"picked":"Metallicize+1","floor":27},{"not_picked":["Heavy Blade","Seeing Red"],"picked":"Flame Barrier","floor":29},{"not_picked":["Double Tap","Iron Wave","Headbutt"],"picked":"SKIP","floor":31},{"not_picked":["Wild Strike+1","Heavy Blade"],"picked":"True Grit+1","floor":35},{"not_picked":["Wild Strike","Immolate","Clothesline+1"],"picked":"SKIP","floor":36},{"not_picked":["Sever Soul+1","Dark Embrace+1"],"picked":"Disarm+1","floor":39},{"not_picked":["Bludgeon","Pommel Strike"],"picked":"Battle Trance+1","floor":42},{"not_picked":["Anger","Pummel+1","Rage"],"picked":"SKIP","floor":44},{"not_picked":["Wild Strike+1","Intimidate+1","Cleave+1"],"picked":"SKIP","floor":45},{"not_picked":["Clash","Havoc","Armaments"],"picked":"SKIP","floor":47},{"not_picked":["Heavy Blade+1","Burning Pact","Corruption"],"picked":"SKIP","floor":48}],"player_experience":306599,"relics_obtained":[{"floor":6.0,"key":"MawBank"},{"floor":9.0,"key":"PreservedInsect"},{"floor":14.0,"key":"CeramicFish"},{"floor":21.0,"key":"Enchiridion"},{"floor":25.0,"key":"Pen Nib"},{"floor":26.0,"key":"Sundial"},{"floor":39,"key":"Champion Belt"},{"floor":42,"key":"Letter Opener"},{"floor":43,"key":"Regal Pillow"},{"floor":44,"key":"Ancient Tea Set"}],"event_choices":[{"damage_healed":0.0,"max_hp_gain":0.0,"max_hp_loss":0.0,"gold_gain":0.0,"event_name":"Scrap Ooze","player_choice":"Success","floor":2.0,"gold_loss":0.0,"damage_taken":12.0,"relics_obtained":["The Courier"]},{"damage_healed":0.0,"max_hp_gain":0.0,"max_hp_loss":0.0,"gold_gain":0.0,"event_name":"The Woman in Blue","player_choice":"Bought 0 Potions","floor":3.0,"gold_loss":0.0,"damage_taken":0.0},{"damage_healed":0.0,"max_hp_gain":0.0,"max_hp_loss":0.0,"gold_gain":0.0,"event_name":"Cursed Tome","player_choice":"Obtained Book","floor":21.0,"gold_loss":0.0,"damage_taken":16.0},{"damage_healed":71.0,"max_hp_gain":0.0,"max_hp_loss":0.0,"gold_gain":0.0,"event_name":"Wheel of Change","player_choice":"Full Heal","floor":24.0,"gold_loss":0.0,"damage_taken":0.0},{"damage_healed":0,"gold_gain":0,"player_choice":"Paid","damage_taken":0,"relics_obtained":["Red Mask"],"max_hp_gain":0,"max_hp_loss":0,"event_name":"Tomb of Lord Red Mask","floor":38,"gold_loss":6},{"damage_healed":0,"gold_gain":0,"player_choice":"Fight","damage_taken":0,"max_hp_gain":0,"max_hp_loss":0,"event_name":"Mysterious Sphere","floor":39,"gold_loss":0},{"damage_healed":0,"gold_gain":0,"player_choice":"Embrace Madness","damage_taken":11,"max_hp_gain":0,"max_hp_loss":0,"event_name":"Winding Halls","floor":41,"gold_loss":0,"cards_obtained":["Madness","Madness"]}],"is_beta":false,"boss_relics":[{"not_picked":["Fusion Hammer","Empty Cage"],"picked":"Coffee Dripper"},{"not_picked":["Runic Cube","Snecko Eye"],"picked":"Pandora\u0027s Box"}],"items_purged_floors":[20],"is_endless":false,"potions_floor_spawned":[1,5,6,7,8,13,16,18,25,27,29,36,44,45,47,48],"ascension_level":6}}