{"host":"922zt4fjsmmy4kg9","time":1610503167,"event":{"mods":["A Magickal Journey","Act Like it!","BaseMod","Better Third Choice","Downfall","Friendly Minions","Hermit","HololiveMod","Hubris","Jorbs\u0027s Wanderer Trilogy","Kiyohime????","Koishi","Marisa????????","Minty Spire (QoL Compilation)","Quick Restart","Reimu??????","Shop Mod","Spicy Shops","StSLib","SuperFastMode","The Animator","The Disciple","The Runesmith"],"gold_per_floor":[99,99,99,99,99,132,158,173,173,13,13,72,107,122,137,237,237,237,251,351,167,167,167,167,167,82,182,193,222,147,178,198,295,295,295,314,314,325,325,325,373,373,373,373,373],"floor_reached":43,"language":"ENG","playtime":2276,"items_purged":[],"score":532,"play_id":"dbf08987-2cfd-4071-a4c1-242b8d21321a","local_time":"20210113125927","is_ascension_mode":true,"campfire_choices":[{"data":"Slimebound:Split","floor":1.0,"key":"SMITH"},{"data":"Slimebound:RainOfGoop","floor":9.0,"key":"SMITH"},{"data":"Slimebound:SlimeBrawl","floor":11.0,"key":"SMITH"},{"data":"Runesmith:CraftPrismatica","floor":18.0,"key":"SMITH"},{"data":"animator:HigakiRinne","floor":30.0,"key":"SMITH"},{"data":"Secret Weapon","floor":35.0,"key":"SMITH"},{"data":"expansioncontent:LastStand","floor":42,"key":"SMITH"}],"circlet_count":0,"master_deck":["Slimebound:Strike_Slimebound","Slimebound:Strike_Slimebound","Slimebound:Strike_Slimebound","Slimebound:Tackle","Slimebound:Defend_Slimebound+1","Slimebound:Defend_Slimebound+1","Slimebound:Split+1","Slimebound:CorrosiveSpit","Slimebound:LivingWall","Slimebound:RainOfGoop+1","Slimebound:SplitAcid","Slimebound:SlimeBrawl+1","Slimebound:Repurpose","Slimebound:AcidTongue","sneckomod:UnknownClassCULL_RED_COLOR","stsjorbsmod:Counterspell","Slimebound:SplitBruiser","Runesmith:CraftPrismatica+1","CurseOfTheBell","TightArray:ReiMu+1","hermit:FullyLoaded","animator:HigakiRinne+1","Slimebound:RallyTheTroops+1","Slimebound:Recollect","Slimebound:FormOfPuddle","J.A.X.","DoubleButterfly:ReiMu+1","Hololive_LuckPotion","Koishi:RuptureMind+1","Slimebound:DisruptingSlam+1","sneckomod:SnakeSap+1","Secret Weapon+1","Armaments+1","Slimebound:AcidTongue","MachineGunSpark+1","expansioncontent:LastStand+1"],"relics":["Slimebound:AbsorbEndCombat","downfall:HeartsMalice","hubris:Towel","Runesmith:Nanobots","PrismaticShard","Tiny Chest","Slimebound:AggressiveSlimeRelic","Calling Bell","War Paint","Slimebound:MaxSlimesRelic","WingedGreaves","Lee\u0027s Waffle","TungstenRod","downfall:RedIOU","Question Card","Molten Egg 2","MutagenicStrength","hubris:DisguiseKit","downfall:HeartBlessingGreen","Bottled Flame","hubris:Potato","Vajra"],"acts_visited":["Exordium","TheCity","TheBeyond"],"potions_floor_usage":[38,38],"damage_taken":[{"damage":0.0,"enemies":"2 Louse","floor":2.0,"turns":1.0},{"damage":0.0,"enemies":"Small Slimes","floor":3.0,"turns":1.0},{"damage":0.0,"enemies":"Jaw Worm","floor":5.0,"turns":1.0},{"damage":39.0,"enemies":"Lagavulin","floor":6.0,"turns":6.0},{"damage":28.0,"enemies":"Large Slime","floor":8.0,"turns":5.0},{"damage":11.0,"enemies":"downfall:FleeingMerchant","floor":10.0,"turns":4.0},{"damage":43.0,"enemies":"3 Sentries","floor":12.0,"turns":5.0},{"damage":14.0,"enemies":"Gremlin Nob","floor":13.0,"turns":3.0},{"damage":12.0,"enemies":"Blue Slaver","floor":14.0,"turns":3.0},{"damage":6.0,"enemies":"2 Fungi Beasts","floor":15.0,"turns":2.0},{"damage":65.0,"enemies":"downfall:Defect","floor":16.0,"turns":7.0},{"damage":23.0,"enemies":"Chosen","floor":19.0,"turns":2.0},{"damage":25.0,"enemies":"downfall:FleeingMerchant","floor":21.0,"turns":4.0},{"damage":27.0,"enemies":"downfall:FleeingMerchant","floor":26.0,"turns":4.0},{"damage":32.0,"enemies":"downfall:Augmenter","floor":27.0,"turns":6.0},{"damage":25.0,"enemies":"Centurion and Healer","floor":28.0,"turns":5.0},{"damage":36.0,"enemies":"Gremlin Leader","floor":29.0,"turns":7.0},{"damage":52.0,"enemies":"Slavers","floor":31.0,"turns":4.0},{"damage":20.0,"enemies":"Chosen and Byrds","floor":32.0,"turns":6.0},{"damage":40.0,"enemies":"downfall:Watcher","floor":33.0,"turns":6.0},{"damage":64.0,"enemies":"3 Shapes","floor":36.0,"turns":5.0},{"damage":51,"enemies":"3 Darklings","floor":38,"turns":6},{"damage":52,"enemies":"Reptomancer","floor":43,"turns":5}],"seed_played":"-8057732094333038693","potions_obtained":[{"floor":6.0,"key":"FairyPotion"},{"floor":12.0,"key":"DuplicationPotion"},{"floor":13.0,"key":"EssenceOfSteel"},{"floor":14.0,"key":"EssenceOfSteel"},{"floor":15.0,"key":"Slimebound:SpawnSlimePotion"},{"floor":16.0,"key":"Slimebound:SlimedPotion"},{"floor":27.0,"key":"AttackPotion"},{"floor":28.0,"key":"DistilledChaos"},{"floor":31.0,"key":"CultistPotion"},{"floor":32.0,"key":"ColorlessPotion"},{"floor":33.0,"key":"FearPotion"},{"floor":36.0,"key":"CultistPotion"}],"is_trial":false,"path_per_floor":["R","M","M","?","M","E","T","M","R","$","R","?","E","M","M","B",null,"R","M","?","$","?","?","T","T","$","?","M","E","R","E","M","B",null,"R","M","?","M","T","?","T","R","E"],"character_chosen":"SLIMEBOUND","items_purchased":["PrismaticShard","Lee\u0027s Waffle","TungstenRod","Slimebound:RallyTheTroops+1"],"campfire_rested":0,"item_purchase_floors":[10,21,21,26],"current_hp_per_floor":[60,60,60,60,60,36,36,24,24,33,33,34,28,34,40,3,60,60,55,55,67,67,56,56,56,57,49,48,44,44,30,36,26,72,72,23,23,14,14,14,14,14,0,0,0],"gold":373,"neow_bonus":"THREE_ENEMY_KILL","is_daily":false,"chose_seed":false,"campfire_upgraded":7,"win_rate":0.0,"timestamp":1610503167,"path_taken":["R","M","M","?","M","E","T","M","R","$","R","?","E","M","M","BOSS","R","M","?","$","?","?","T","?","$","?","M","E","R","E","M","BOSS","R","M","?","?","?","?","T","R","E"],"items_purchased_type":["Relic","Relic","Relic","Card"],"build_version":"2020-12-22","purchased_purges":0,"victory":false,"max_hp_per_floor":[60,60,60,60,60,60,60,60,60,60,60,60,60,60,60,60,60,60,60,60,67,67,72,72,72,72,72,72,72,72,72,72,72,72,72,72,72,72,72,72,72,72,72,72,72],"card_choices":[{"not_picked":["Slimebound:LeadByExample","Slimebound:RollThrough"],"picked":"Slimebound:LivingWall","floor":2.0},{"not_picked":["Slimebound:SamplingLick","Slimebound:GrowthPunch"],"picked":"Slimebound:RainOfGoop","floor":3.0},{"not_picked":["Slimebound:GrowthPunch","Slimebound:SplitLeeching"],"picked":"Slimebound:SplitAcid","floor":5.0},{"not_picked":["Slimebound:SplitAcid","Slimebound:ViciousTackle"],"picked":"Slimebound:SlimeBrawl","floor":6.0},{"not_picked":["Slimebound:SpikyOuterGoop","Slimebound:SamplingLick"],"picked":"Slimebound:Repurpose","floor":8.0},{"not_picked":["Slimebound:Equalize","Slimebound:LeadByExample"],"picked":"Slimebound:AcidTongue","floor":10.0},{"not_picked":["Bane","hermit:Snipe"],"picked":"sneckomod:UnknownClassCULL_RED_COLOR","floor":12.0},{"not_picked":["Slimebound:BestDefense","Guardian:Suspension"],"picked":"stsjorbsmod:Counterspell","floor":13.0},{"not_picked":["hexamod:Rewind","Slimebound:GrowthPunch"],"picked":"Slimebound:SplitBruiser","floor":14.0},{"not_picked":["Slimebound:RollThrough","hexamod:BacktrackSmack"],"picked":"Masterful Stab","floor":15.0},{"not_picked":["Guardian:SphericShield","KiyohimeMod:MagicCrystal"],"picked":"Runesmith:CraftPrismatica","floor":16.0},{"not_picked":["EnergyRecoil","Magicka:EarthquakeCard"],"picked":"TightArray:ReiMu+1","floor":19.0},{"not_picked":["stsjorbsmod:FranticMind","Magicka:WinterCrusherCard"],"picked":"hermit:FullyLoaded","floor":21.0},{"not_picked":["Melter+1","AlertArray:ReiMu","Runesmith:ElementalConversion"],"picked":"animator:HigakiRinne","floor":26.0},{"not_picked":[],"picked":"J.A.X.","floor":27.0},{"not_picked":["animator:TukaLunaMarceau","KiyohimeMod:FirstPremonition","sneckomod:UnknownClassPURPLE+1"],"picked":"DoubleButterfly:ReiMu+1","floor":27.0},{"not_picked":["KiyohimeMod:RedBlackKey+1","Prepared","animator:Evileye"],"picked":"Hololive_LuckPotion","floor":28.0},{"not_picked":["Impatience","sneckomod:UnknownClassCHRONO_GOLD","Madness"],"picked":"Koishi:RuptureMind+1","floor":29.0},{"not_picked":["hexamod:NightmareGuise","stsjorbsmod:FranticMind+1","Runesmith:EnergizedChisel+1","ShootingEcho"],"picked":"Slimebound:DisruptingSlam+1","floor":31.0},{"not_picked":["expansioncontent:BronzeBeam+1","Koishi:SubterraneanRose+1","HandsUpB","Acceleration"],"picked":"sneckomod:SnakeSap+1","floor":32.0},{"not_picked":["stsjorbsmod:SiphonEnergy","Meteor Strike+1","BigCrunch","AbsoluteMagnitude"],"picked":"Secret Weapon","floor":33.0},{"not_picked":["Hololive_CallHimemoriLuna+1","Consecrate+1","hexamod:GhostLash+1","AsteroidBelt"],"picked":"Armaments+1","floor":36.0},{"not_picked":["stsjorbsmod:MageArmor+1","SealNeedle:ReiMu+1","Magicka:SnowballCard+1","OortCloud"],"picked":"MachineGunSpark+1","floor":38},{"not_picked":["expansioncontent:DefensiveMode","expansioncontent:DefensiveStance","expansioncontent:AwakenDeath"],"picked":"expansioncontent:LastStand","floor":40}],"player_experience":1339606,"relics_obtained":[{"floor":6.0,"key":"Runesmith:Nanobots"},{"floor":7.0,"key":"RuthlessExorcism:ReiMu"},{"floor":12.0,"key":"Tiny Chest"},{"floor":13.0,"key":"Slimebound:AggressiveSlimeRelic"},{"floor":17.0,"key":"War Paint"},{"floor":17.0,"key":"Slimebound:MaxSlimesRelic"},{"floor":17.0,"key":"WingedGreaves"},{"floor":24.0,"key":"Question Card"},{"floor":25.0,"key":"Molten Egg 2"},{"floor":27.0,"key":"MutagenicStrength"},{"floor":29.0,"key":"hubris:DisguiseKit"},{"floor":31.0,"key":"Bottled Flame"},{"floor":39,"key":"hubris:Potato"},{"floor":41,"key":"Vajra"}],"event_choices":[{"damage_healed":0.0,"max_hp_gain":0.0,"max_hp_loss":0.0,"gold_gain":0.0,"cards_transformed":["Masterful Stab"],"event_name":"Transmorgrifier","player_choice":"Transformed","floor":37.0,"gold_loss":0.0,"damage_taken":0.0,"cards_obtained":["Slimebound:AcidTongue"]}],"is_beta":false,"boss_relics":[{"not_picked":["Slimebound:AbsorbEndCombatUpgraded","hubris:HollowSoul"],"picked":"Calling Bell"},{"not_picked":["hubris:GrandSneckoEye","hubris:BlackHole","hubris:CrackedHourglass"]}],"items_purged_floors":[],"is_endless":false,"potions_floor_spawned":[6,12,13,14,15,16,27,28,31,32,33,36],"killed_by":"Reptomancer","ascension_level":3}}