{"host":"grli52lbdph2722t","time":1610557028,"event":{"mods":["AchievementEnabler","BaseMod","Downfall","Minty Spire (QoL Compilation)","Quick Restart","StSLib"],"gold_per_floor":[99,112,130,130,13,40,40,54,79,79,106,124,24,42,53,157,157,157,176,196,213,16,32,100,118,18,48,48,63,63,89,100,100,100,100],"floor_reached":33,"language":"ENG","playtime":2042,"items_purged":["downfall:Haunted","Guardian:Strike_Guardian"],"score":476,"play_id":"1af3c53f-5803-4183-81cc-54d923e9d752","local_time":"20210113175708","is_ascension_mode":true,"campfire_choices":[{"data":"Guardian:TwinSlam","floor":1,"key":"SMITH"},{"data":"Guardian:ConstructionForm","floor":10,"key":"SMITH"},{"data":"Guardian:FuturePlans","floor":13,"key":"SMITH"},{"data":"Guardian:Orbwalk","floor":18,"key":"SMITH"},{"floor":26,"key":"RECALL"}],"circlet_count":0,"master_deck":["Guardian:Strike_Guardian","Guardian:Defend_Guardian","Guardian:Defend_Guardian","Guardian:Defend_Guardian","Guardian:Defend_Guardian","Guardian:CurlUp","Guardian:TwinSlam+1","Guardian:Suspension","Guardian:ChargeUp","Guardian:FuturePlans+1","Guardian:ShieldCharger","Guardian:PolyBeam","Guardian:BronzeOrb","Guardian:ConstructionForm+1","Guardian:ChargeCore","Guardian:Incinerate","Guardian:Orbwalk+1","Guardian:SphericShield","Guardian:TimeCapacitor","Guardian:ShieldSpikes","expansioncontent:PrepareCrush","Guardian:EvasiveProtocol","Guardian:GatlingBeam","Guardian:FuturePlans","Guardian:Orbwalk+1","Guardian:ShieldCharger+1","Guardian:FuturePlans"],"relics":["Runic Pyramid","Vajra","Matryoshka","Thread and Needle","sneckomod:BlankCard","downfall:HeartBlessingGreen","Snecko Eye","Question Card","downfall:HeartBlessingBlue","Torii","Orichalcum","Pantograph","Molten Egg 2","Strawberry"],"acts_visited":["Exordium","TheCity"],"potions_floor_usage":[],"damage_taken":[{"damage":0,"enemies":"2 Louse","floor":2,"turns":3},{"damage":1,"enemies":"Cultist","floor":3,"turns":3},{"damage":0,"enemies":"downfall:FleeingMerchant","floor":5,"turns":4},{"damage":19,"enemies":"Gremlin Nob","floor":6,"turns":5},{"damage":7,"enemies":"Jaw Worm","floor":8,"turns":3},{"damage":4,"enemies":"Lagavulin","floor":9,"turns":6},{"damage":1,"enemies":"3 Sentries","floor":11,"turns":10},{"damage":2,"enemies":"3 Louse","floor":12,"turns":3},{"damage":0,"enemies":"Exordium Wildlife","floor":14,"turns":4},{"damage":0,"enemies":"2 Fungi Beasts","floor":15,"turns":2},{"damage":15,"enemies":"downfall:Defect","floor":16,"turns":9},{"damage":0,"enemies":"Chosen","floor":19,"turns":6},{"damage":0,"enemies":"Snecko","floor":20,"turns":5},{"damage":5,"enemies":"Chosen and Byrds","floor":21,"turns":5},{"damage":0,"enemies":"downfall:FleeingMerchant","floor":22,"turns":4},{"damage":0,"enemies":"Sentry and Sphere","floor":23,"turns":4},{"damage":3,"enemies":"Snake Plant","floor":25,"turns":3},{"damage":2,"enemies":"Gremlin Leader","floor":27,"turns":7},{"damage":0,"enemies":"Cultist and Chosen","floor":29,"turns":6},{"damage":27,"enemies":"Book of Stabbing","floor":31,"turns":8},{"damage":0,"enemies":"Centurion and Healer","floor":32,"turns":8},{"damage":80,"enemies":"ArchetypeAct2MushroomsNewAge","floor":33,"turns":11}],"seed_played":"6781326152086914607","potions_obtained":[{"floor":2,"key":"hexamod:SoulburnPotion"},{"floor":8,"key":"BlessingOfTheForge"},{"floor":9,"key":"bronze:BurnAndBuffPotion"},{"floor":14,"key":"Strength Potion"},{"floor":20,"key":"DuplicationPotion"}],"is_trial":false,"path_per_floor":["R","M","M","?","$","E","T","M","E","R","E","M","R","M","M","B",null,"R","M","M","M","$","M","T","M","R","E","T","M","T","E","M","B"],"character_chosen":"GUARDIAN","items_purchased":["Guardian:ShieldCharger","expansioncontent:PrepareCrush"],"campfire_rested":0,"item_purchase_floors":[5,22],"current_hp_per_floor":[72,72,71,71,71,52,52,45,41,41,40,38,38,38,38,23,66,66,66,66,61,61,61,61,58,68,66,66,66,66,46,46,0,0,0],"gold":100,"neow_bonus":"BOSS_RELIC","is_daily":false,"chose_seed":false,"campfire_upgraded":4,"win_rate":0.0,"timestamp":1610557028,"path_taken":["R","M","M","?","$","E","T","M","E","R","E","?","R","M","M","BOSS","R","M","M","M","$","M","T","?","R","E","?","M","?","E","M","BOSS"],"items_purchased_type":["Card","Card"],"build_version":"2020-12-22","purchased_purges":2,"victory":false,"max_hp_per_floor":[80,80,80,80,80,80,80,80,80,80,80,80,80,80,80,80,80,80,80,80,80,80,80,80,80,90,90,90,90,90,97,97,97,97,97],"card_choices":[{"not_picked":["Guardian:CrystalBeam","Guardian:Gem_Lightblue"],"picked":"Guardian:Suspension","floor":2},{"not_picked":["Guardian:Reroute","Guardian:Gem_Fragmented"],"picked":"Guardian:ChargeUp","floor":3},{"not_picked":["Guardian:SentryBeam","Guardian:VentSteam"],"picked":"Guardian:FuturePlans","floor":5},{"not_picked":["Guardian:BodySlam","Guardian:Reroute"],"picked":"Guardian:PolyBeam","floor":6},{"not_picked":["Guardian:Gem_Lightblue","Guardian:ShieldCharger"],"picked":"Guardian:BronzeOrb","floor":8},{"not_picked":["Guardian:ShieldCharger","Guardian:RollAttack"],"picked":"Guardian:ConstructionForm","floor":9},{"not_picked":["Guardian:CrystalBeam","Guardian:PrimingBeam"],"picked":"Guardian:ChargeCore","floor":11},{"not_picked":["Guardian:Gem_Cyan","Guardian:CrystalBeam","Guardian:RollAttack"],"picked":"SKIP","floor":12},{"not_picked":["Guardian:FuturePlans","Guardian:TemporalShield"],"picked":"Guardian:Incinerate","floor":14},{"not_picked":["Guardian:FuturePlans","Guardian:Suspension"],"picked":"Guardian:Orbwalk","floor":15},{"not_picked":["Guardian:FastForward","Guardian:Gem_Orange"],"picked":"Guardian:SphericShield","floor":16},{"not_picked":["Guardian:CrystalBeam","Guardian:RollAttack","Guardian:PiercingHide"],"picked":"SKIP","floor":19},{"not_picked":["Guardian:Incinerate","Guardian:Planning","Guardian:Recover"],"picked":"SKIP","floor":20},{"not_picked":["Guardian:TimeBomb","Guardian:Gem_Crimson"],"picked":"Guardian:TimeCapacitor","floor":21},{"not_picked":["Guardian:TemporalShield","Guardian:PrimingBeam"],"picked":"Guardian:ShieldSpikes","floor":22},{"not_picked":["Guardian:Recover","Guardian:VentSteam"],"picked":"Guardian:EvasiveProtocol","floor":23},{"not_picked":["Guardian:Suspension","Guardian:RollAttack","Guardian:Harden"],"picked":"Guardian:GatlingBeam","floor":25},{"not_picked":["Guardian:BronzeArmor+1","Guardian:Recover","Guardian:Clone"],"picked":"Guardian:FuturePlans","floor":27},{"not_picked":["Guardian:WalkerClaw","Guardian:RefractedBeam","Guardian:TemporalShield"],"picked":"Guardian:Orbwalk+1","floor":29},{"not_picked":["Guardian:PrimingBeam+1","Guardian:Incinerate+1","Guardian:CrystalBeam+1"],"picked":"Guardian:ShieldCharger+1","floor":31},{"not_picked":["Guardian:SpikerProtocol+1","Guardian:RefractedBeam+1","Guardian:Suspension"],"picked":"Guardian:FuturePlans","floor":32}],"player_experience":4984786,"relics_obtained":[{"floor":6,"key":"Vajra"},{"floor":7,"key":"Matryoshka"},{"floor":9,"key":"Thread and Needle"},{"floor":11,"key":"sneckomod:BlankCard"},{"floor":24,"key":"Question Card"},{"floor":27,"key":"Torii"},{"floor":28,"key":"Orichalcum"},{"floor":28,"key":"Pantograph"},{"floor":30,"key":"Molten Egg 2"},{"floor":31,"key":"Strawberry"}],"event_choices":[],"is_beta":false,"boss_relics":[{"not_picked":["Tiny House","Black Star"],"picked":"Snecko Eye"}],"items_purged_floors":[5,22],"is_endless":false,"potions_floor_spawned":[2,8,9,14,15,20,21,29,31,32],"killed_by":"ArchetypeAct2MushroomsNewAge","ascension_level":9}}