{"host":"1fgbilnqahig8ycc","time":1610513297,"event":{"mods":["AchievementEnabler","Astrologer","BaseMod","Bestiary","BetterRewards","Clockwork Mod","Colored Map","Colored Powertips","Downfall","Energized Spire","Friendly Minions","Hermit","Hubris","Jorbs\u0027s Wanderer Trilogy","Minty Spire (QoL Compilation)","Quick Restart","Replay The Spire","StSLib","The Administrix","The Bug Knight","The Cursed","The Gatherer","The Marked","The Servant 0.9.4"],"gold_per_floor":[113,124,274,291,280,280,36,65,116,116,171,189,189,199,199,199,199],"floor_reached":16,"language":"ENG","playtime":1017,"items_purged":["theMarked:Strike","Regret"],"score":102,"play_id":"f3c9bab2-71d3-4089-b318-619bb85b7563","local_time":"20210112204817","is_ascension_mode":false,"campfire_choices":[{"floor":6,"key":"REST"},{"floor":10,"key":"RECALL"},{"floor":15,"key":"REST"}],"circlet_count":0,"master_deck":["theMarked:Strike","theMarked:Strike","theMarked:Strike","theMarked:Defend","theMarked:Defend","theMarked:Defend","theMarked:Defend","theMarked:SoldierOfQuellstein","theMarked:Opportunist","theMarked:TurnInvisible","theMarked:EmpowerWeapon","theMarked:TwofoldDefense","theMarked:Improvise","theMarked:Aftermath"],"relics":["theMarked:ArtifactOfAir","Replay:PocketPolymizer","hubris:OldNail","hubris:FruitBowl","ReplayTheSpireMod:CursedCoin","HollowMod:StagPassRelic","Singing Bowl","Bottled Lightning","Blood Vial","Blue Doll"],"acts_visited":["Exordium"],"potions_floor_usage":[4,8,16],"damage_taken":[{"damage":0,"enemies":"Cultist","floor":1,"turns":4},{"damage":1,"enemies":"Jaw Worm","floor":2,"turns":4},{"damage":2,"enemies":"Small Slimes","floor":4,"turns":4},{"damage":0,"enemies":"Exordium Thugs","floor":5,"turns":4},{"damage":20,"enemies":"HollowMod:MossKnight","floor":8,"turns":12},{"damage":3,"enemies":"Gremlin Gang","floor":12,"turns":6},{"damage":0,"enemies":"Looter","floor":14,"turns":5},{"damage":35,"enemies":"Slime Boss","floor":16,"turns":9}],"seed_played":"2582867187434404359","potions_obtained":[{"floor":2,"key":"PowerPotion"},{"floor":5,"key":"hexamod:EctoCoolerPotion"},{"floor":12,"key":"Milkshake"},{"floor":14,"key":"Languid Potion"}],"is_trial":false,"path_per_floor":["M","M","$","M","M","R","$","E","T","R","T","M","?","M","R","B"],"character_chosen":"THE_DEFAULT","items_purchased":["hubris:OldNail","theMarked:Opportunist","hubris:FruitBowl","ReplayTheSpireMod:CursedCoin","HollowMod:StagPassRelic","Singing Bowl"],"campfire_rested":2,"item_purchase_floors":[0,0,3,3,3,7],"current_hp_per_floor":[49,48,8,6,6,27,27,10,10,10,10,9,9,11,32,0,0],"gold":199,"neow_bonus":"","is_daily":false,"chose_seed":false,"campfire_upgraded":0,"win_rate":0.0,"timestamp":1610513297,"path_taken":["M","M","?","M","M","R","$","E","T","R","?","M","?","M","R","BOSS"],"items_purchased_type":["Relic","Card","Relic","Relic","Relic","Relic"],"build_version":"2020-12-22","purchased_purges":2,"victory":false,"max_hp_per_floor":[70,70,70,70,70,70,70,73,73,73,73,73,73,73,73,73,73],"card_choices":[{"not_picked":["theMarked:Aftermath","theMarked:RogueSparks","theMarked:ResourceFulStrike"],"picked":"SKIP","floor":1},{"not_picked":["theMarked:Static","theMarked:TwofoldDefense"],"picked":"theMarked:EmpowerWeapon","floor":2},{"not_picked":["theMarked:LightningStrikesTwice","theMarked:ResourceFulStrike"],"picked":"theMarked:TwofoldDefense","floor":4},{"not_picked":["theMarked:TwofoldDefense","theMarked:CreepingChasm","theMarked:ThrowWeapon"],"picked":"SKIP","floor":5},{"not_picked":["theMarked:WardOff","theMarked:FavorableWinds","theMarked:RepellingDischarge"],"picked":"Singing Bowl","floor":8},{"not_picked":["theMarked:BanishingStrike","theMarked:ElementalBlade"],"picked":"theMarked:Improvise","floor":12},{"not_picked":["theMarked:WastefulAttack","theMarked:WardOff"],"picked":"theMarked:Aftermath","floor":14}],"player_experience":366726,"relics_obtained":[{"floor":8,"key":"Bottled Lightning"},{"floor":9,"key":"Blood Vial"},{"floor":11,"key":"Blue Doll"}],"event_choices":[{"cards_removed":["theMarked:Strike"],"damage_healed":0,"gold_gain":0,"player_choice":"Purged","damage_taken":0,"max_hp_gain":0,"max_hp_loss":0,"event_name":"Purifier","floor":13,"gold_loss":0}],"is_beta":false,"boss_relics":[],"items_purged_floors":[0,3],"is_endless":false,"potions_floor_spawned":[2,5,12,14],"killed_by":"Slime Boss","ascension_level":0}}