{"host":"vyjryxuuuxkt43k4","time":1610551493,"event":{"mods":["BaseMod","Colored Map","DeckTracker","Minty Spire (QoL Compilation)","Permanent Neow","Quick Restart","StSLib","SuperFastMode","everything is the same but u backflip on backflip"],"gold_per_floor":[110,123,133,54,54,87,4,4,86,86,116,126,201,212,212,315,315,330,350,365,379,51,84,84,116,192,192,192,208,208,208,208,310,310,326,343,28,328,347,347,373,387,387,387,287,300,350,382,382,382,382],"floor_reached":50,"language":"KOR","playtime":2137,"items_purged":["Defend_R","Defend_R"],"score":819,"play_id":"94a410cd-204d-4611-acf8-1296765cc821","local_time":"20210114002453","is_ascension_mode":true,"campfire_choices":[{"data":"Immolate","floor":8.0,"key":"SMITH"},{"floor":10.0,"key":"REST"},{"data":"Metallicize","floor":15.0,"key":"SMITH"},{"floor":24.0,"key":"REST"},{"floor":27.0,"key":"REST"},{"data":"Apotheosis","floor":30.0,"key":"SMITH"},{"data":"Ghostly","floor":32.0,"key":"SMITH"},{"data":"Barricade","floor":40.0,"key":"SMITH"},{"data":"Ghostly","floor":44.0,"key":"SMITH"},{"floor":49.0,"key":"RECALL"}],"circlet_count":0,"master_deck":["Strike_R","Strike_R","Strike_R+1","Strike_R","Strike_R","Defend_R","Defend_R","Bash","Feel No Pain","Shrug It Off","Iron Wave+1","Dropkick","Twin Strike","Combust","Immolate+1","Metallicize+1","Spot Weakness","Perfected Strike+1","Cleave+1","Wild Strike+1","Heavy Blade+1","Bludgeon+1","Flex+1","Body Slam+1","Heavy Blade+1","Armaments+1","Wild Strike+1","Second Wind+1","Battle Trance+1","Body Slam+1","Apotheosis+1","Power Through","Barricade+1","Ghostly Armor","Dark Embrace","Ghostly+1","Ghostly+1","Ghostly","Ghostly","Ghostly","Reaper+1","Headbutt+1","Sentinel+1","Shockwave+1","Shrug It Off+1","Warcry+1","Evolve+1","Rupture+1","Perfected Strike+1","Inflame+1","Pommel Strike+1"],"relics":["Burning Blood","Prayer Wheel","Orichalcum","Pen Nib","Molten Egg 2","Mercury Hourglass","Philosopher\u0027s Stone","Medical Kit","Lantern","Whetstone","Gremlin Horn","Sozu","Bottled Tornado","HornCleat","Ginger","Potion Belt"],"acts_visited":["Exordium","TheCity","TheBeyond"],"potions_floor_usage":[],"damage_taken":[{"damage":1.0,"enemies":"Cultist","floor":1.0,"turns":4.0},{"damage":14.0,"enemies":"Small Slimes","floor":2.0,"turns":5.0},{"damage":0.0,"enemies":"2 Louse","floor":3.0,"turns":3.0},{"damage":27.0,"enemies":"Gremlin Nob","floor":6.0,"turns":5.0},{"damage":17.0,"enemies":"Lagavulin","floor":11.0,"turns":8.0},{"damage":2.0,"enemies":"Looter","floor":12.0,"turns":3.0},{"damage":0.0,"enemies":"3 Louse","floor":14.0,"turns":3.0},{"damage":4.0,"enemies":"Slime Boss","floor":16.0,"turns":6.0},{"damage":28.0,"enemies":"3 Byrds","floor":18.0,"turns":4.0},{"damage":6.0,"enemies":"Shell Parasite","floor":19.0,"turns":2.0},{"damage":28.0,"enemies":"Snake Plant","floor":20.0,"turns":3.0},{"damage":0.0,"enemies":"Centurion and Healer","floor":21.0,"turns":2.0},{"damage":28.0,"enemies":"Slavers","floor":23.0,"turns":4.0},{"damage":33.0,"enemies":"Book of Stabbing","floor":25.0,"turns":5.0},{"damage":23.0,"enemies":"Chosen and Byrds","floor":29.0,"turns":4.0},{"damage":29.0,"enemies":"Collector","floor":33.0,"turns":8.0},{"damage":10.0,"enemies":"3 Shapes","floor":35.0,"turns":3.0},{"damage":17.0,"enemies":"3 Darklings","floor":36.0,"turns":5.0},{"damage":12.0,"enemies":"Maw","floor":39.0,"turns":8.0},{"damage":29.0,"enemies":"Reptomancer","floor":41.0,"turns":7.0},{"damage":0.0,"enemies":"Transient","floor":42.0,"turns":5.0},{"damage":6.0,"enemies":"Jaw Worm Horde","floor":46.0,"turns":3.0},{"damage":13.0,"enemies":"Mind Bloom Boss Battle","floor":47.0,"turns":5.0},{"damage":31.0,"enemies":"Giant Head","floor":48.0,"turns":6.0},{"damage":9,"enemies":"Awakened One","floor":50,"turns":3}],"seed_played":"3985678603023299388","potions_obtained":[{"floor":2.0,"key":"Explosive Potion"},{"floor":6.0,"key":"Dexterity Potion"},{"floor":11.0,"key":"Fire Potion"},{"floor":12.0,"key":"SkillPotion"},{"floor":18.0,"key":"Energy Potion"},{"floor":20.0,"key":"Block Potion"},{"floor":21.0,"key":"Swift Potion"},{"floor":33.0,"key":"FearPotion"}],"is_trial":false,"path_per_floor":["M","M","M","$","?","E","$","R","T","R","E","M","?","M","R","B",null,"M","M","M","M","$","E","R","E","T","R","?","M","R","?","R","B",null,"M","M","$","?","M","R","E","M","T","R","$","M","?","E","R","B"],"character_chosen":"IRONCLAD","items_purchased":["Combust","Metallicize","BlessingOfTheForge","Apotheosis","Medical Kit","Bottled Tornado"],"campfire_rested":3,"item_purchase_floors":[4,7,7,22,22,37],"current_hp_per_floor":[61,53,59,59,52,31,31,31,31,55,44,48,37,43,43,45,71,49,49,27,33,33,11,35,8,8,32,58,41,41,40,40,17,34,30,40,40,40,34,34,26,40,40,40,40,40,33,8,8,0,0],"gold":382,"neow_bonus":"ONE_RARE_RELIC","is_daily":false,"chose_seed":false,"campfire_upgraded":6,"win_rate":0.0,"timestamp":1610551493,"path_taken":["M","M","M","$","?","E","$","R","T","R","E","M","?","M","R","BOSS","M","M","M","M","$","E","R","E","T","R","?","M","R","?","R","BOSS","M","M","$","?","M","R","E","M","T","R","$","?","?","E","R","BOSS"],"items_purchased_type":["Card","Card","Potion","Card","Relic","Relic"],"build_version":"2020-12-22","purchased_purges":2,"victory":false,"max_hp_per_floor":[80,80,80,80,80,80,80,80,80,80,80,80,80,80,80,80,80,80,80,80,80,80,80,80,80,80,80,80,80,80,40,40,40,40,40,40,40,40,40,40,40,40,40,40,40,40,40,40,40,40,40],"card_choices":[{"not_picked":["Dark Embrace","Metallicize"],"picked":"Feel No Pain","floor":1.0},{"not_picked":["Headbutt","Feel No Pain"],"picked":"Shrug It Off","floor":1.0},{"not_picked":["Rage","Anger"],"picked":"Iron Wave","floor":2.0},{"not_picked":["Warcry","Entrench"],"picked":"Dropkick","floor":2.0},{"not_picked":["Sever Soul","Armaments"],"picked":"Twin Strike","floor":3.0},{"not_picked":["Dropkick","Anger","Warcry"],"picked":"SKIP","floor":3.0},{"not_picked":["Entrench","Anger"],"picked":"Immolate","floor":6.0},{"not_picked":["Rupture","Flex"],"picked":"Spot Weakness","floor":11.0},{"not_picked":["Reckless Charge+1","Warcry"],"picked":"Perfected Strike+1","floor":12.0},{"not_picked":["Clash+1","Sword Boomerang+1"],"picked":"Cleave+1","floor":12.0},{"not_picked":["Evolve","Warcry"],"picked":"Wild Strike+1","floor":14.0},{"not_picked":["True Grit","Anger+1"],"picked":"Heavy Blade+1","floor":14.0},{"not_picked":["Fiend Fire+1","Impervious"],"picked":"Bludgeon+1","floor":16.0},{"not_picked":["Clash+1","Disarm"],"picked":"Flex+1","floor":18.0},{"not_picked":["Reckless Charge+1","Searing Blow+1"],"picked":"Body Slam+1","floor":18.0},{"not_picked":["Intimidate","Body Slam+1"],"picked":"Heavy Blade+1","floor":19.0},{"not_picked":["Sword Boomerang+1","Feel No Pain"],"picked":"Armaments+1","floor":19.0},{"not_picked":["Iron Wave+1","Clothesline+1"],"picked":"Wild Strike+1","floor":20.0},{"not_picked":["Battle Trance","Sever Soul+1"],"picked":"Second Wind+1","floor":20.0},{"not_picked":["Twin Strike+1","Shrug It Off+1"],"picked":"Battle Trance+1","floor":21.0},{"not_picked":["Cleave+1","Reckless Charge+1"],"picked":"Body Slam+1","floor":21.0},{"not_picked":["True Grit","Flex"],"picked":"Power Through","floor":23.0},{"not_picked":["Heavy Blade+1","Bloodletting"],"picked":"Barricade","floor":25.0},{"not_picked":["Cleave+1","Iron Wave+1"],"picked":"Ghostly Armor","floor":29.0},{"not_picked":["Pommel Strike+1","Heavy Blade+1"],"picked":"Dark Embrace","floor":29.0},{"not_picked":["Limit Break","Bludgeon+1"],"picked":"Reaper+1","floor":33.0},{"not_picked":["Inflame","Hemokinesis+1"],"picked":"Headbutt+1","floor":35.0},{"not_picked":["Sword Boomerang+1","Heavy Blade+1"],"picked":"Sentinel+1","floor":35.0},{"not_picked":["Berserk","Sentinel"],"picked":"Shockwave+1","floor":36.0},{"not_picked":["Warcry","Havoc+1"],"picked":"Shrug It Off+1","floor":36.0},{"not_picked":["Dropkick+1","Reckless Charge+1"],"picked":"Warcry+1","floor":39.0},{"not_picked":["Cleave+1","Iron Wave+1"],"picked":"Evolve+1","floor":39.0},{"not_picked":["Heavy Blade+1","Sword Boomerang+1"],"picked":"Rupture+1","floor":41.0},{"not_picked":["Metallicize","Double Tap"],"picked":"Perfected Strike+1","floor":42.0},{"not_picked":["Body Slam+1","Intimidate"],"picked":"Inflame+1","floor":42.0},{"not_picked":["Rage","Flex+1","Dark Embrace"],"picked":"SKIP","floor":46.0},{"not_picked":["Battle Trance+1","Searing Blow+1","Headbutt+1"],"picked":"SKIP","floor":46.0},{"not_picked":["Heavy Blade+1","Spot Weakness"],"picked":"Pommel Strike+1","floor":47.0},{"not_picked":["Havoc","Clothesline+1","Cleave+1"],"picked":"SKIP","floor":48.0}],"player_experience":255571,"relics_obtained":[{"floor":6.0,"key":"Pen Nib"},{"floor":9.0,"key":"Molten Egg 2"},{"floor":11.0,"key":"Mercury Hourglass"},{"floor":23.0,"key":"Lantern"},{"floor":25.0,"key":"Whetstone"},{"floor":26.0,"key":"Gremlin Horn"},{"floor":41.0,"key":"HornCleat"},{"floor":47.0,"key":"Ginger"},{"floor":48.0,"key":"Potion Belt"}],"event_choices":[{"damage_healed":0.0,"max_hp_gain":0.0,"max_hp_loss":0.0,"gold_gain":0.0,"event_name":"Scrap Ooze","player_choice":"Success","floor":5.0,"gold_loss":0.0,"damage_taken":7.0,"relics_obtained":["Orichalcum"]},{"damage_healed":0.0,"max_hp_gain":0.0,"max_hp_loss":0.0,"gold_gain":75.0,"event_name":"World of Goop","player_choice":"Gather Gold","floor":13.0,"gold_loss":0.0,"damage_taken":11.0},{"damage_healed":26.0,"max_hp_gain":0.0,"max_hp_loss":0.0,"gold_gain":0.0,"event_name":"The Library","player_choice":"Heal","floor":28.0,"gold_loss":0.0,"damage_taken":0.0},{"damage_healed":0.0,"max_hp_gain":0.0,"max_hp_loss":40.0,"gold_gain":0.0,"event_name":"Ghosts","player_choice":"Became a Ghost","floor":31.0,"gold_loss":0.0,"damage_taken":0.0,"cards_obtained":["Ghostly","Ghostly","Ghostly","Ghostly","Ghostly"]},{"damage_healed":0.0,"max_hp_gain":0.0,"max_hp_loss":0.0,"gold_gain":300.0,"event_name":"Wheel of Change","player_choice":"Gold","floor":38.0,"gold_loss":0.0,"damage_taken":0.0},{"damage_healed":0.0,"max_hp_gain":0.0,"max_hp_loss":0.0,"gold_gain":0.0,"event_name":"MindBloom","player_choice":"Fight","floor":47.0,"gold_loss":0.0,"damage_taken":0.0}],"is_beta":false,"boss_relics":[{"not_picked":["Runic Cube","Fusion Hammer"],"picked":"Philosopher\u0027s Stone"},{"not_picked":["Tiny House","Black Blood"],"picked":"Sozu"}],"items_purged_floors":[37,45],"is_endless":false,"potions_floor_spawned":[2,6,11,12,18,20,21,33,36,39,46],"killed_by":"Awakened One","ascension_level":5}}