{"host":"uv231blk40vjdojr","time":1610561785,"event":{"mods":["AchievementEnabler","BaseMod","Bestiary","Filter the Spire","Minty Spire (QoL Compilation)","Relic Stats"],"gold_per_floor":[118,68,68,79,79,106,106,137,137,137,150,150,22,36,36,137,137,149,160,179,192,192,220,220,220,220,252,9,9,28,28,28,131,131,147,1146,1146,1158,1168,1168,1194,556,579,613,623,652,652,672,672,672,672,672,110,142,142],"floor_reached":56,"language":"ENG","playtime":2928,"items_purged":["LessonLearned+1","Writhe","Normality","FlurryOfBlows+1"],"score":1383,"play_id":"181f3f33-8c8c-47c9-acb2-00a952a18dba","local_time":"20210113191625","is_ascension_mode":false,"campfire_choices":[{"data":"CarveReality","floor":7.0,"key":"SMITH"},{"data":"Indignation","floor":12,"key":"SMITH"},{"data":"FlurryOfBlows","floor":15,"key":"SMITH"},{"data":"CrushJoints","floor":24,"key":"SMITH"},{"data":"Vengeance","floor":29,"key":"SMITH"},{"data":"Tantrum","floor":32,"key":"SMITH"},{"floor":40,"key":"RECALL"},{"floor":49,"key":"REST"},{"data":"LessonLearned","floor":52,"key":"PURGE"}],"circlet_count":0,"master_deck":["Eruption+1","Vigilance","ThirdEye+1","EmptyBody","CarveReality+1","CutThroughFate+1","Vengeance+1","Indignation+1","Blasphemy+1","CrushJoints+1","DevaForm+1","Adaptation+1","Tantrum+1","ThirdEye+1","Study","CutThroughFate+1","Fasting2+1","Wireheading+1","TalkToTheHand+1","Wallop","Master of Strategy","DeceiveReality"],"relics":["Pandora\u0027s Box","Gambling Chip","Meat on the Bone","Ginger","Pantograph","Sozu","Omamori","Nunchaku","Necronomicon","InkBottle","Oddly Smooth Stone","Pen Nib","Fusion Hammer","Happy Flower","Bag of Preparation","Centennial Puzzle","Toolbox","Kunai","Peace Pipe","TheAbacus","Letter Opener"],"acts_visited":["Exordium","TheCity","TheBeyond","TheEnding"],"potions_floor_usage":[20,55],"damage_taken":[{"damage":0.0,"enemies":"Jaw Worm","floor":1.0,"turns":3.0},{"damage":0.0,"enemies":"2 Louse","floor":4.0,"turns":2.0},{"damage":11.0,"enemies":"Lagavulin","floor":6.0,"turns":4.0},{"damage":6,"enemies":"Gremlin Nob","floor":8,"turns":3},{"damage":0,"enemies":"Small Slimes","floor":11,"turns":1},{"damage":0,"enemies":"3 Louse","floor":14,"turns":1},{"damage":0,"enemies":"Slime Boss","floor":16,"turns":1},{"damage":0,"enemies":"Spheric Guardian","floor":18,"turns":2},{"damage":0,"enemies":"Chosen","floor":19,"turns":2},{"damage":7,"enemies":"Centurion and Healer","floor":20,"turns":4},{"damage":3,"enemies":"Shelled Parasite and Fungi","floor":21,"turns":2},{"damage":0,"enemies":"Gremlin Leader","floor":23,"turns":1},{"damage":4,"enemies":"Book of Stabbing","floor":27,"turns":2},{"damage":0,"enemies":"Snecko","floor":30,"turns":1},{"damage":30,"enemies":"Champ","floor":33,"turns":3},{"damage":1,"enemies":"Orb Walker","floor":35,"turns":3},{"damage":0,"enemies":"3 Darklings","floor":38,"turns":2},{"damage":4,"enemies":"Writhing Mass","floor":39,"turns":4},{"damage":0,"enemies":"Reptomancer","floor":41,"turns":2},{"damage":13,"enemies":"Giant Head","floor":44,"turns":4},{"damage":9,"enemies":"4 Shapes","floor":45,"turns":2},{"damage":36,"enemies":"Nemesis","floor":46,"turns":3},{"damage":0,"enemies":"Sphere and 2 Shapes","floor":48,"turns":3},{"damage":12,"enemies":"Awakened One","floor":50,"turns":6},{"damage":51,"enemies":"Shield and Spear","floor":54,"turns":4},{"damage":31,"enemies":"The Heart","floor":55,"turns":6}],"seed_played":"-699425611486934014","potions_obtained":[{"floor":8,"key":"BottledMiracle"},{"floor":16,"key":"Energy Potion"}],"is_trial":false,"path_per_floor":["M","?","$","M","?","E","R","E","T","?","M","R","$","M","R","B",null,"M","M","M","M","?","E","R","?","T","E","$","R","M","?","R","B",null,"M","?","?","M","M","R","E","$","T","E","M","E","?","M","R","B",null,"R","$","E","B",null],"character_chosen":"WATCHER","items_purchased":["FlurryOfBlows","Pen Nib","Bag of Preparation","Centennial Puzzle","Toolbox","Wireheading","TheAbacus","Wallop","Master of Strategy"],"campfire_rested":1,"item_purchase_floors":[13,28,42,42,42,42,53,53,53],"current_hp_per_floor":[72,72,72,72,77,66,66,60,60,57,57,57,57,57,57,77,77,77,77,70,67,67,67,67,51,51,47,47,47,47,47,47,42,77,76,76,76,76,72,72,72,72,72,59,50,26,26,38,61,65,77,77,77,38,44],"gold":142,"neow_bonus":"BOSS_RELIC","is_daily":false,"chose_seed":false,"campfire_upgraded":6,"win_rate":0.0,"timestamp":1610561785,"path_taken":["M","?","$","M","?","E","R","E","T","?","M","R","$","M","R","BOSS","M","M","M","M","?","E","R","?","T","E","$","R","M","?","R","BOSS","M","?","?","M","M","R","E","$","T","E","M","E","?","M","R","BOSS","R","$","E","BOSS"],"items_purchased_type":["Card","Relic","Relic","Relic","Relic","Card","Relic","Card","Card"],"build_version":"2020-12-22","purchased_purges":4,"victory":true,"max_hp_per_floor":[72,72,72,72,77,77,77,77,77,77,77,77,77,77,77,77,77,77,77,77,77,77,77,77,77,77,77,77,77,77,77,77,77,77,77,77,77,77,77,77,77,77,77,77,77,77,77,77,77,77,77,77,77,77,77],"relic_stats":{"Happy Flower":[9],"counters":[26,71],"Pen Nib":[11],"Bag of Preparation":[14],"Ginger":[6],"Letter Opener":[20],"Sozu":8,"Peace Pipe":1,"Nunchaku":[12],"Centennial Puzzle":[18],"TheAbacus":[42],"Gambling Chip":[51],"Pantograph":86,"Pandora\u0027s Box":["ThirdEye","EmptyBody","LessonLearned","SandsOfTime","CarveReality","CutThroughFate","Vengeance","Indignation"],"Necronomicon":[7],"Kunai":[13],"obtain_stats":[{"Happy Flower":41,"Oddly Smooth Stone":27,"Pen Nib":28,"Omamori":22,"Bag of Preparation":42,"Ginger":9,"Letter Opener":54,"Sozu":17,"Peace Pipe":46,"Nunchaku":23,"Centennial Puzzle":42,"TheAbacus":53,"Gambling Chip":6,"Pantograph":10,"Toolbox":42,"Pandora\u0027s Box":0,"Fusion Hammer":34,"Necronomicon":25,"Kunai":44,"PureWater":0,"InkBottle":26,"Meat on the Bone":8},{"Happy Flower":19,"Oddly Smooth Stone":13,"Pen Nib":13,"Omamori":11,"Bag of Preparation":19,"Ginger":4,"Letter Opener":25,"Sozu":7,"Peace Pipe":22,"Nunchaku":12,"Centennial Puzzle":19,"TheAbacus":24,"Gambling Chip":3,"Pantograph":4,"Toolbox":19,"Pandora\u0027s Box":0,"Fusion Hammer":15,"Necronomicon":12,"Kunai":20,"PureWater":0,"InkBottle":12,"Meat on the Bone":4},{"Happy Flower":43,"Oddly Smooth Stone":28,"Pen Nib":28,"Omamori":25,"Bag of Preparation":43,"Ginger":12,"Letter Opener":65,"Sozu":15,"Peace Pipe":52,"Nunchaku":26,"Centennial Puzzle":43,"TheAbacus":61,"Gambling Chip":9,"Pantograph":12,"Toolbox":43,"Pandora\u0027s Box":0,"Fusion Hammer":32,"Necronomicon":26,"Kunai":47,"PureWater":0,"InkBottle":26,"Meat on the Bone":12}],"InkBottle":[25],"Meat on the Bone":48},"card_choices":[{"not_picked":["SashWhip","Prostrate","EmptyBody"],"picked":"SKIP","floor":1.0},{"not_picked":["FollowUp","BowlingBash","ReachHeaven"],"picked":"SKIP","floor":4.0},{"not_picked":["Vengeance","EmptyBody"],"picked":"Blasphemy","floor":6.0},{"not_picked":["EmptyFist","WaveOfTheHand","Wallop"],"picked":"SKIP","floor":8},{"not_picked":["Wallop","SignatureMove","EmptyFist"],"picked":"SKIP","floor":11},{"not_picked":["CarveReality","CutThroughFate"],"picked":"CrushJoints","floor":14},{"not_picked":["DeusExMachina","Establishment"],"picked":"DevaForm","floor":16},{"not_picked":["Prostrate","BowlingBash","EmptyFist+1"],"picked":"SKIP","floor":18},{"not_picked":["ThirdEye","EmptyBody","Study"],"picked":"SKIP","floor":19},{"not_picked":["Judgement","FlyingSleeves"],"picked":"Adaptation+1","floor":20},{"not_picked":["ClearTheMind","CutThroughFate","BattleHymn"],"picked":"SKIP","floor":21},{"not_picked":["Wallop","Crescendo","Halt"],"picked":"SKIP","floor":23},{"not_picked":["BowlingBash","Blasphemy","Sanctity"],"picked":"SKIP","floor":27},{"not_picked":["CrushJoints","Evaluate","BowlingBash+1"],"picked":"SKIP","floor":30},{"not_picked":["CutThroughFate","Consecrate"],"picked":"ThirdEye+1","floor":35},{"not_picked":["Perseverance","SashWhip+1"],"picked":"Study","floor":38},{"not_picked":["FollowUp+1","CrushJoints"],"picked":"CutThroughFate+1","floor":39},{"not_picked":["Collect","Omniscience"],"picked":"Fasting2+1","floor":41},{"not_picked":["SandsOfTime+1","Establishment"],"picked":"LessonLearned","floor":44},{"not_picked":["Consecrate+1","Evaluate","WindmillStrike+1"],"picked":"SKIP","floor":45},{"not_picked":["Blasphemy","Pray","SignatureMove+1"],"picked":"SKIP","floor":46},{"not_picked":["Conclude","Swivel+1"],"picked":"TalkToTheHand+1","floor":48},{"not_picked":["CutThroughFate","PathToVictory"],"picked":"DeceiveReality","floor":54}],"player_experience":682903,"relics_obtained":[{"floor":6.0,"key":"Gambling Chip"},{"floor":8,"key":"Meat on the Bone"},{"floor":9,"key":"Ginger"},{"floor":23,"key":"Nunchaku"},{"floor":25,"key":"Necronomicon"},{"floor":26,"key":"InkBottle"},{"floor":27,"key":"Oddly Smooth Stone"},{"floor":41,"key":"Happy Flower"},{"floor":44,"key":"Kunai"},{"floor":46,"key":"Peace Pipe"},{"floor":54,"key":"Letter Opener"}],"event_choices":[{"cards_removed":["SandsOfTime"],"damage_healed":0.0,"max_hp_gain":0.0,"max_hp_loss":0.0,"gold_gain":0.0,"event_name":"The Cleric","player_choice":"Card Removal","floor":2.0,"gold_loss":50.0,"damage_taken":0.0},{"damage_healed":0.0,"max_hp_gain":5.0,"max_hp_loss":0.0,"gold_gain":0.0,"event_name":"Big Fish","player_choice":"Donut","floor":5.0,"gold_loss":0.0,"damage_taken":0.0},{"damage_healed":0,"gold_gain":0,"player_choice":"Success","damage_taken":3,"relics_obtained":["Pantograph"],"max_hp_gain":0,"max_hp_loss":0,"event_name":"Scrap Ooze","floor":10,"gold_loss":0},{"damage_healed":0,"gold_gain":0,"player_choice":"Opened","damage_taken":0,"relics_obtained":["Omamori"],"max_hp_gain":0,"max_hp_loss":0,"event_name":"The Mausoleum","floor":22,"gold_loss":0,"cards_obtained":["Writhe"]},{"damage_healed":0,"gold_gain":0,"player_choice":"Obtained Book","damage_taken":16,"max_hp_gain":0,"max_hp_loss":0,"event_name":"Cursed Tome","floor":25,"gold_loss":0},{"damage_healed":0,"gold_gain":0,"player_choice":"Read","damage_taken":0,"max_hp_gain":0,"max_hp_loss":0,"event_name":"The Library","floor":31,"gold_loss":0,"cards_obtained":["Tantrum"]},{"damage_healed":0,"gold_gain":999,"player_choice":"Gold","damage_taken":0,"max_hp_gain":0,"max_hp_loss":0,"event_name":"MindBloom","floor":36,"gold_loss":0,"cards_obtained":["Normality","Normality"]},{"damage_healed":0,"gold_gain":0,"player_choice":"Memory 1","damage_taken":0,"max_hp_gain":0,"max_hp_loss":0,"event_name":"SensoryStone","floor":37,"gold_loss":0},{"damage_healed":0,"gold_gain":0,"player_choice":"Bought 0 Potions","damage_taken":0,"max_hp_gain":0,"max_hp_loss":0,"event_name":"The Woman in Blue","floor":47,"gold_loss":0}],"is_beta":false,"boss_relics":[{"not_picked":["Runic Pyramid","Snecko Eye"],"picked":"Sozu"},{"not_picked":["Busted Crown","Calling Bell"],"picked":"Fusion Hammer"}],"items_purged_floors":[13,28,42,53],"is_endless":false,"potions_floor_spawned":[8,16,18,21,27,30,33,38,41,45],"ascension_level":0}}