{"host":"11728qvdvolffudn","time":1610554361,"event":{"mods":["BaseMod","Block Reminder","Colored Powertips","Curses Come First","Custom Start","Displayed Cursed Tome","Highlight Path","Minty Spire (QoL Compilation)","Permanent Neow","Quick Restart","Rare Cards Sparkle","Relic Stats","StSLib"],"gold_per_floor":[117,194,5,23,23,23,38,54,54,72,72,37,49,65,65,165,165,181,37,37,27,45,45,45,45],"floor_reached":24,"language":"ENG","playtime":1037,"items_purged":[],"score":240,"play_id":"ff9a32d2-bebc-4289-9350-35d9f41c8aae","local_time":"20210113161241","is_ascension_mode":false,"campfire_choices":[{"data":"Feed","floor":6,"key":"SMITH"},{"data":"Flex","floor":11,"key":"SMITH"},{"data":"Bash","floor":15,"key":"SMITH"},{"data":"Limit Break","floor":23,"key":"SMITH"}],"circlet_count":0,"master_deck":["Strike_R","Strike_R","Strike_R","Strike_R","Strike_R","Defend_R","Defend_R","Defend_R","Defend_R","Bash+1","Pain","Feed+1","Flex+1","Pummel","Shrug It Off","Dropkick","Feed","Feed+1","Limit Break+1","Battle Trance"],"relics":["Burning Blood","Chemical X","Mercury Hourglass","Black Star","Membership Card"],"acts_visited":["Exordium","TheCity"],"potions_floor_usage":[16,16,16,16,22],"damage_taken":[{"damage":2,"enemies":"Small Slimes","floor":1,"turns":3},{"damage":9,"enemies":"2 Louse","floor":4,"turns":3},{"damage":3,"enemies":"Cultist","floor":7,"turns":2},{"damage":22,"enemies":"Lots of Slimes","floor":8,"turns":6},{"damage":22,"enemies":"Exordium Wildlife","floor":10,"turns":4},{"damage":6,"enemies":"Gremlin Gang","floor":13,"turns":3},{"damage":7,"enemies":"3 Louse","floor":14,"turns":2},{"damage":36,"enemies":"Slime Boss","floor":16,"turns":10},{"damage":25,"enemies":"Shell Parasite","floor":18,"turns":7},{"damage":25,"enemies":"2 Thieves","floor":21,"turns":4},{"damage":62,"enemies":"Chosen and Byrds","floor":22,"turns":7},{"damage":37,"enemies":"Book of Stabbing","floor":24,"turns":3}],"seed_played":"-1609215326149617906","potions_obtained":[{"floor":1,"key":"SpeedPotion"},{"floor":4,"key":"FearPotion"},{"floor":10,"key":"EntropicBrew"},{"floor":21,"key":"Ancient Potion"}],"is_trial":false,"path_per_floor":["M","?","$","M","$","R","M","M","T","M","R","$","M","M","R","B",null,"M","$","?","M","M","R","E"],"character_chosen":"IRONCLAD","items_purchased":["Chemical X","Flex","Dropkick","Membership Card"],"campfire_rested":0,"item_purchase_floors":[3,3,12,19],"current_hp_per_floor":[83,83,83,83,83,83,86,74,74,62,62,62,66,69,69,39,102,83,83,83,67,34,34,0,0],"gold":45,"neow_bonus":"THREE_RARE_CARDS","is_daily":false,"chose_seed":false,"campfire_upgraded":4,"win_rate":0.0,"timestamp":1610554361,"path_taken":["M","?","$","M","$","R","M","M","T","M","R","$","M","M","R","BOSS","M","$","?","?","M","R","E"],"items_purchased_type":["Relic","Card","Card","Relic"],"build_version":"2020-12-22","purchased_purges":0,"victory":false,"max_hp_per_floor":[83,83,83,86,86,86,86,90,90,94,94,94,98,102,102,102,102,102,102,102,105,113,113,113,113],"relic_stats":{"counters":[12,53],"Black Star":0,"Chemical X":[1],"obtain_stats":[{"Black Star":17,"Chemical X":3,"Membership Card":19,"Burning Blood":0,"Mercury Hourglass":9},{"Black Star":8,"Chemical X":1,"Membership Card":9,"Burning Blood":0,"Mercury Hourglass":4},{"Black Star":32,"Chemical X":3,"Membership Card":39,"Burning Blood":0,"Mercury Hourglass":14}],"Burning Blood":62,"Mercury Hourglass":[142]},"card_choices":[{"not_picked":["Fiend Fire","Immolate"],"picked":"Feed","floor":0},{"not_picked":["Pommel Strike","Havoc","Anger"],"picked":"SKIP","floor":1},{"not_picked":["Armaments","Headbutt","Anger"],"picked":"SKIP","floor":4},{"not_picked":["Iron Wave","Cleave"],"picked":"Pummel","floor":7},{"not_picked":["Warcry","Clothesline"],"picked":"Shrug It Off","floor":8},{"not_picked":["Dark Embrace","Sentinel","Anger"],"picked":"SKIP","floor":10},{"not_picked":["Entrench","Rage","Feel No Pain"],"picked":"SKIP","floor":13},{"not_picked":["Entrench","True Grit","Warcry"],"picked":"SKIP","floor":14},{"not_picked":["Fiend Fire","Juggernaut"],"picked":"Feed","floor":16},{"not_picked":["Warcry","Heavy Blade","Anger"],"picked":"SKIP","floor":18},{"not_picked":["Iron Wave","Clothesline+1"],"picked":"Limit Break","floor":21},{"not_picked":["Ghostly Armor+1","Anger+1"],"picked":"Battle Trance","floor":22}],"player_experience":113738,"relics_obtained":[{"floor":9,"key":"Mercury Hourglass"}],"event_choices":[{"damage_healed":0,"gold_gain":77,"player_choice":"Gained Gold","damage_taken":0,"max_hp_gain":0,"max_hp_loss":0,"event_name":"Golden Wing","floor":2,"gold_loss":0},{"damage_healed":0,"gold_gain":0,"player_choice":"Copied","damage_taken":0,"max_hp_gain":0,"max_hp_loss":0,"event_name":"Duplicator","floor":20,"gold_loss":0,"cards_obtained":["Feed"]}],"is_beta":false,"boss_relics":[{"not_picked":["Coffee Dripper","Pandora\u0027s Box"],"picked":"Black Star"}],"items_purged_floors":[],"is_endless":false,"potions_floor_spawned":[1,4,10,14,21],"killed_by":"Book of Stabbing","ascension_level":0}}