{"host":"4coy96o7l3fioe37","time":1610568976,"event":{"mods":["AchievementEnabler","Act Like it!","AlwaysNeverKeys","BaseMod","Better Altar","Better Match","Better Note","Better Sensory Stone","Better Skull","Better Third Choice","Better Vampires","BetterRewards","ChefMod","Colored Map","Disable Question Mark Monsters","Downfall","Minty Spire (QoL Compilation)","Rare Cards Sparkle","StSLib","The Marked"],"gold_per_floor":[112,112,127,127,2,31,31,31,31,31,45,0,0,11,11,107,107,123,123,123,138,148,148,183,202,271,271,288,288,300,351,351,453,453,470,485,501,501,501,501,511,523,523,541,97,114,129,157,157,157],"floor_reached":51,"language":"ENG","playtime":3291,"items_purged":[],"score":851,"play_id":"8eb7fee0-e353-490f-a2f7-007c12a908b1","local_time":"20210113201616","is_ascension_mode":false,"campfire_choices":[{"floor":8,"key":"REST"},{"data":"theMarked:SoldierOfQuellstein","floor":10,"key":"SMITH"},{"data":"theMarked:ComboAttacks","floor":15,"key":"SMITH"},{"data":"Enlightenment","floor":23,"key":"SMITH"},{"floor":32,"key":"REST"},{"floor":40,"key":"REST"},{"data":"Apotheosis","floor":49,"key":"SMITH"}],"circlet_count":0,"master_deck":["theMarked:Strike+1","theMarked:Strike","theMarked:Strike","theMarked:Strike","theMarked:Strike+1","theMarked:Defend","theMarked:Defend","theMarked:Defend","theMarked:Defend","theMarked:SoldierOfQuellstein+1","theMarked:HeightenedSenses","theMarked:RepellingDischarge","theMarked:BindingBlade","theMarked:Frustration","theMarked:EmpowerWeapon","theMarked:ComboAttacks+1","Enlightenment+1","theMarked:FavorableWinds","theMarked:HeritageOfTheMarked+1","theMarked:DeterminationOfTheMarked","theMarked:AttractMetal+1","Apotheosis+1","Sadistic Nature","theMarked:StartUp+1","theMarked:Abjuration","theMarked:Standoff+1","theMarked:Seal+1","theMarked:BanishingStrike+1","theMarked:MysticalArsenal+1"],"relics":["theMarked:ArtifactOfAir","Oddly Smooth Stone","Pen Nib","InkBottle","CaptainsWheel","SlaversCollar","Blood Vial","theMarked:NailFile","MutagenicStrength","Centennial Puzzle","expansioncontent:StudyCardRelic","Bag of Marbles","Molten Egg 2","Lee\u0027s Waffle","Akabeko","Omamori","Prayer Wheel"],"acts_visited":["Exordium","TheCity","TheBeyond"],"potions_floor_usage":[16,16,18,24,25,28,33,37,42,46,50],"damage_taken":[{"damage":0,"enemies":"Small Slimes","floor":1,"turns":3},{"damage":0,"enemies":"Jaw Worm","floor":3,"turns":3},{"damage":17,"enemies":"Gremlin Nob","floor":6,"turns":4},{"damage":0,"enemies":"Cultist","floor":11,"turns":2},{"damage":0,"enemies":"2 Fungi Beasts","floor":14,"turns":4},{"damage":0,"enemies":"Slime Boss","floor":16,"turns":4},{"damage":1,"enemies":"3 Byrds","floor":18,"turns":7},{"damage":0,"enemies":"Spheric Guardian","floor":21,"turns":3},{"damage":5,"enemies":"Centurion and Healer","floor":22,"turns":4},{"damage":21,"enemies":"Book of Stabbing","floor":24,"turns":5},{"damage":25,"enemies":"Sentry and Sphere","floor":25,"turns":6},{"damage":11,"enemies":"Snake Plant","floor":28,"turns":4},{"damage":18,"enemies":"Shelled Parasite and Fungi","floor":30,"turns":5},{"damage":9,"enemies":"Champ","floor":33,"turns":6},{"damage":30,"enemies":"3 Darklings","floor":35,"turns":7},{"damage":5,"enemies":"Orb Walker","floor":36,"turns":4},{"damage":2,"enemies":"Jaw Worm Horde","floor":37,"turns":4},{"damage":9,"enemies":"4 Shapes","floor":41,"turns":7},{"damage":20,"enemies":"3 Darklings","floor":42,"turns":8},{"damage":13,"enemies":"Sphere and 2 Shapes","floor":44,"turns":4},{"damage":2,"enemies":"Writhing Mass","floor":46,"turns":4},{"damage":21,"enemies":"Spire Growth","floor":47,"turns":4},{"damage":3,"enemies":"Giant Head","floor":48,"turns":5},{"damage":23,"enemies":"Donu and Deca","floor":50,"turns":6}],"seed_played":"-7080525975612219286","potions_obtained":[{"floor":3,"key":"DistilledChaos"},{"floor":11,"key":"PowerPotion"},{"floor":16,"key":"Fruit Juice"},{"floor":18,"key":"theMarked:ChargePotion"},{"floor":22,"key":"Block Potion"},{"floor":24,"key":"BlessingOfTheForge"},{"floor":30,"key":"champ:CounterPotion"},{"floor":35,"key":"champ:CounterPotion"},{"floor":41,"key":"DistilledChaos"},{"floor":44,"key":"champ:CounterPotion"},{"floor":47,"key":"Swift Potion"},{"floor":48,"key":"Explosive Potion"}],"is_trial":false,"path_per_floor":["M","?","M","?","$","E","$","R","T","R","M","?","?","M","R","B",null,"M","?","?","M","M","R","E","M","T","?","M","?","M","T","R","B",null,"M","M","M","?","?","R","M","M","T","M","$","M","M","E","R","B",null],"character_chosen":"THE_DEFAULT","items_purchased":["theMarked:BindingBlade","theMarked:Frustration","Lee\u0027s Waffle","Akabeko","Omamori"],"campfire_rested":3,"item_purchase_floors":[5,5,45,45,45],"current_hp_per_floor":[70,56,56,44,44,27,27,48,48,48,48,48,54,54,54,59,81,80,80,80,80,75,75,54,31,31,31,22,22,6,6,30,23,81,51,48,48,48,30,54,47,29,29,28,88,88,77,86,86,75],"gold":157,"neow_bonus":"RANDOM_COMMON_RELIC","is_daily":false,"chose_seed":false,"campfire_upgraded":4,"win_rate":0.0,"timestamp":1610568976,"path_taken":["M","?","M","?","?","E","$","R","T","R","M","?","?","M","R","BOSS","M","?","?","M","M","R","E","M","T","?","M","?","M","?","R","BOSS","M","M","?","?","?","R","?","M","T","M","$","M","M","E","R","BOSS"],"items_purchased_type":["Card","Card","Relic","Relic","Relic"],"build_version":"2020-12-22","purchased_purges":0,"victory":true,"max_hp_per_floor":[70,70,70,70,70,70,70,70,70,70,70,70,76,76,76,81,81,81,81,81,81,81,81,81,81,81,81,81,81,81,81,81,81,81,81,81,81,81,81,81,81,81,81,81,88,88,88,88,88,88],"card_choices":[{"not_picked":["theMarked:ElectricStrings","theMarked:BanishingStrike"],"picked":"theMarked:HeightenedSenses","floor":1},{"not_picked":["theMarked:WastefulAttack","theMarked:BanishingWave"],"picked":"theMarked:RepellingDischarge","floor":3},{"not_picked":["theMarked:DispelDoubt","theMarked:Improvise"],"picked":"theMarked:EmpowerWeapon","floor":6},{"not_picked":["theMarked:Polarize","theMarked:Standoff"],"picked":"theMarked:ComboAttacks","floor":11},{"not_picked":["theMarked:WastefulDefense","theMarked:PowerFlow","theMarked:Reabsorb"],"picked":"SKIP","floor":14},{"not_picked":["theMarked:Defy","theMarked:Challenge"],"picked":"theMarked:FavorableWinds","floor":16},{"not_picked":["theMarked:BanishingWave+1","theMarked:HeightenedSenses"],"picked":"theMarked:HeritageOfTheMarked+1","floor":18},{"not_picked":["theMarked:BanishingStrike","theMarked:Improvise","theMarked:EmpowerWeapon"],"picked":"SKIP","floor":21},{"not_picked":["theMarked:Indomitable","theMarked:HeightenedSenses","theMarked:WastefulAttack"],"picked":"SKIP","floor":22},{"not_picked":["theMarked:UnarmedFury","theMarked:EmpowerWeapon","theMarked:SwordAndMagic"],"picked":"SKIP","floor":24},{"not_picked":["theMarked:Aftermath","theMarked:WastefulDefense"],"picked":"theMarked:AttractMetal+1","floor":25},{"not_picked":["Deep Breath","Trip"],"picked":"Apotheosis","floor":27},{"not_picked":["PanicButton","Metamorphosis"],"picked":"Sadistic Nature","floor":27},{"not_picked":["theMarked:WastefulAttack","theMarked:ComboAttacks"],"picked":"theMarked:StartUp+1","floor":28},{"not_picked":["theMarked:DeterminationOfTheMarked+1","theMarked:Generate","theMarked:WastefulAttack"],"picked":"SKIP","floor":30},{"not_picked":["theMarked:Levitate","theMarked:EternalStudent"],"picked":"theMarked:Abjuration","floor":33},{"not_picked":["theMarked:ResourceFulStrike+1","theMarked:WastefulDefense+1","theMarked:Static"],"picked":"SKIP","floor":35},{"not_picked":["theMarked:HeightenedSenses+1","theMarked:EmpowerWeapon+1","theMarked:Frustration+1"],"picked":"SKIP","floor":36},{"not_picked":["theMarked:Parry+1","theMarked:SelfDefenseTraining+1","theMarked:ContemptForTheProud+1"],"picked":"SKIP","floor":37},{"not_picked":["theMarked:SwordAndMagic","theMarked:HeritageOfTheMarked","theMarked:WastefulDefense"],"picked":"SKIP","floor":41},{"not_picked":["theMarked:ParalyzingBlade","theMarked:Parkour+1","theMarked:Frustration"],"picked":"SKIP","floor":42},{"not_picked":["theMarked:Standoff+1","theMarked:ContemptForTheProud+1","theMarked:ResourceFulStrike+1"],"picked":"SKIP","floor":44},{"not_picked":["theMarked:ContemptForTheProud+1","theMarked:ResourceFulStrike+1"],"picked":"theMarked:Standoff+1","floor":44},{"not_picked":["theMarked:ElementalBlade","theMarked:ElectricStrings+1"],"picked":"theMarked:Seal+1","floor":46},{"not_picked":["theMarked:TunnelVision+1","theMarked:EmpowerWeapon"],"picked":"theMarked:BanishingStrike+1","floor":47},{"not_picked":["theMarked:Improvise+1","theMarked:Frustration+1"],"picked":"theMarked:MysticalArsenal+1","floor":48}],"player_experience":285066,"relics_obtained":[{"floor":6,"key":"InkBottle"},{"floor":9,"key":"CaptainsWheel"},{"floor":24,"key":"Blood Vial"},{"floor":26,"key":"theMarked:NailFile"},{"floor":31,"key":"Centennial Puzzle"},{"floor":43,"key":"Molten Egg 2"},{"floor":48,"key":"Prayer Wheel"}],"event_choices":[{"damage_healed":70,"gold_gain":0,"player_choice":"Upgrade","damage_taken":14,"max_hp_gain":0,"max_hp_loss":70,"event_name":"betterThird:BetterShining","floor":2,"gold_loss":0,"cards_upgraded":["theMarked:Strike","theMarked:Strike"]},{"damage_healed":0,"gold_gain":0,"player_choice":"Relic ","damage_taken":12,"max_hp_gain":0,"max_hp_loss":0,"event_name":"betterThird:BetterScrap","floor":4,"gold_loss":0,"cards_obtained":["Caltrops"]},{"damage_healed":0,"gold_gain":0,"player_choice":"Left","damage_taken":0,"max_hp_gain":0,"max_hp_loss":0,"event_name":"betterThird:BetterGoop","floor":12,"gold_loss":45},{"damage_healed":0,"gold_gain":0,"player_choice":"RENOUNCE","damage_taken":0,"max_hp_gain":0,"max_hp_loss":0,"event_name":"betterThird:BetterSerpent","floor":13,"gold_loss":0,"cards_obtained":["Enlightenment"]},{"damage_healed":0,"gold_gain":0,"player_choice":"Ignored","damage_taken":0,"max_hp_gain":0,"max_hp_loss":0,"event_name":"betterNote:BetterNote","floor":19,"gold_loss":0,"cards_obtained":["theMarked:ComboAttacks"]},{"damage_healed":0,"gold_gain":0,"player_choice":"Read","damage_taken":0,"max_hp_gain":0,"max_hp_loss":0,"event_name":"The Library","floor":20,"gold_loss":0,"cards_obtained":["theMarked:DeterminationOfTheMarked"]},{"damage_healed":0,"gold_gain":2,"player_choice":"1","damage_taken":0,"max_hp_gain":0,"max_hp_loss":0,"event_name":"betterStone:BetterStone","floor":27,"gold_loss":0},{"damage_healed":0,"gold_gain":0,"player_choice":"Inject Mutagens","damage_taken":0,"relics_obtained":["MutagenicStrength"],"max_hp_gain":0,"max_hp_loss":0,"event_name":"Drug Dealer","floor":29,"gold_loss":0},{"damage_healed":0,"gold_gain":0,"player_choice":"Ignored","damage_taken":0,"max_hp_gain":0,"max_hp_loss":0,"event_name":"Tomb of Lord Red Mask","floor":38,"gold_loss":0},{"damage_healed":0,"gold_gain":0,"player_choice":"Random: Green","damage_taken":0,"max_hp_gain":0,"max_hp_loss":0,"event_name":"betterThird:BetterPortal","floor":39,"gold_loss":0},{"damage_healed":0,"gold_gain":0,"player_choice":"RE ","damage_taken":20,"relics_obtained":["Bag of Marbles"],"max_hp_gain":0,"max_hp_loss":0,"event_name":"betterSkull:BetterSkull","floor":39,"gold_loss":0,"cards_upgraded":[]}],"is_beta":false,"boss_relics":[{"not_picked":["Runic Dome","Fusion Hammer"],"picked":"SlaversCollar"},{"not_picked":["theMarked:SpiritSword","Busted Crown"],"picked":"expansioncontent:StudyCardRelic"}],"items_purged_floors":[],"is_endless":false,"potions_floor_spawned":[3,11,16,18,22,24,30,35,41,44,47,48],"ascension_level":0}}