{"host":"sz8c8ni79nvzjmmg","time":1610528123,"event":{"mods":["AchievementEnabler","BaseMod","DeckTracker","Keyboard Shortcuts","Minty Spire (QoL Compilation)","SuperFastMode"],"gold_per_floor":[118,168,182,182,195,195,214,214,214,11,11,21,21,21,21,93,93,111,130,149,17,17,17,17,17],"floor_reached":24,"language":"KOR","playtime":721,"items_purged":["Strike_G","Strike_G"],"score":372,"play_id":"dcbf7757-57e9-4a73-9615-a38933c13b30","local_time":"20210113175523","is_ascension_mode":true,"campfire_choices":[{"data":"Dagger Spray","floor":6.0,"key":"SMITH"},{"data":"Neutralize","floor":11.0,"key":"SMITH"},{"data":"Flechettes","floor":13.0,"key":"SMITH"},{"data":"Dagger Throw","floor":15.0,"key":"SMITH"},{"floor":23,"key":"REST"}],"circlet_count":0,"master_deck":["AscendersBane","Strike_G","Defend_G","Defend_G","Defend_G","Defend_G","Defend_G","Survivor","Neutralize+1","Acrobatics","Dagger Throw+1","Escape Plan","Dagger Spray+1","PiercingWail","Flechettes+1","Tools of the Trade","Concentrate","Reflex","Writhe"],"relics":["Runic Pyramid","Ornamental Fan","Membership Card","Runic Dome","PrismaticShard","Shuriken"],"acts_visited":["Exordium","TheCity"],"potions_floor_usage":[],"damage_taken":[{"damage":0.0,"enemies":"Jaw Worm","floor":1.0,"turns":6.0},{"damage":1.0,"enemies":"Cultist","floor":3.0,"turns":5.0},{"damage":0.0,"enemies":"Small Slimes","floor":5.0,"turns":5.0},{"damage":2.0,"enemies":"2 Fungi Beasts","floor":7.0,"turns":3.0},{"damage":11.0,"enemies":"Lots of Slimes","floor":12.0,"turns":3.0},{"damage":25.0,"enemies":"Hexaghost","floor":16.0,"turns":10.0},{"damage":3.0,"enemies":"2 Thieves","floor":18.0,"turns":3.0},{"damage":24.0,"enemies":"Spheric Guardian","floor":19.0,"turns":7.0},{"damage":12.0,"enemies":"Snake Plant","floor":20.0,"turns":4.0},{"damage":46,"enemies":"Chosen and Byrds","floor":24,"turns":6}],"seed_played":"-8346114071695405833","potions_obtained":[{"floor":5.0,"key":"Dexterity Potion"},{"floor":12.0,"key":"SneckoOil"}],"is_trial":false,"path_per_floor":["M","?","M","?","M","R","M","?","T","$","R","M","R","?","R","B",null,"M","M","M","$","?","R","M"],"character_chosen":"THE_SILENT","items_purchased":["Membership Card","PrismaticShard"],"campfire_rested":1,"item_purchase_floors":[10,21],"current_hp_per_floor":[59,59,58,58,58,58,56,49,49,49,49,38,38,38,38,13,53,50,26,14,14,14,33,0,0],"gold":17,"neow_bonus":"BOSS_RELIC","is_daily":false,"chose_seed":false,"campfire_upgraded":4,"win_rate":0.0,"timestamp":1610528123,"path_taken":["M","?","?","?","M","R","M","?","T","$","R","M","R","?","R","BOSS","M","?","M","$","?","R","M"],"items_purchased_type":["Relic","Relic"],"build_version":"2020-12-22","purchased_purges":2,"victory":false,"max_hp_per_floor":[66,66,66,66,66,66,66,66,66,66,66,66,66,66,66,66,66,66,66,66,66,66,66,66,66],"card_choices":[{"not_picked":["Blade Dance","Poisoned Stab"],"picked":"Acrobatics","floor":1.0},{"not_picked":["Dagger Spray","Sucker Punch"],"picked":"Dagger Throw","floor":3.0},{"not_picked":["Blade Dance","Footwork"],"picked":"Dagger Spray","floor":5.0},{"not_picked":["Bane","Dash"],"picked":"PiercingWail","floor":7.0},{"not_picked":["Prepared","Sucker Punch"],"picked":"Flechettes","floor":12.0},{"not_picked":["Bane","Choke+1"],"picked":"Concentrate","floor":18.0},{"not_picked":["Dagger Throw","Blur"],"picked":"Reflex","floor":19.0},{"not_picked":["Bane","Deadly Poison+1","Riddle With Holes"],"picked":"SKIP","floor":20.0}],"player_experience":1232969,"relics_obtained":[{"floor":9.0,"key":"Ornamental Fan"}],"event_choices":[{"damage_healed":0.0,"max_hp_gain":0.0,"max_hp_loss":0.0,"gold_gain":50.0,"event_name":"Golden Shrine","player_choice":"Pray","floor":2.0,"gold_loss":0.0,"damage_taken":0.0},{"damage_healed":0.0,"max_hp_gain":0.0,"max_hp_loss":0.0,"gold_gain":0.0,"cards_transformed":["Strike_G"],"event_name":"Living Wall","player_choice":"Change","floor":4.0,"gold_loss":0.0,"damage_taken":0.0,"cards_obtained":["Escape Plan"]},{"cards_removed":["Strike_G"],"damage_healed":0.0,"max_hp_gain":0.0,"max_hp_loss":0.0,"gold_gain":0.0,"event_name":"Golden Wing","player_choice":"Card Removal","floor":8.0,"gold_loss":0.0,"damage_taken":7.0},{"damage_healed":0.0,"max_hp_gain":0.0,"max_hp_loss":0.0,"gold_gain":0.0,"event_name":"Match and Keep!","player_choice":"1 cards matched","floor":14.0,"gold_loss":0.0,"damage_taken":0.0,"cards_obtained":["Tools of the Trade"]},{"damage_healed":0,"gold_gain":0,"player_choice":"Opened","damage_taken":0,"relics_obtained":["Shuriken"],"max_hp_gain":0,"max_hp_loss":0,"event_name":"The Mausoleum","floor":22,"gold_loss":0,"cards_obtained":["Writhe"]}],"is_beta":false,"boss_relics":[{"not_picked":["Ectoplasm","Snecko Eye"],"picked":"Runic Dome"}],"items_purged_floors":[10,21],"is_endless":false,"potions_floor_spawned":[5,12],"killed_by":"Chosen and Byrds","ascension_level":20}}