{"host":"h4lp0eeso8a0ssq0","time":1610539081,"event":{"mods":["2.2 Compatiblity","AchievementEnabler","BaseMod","CapriCore","Colored Map","Minty Spire (QoL Compilation)","StSLib","SuperFastMode"],"gold_per_floor":[114,134,134,59,59,59,91,91,171,187,221,15,49,66,66,170,170,189,104,29,45,144,144,15,344,371,371,461,477,492,492,492,591,591,611,362,362,377,395,395,409,425,425,425,425,445,100,131,131,131],"floor_reached":51,"language":"KOR","playtime":1471,"items_purged":["Strike_G","Strike_G","Strike_G","Strike_G","Shame"],"score":1236,"play_id":"c6776f26-6693-4594-9644-bd5791938211","local_time":"20210113205801","is_ascension_mode":true,"campfire_choices":[{"data":"Noxious Fumes","floor":6.0,"key":"SMITH"},{"data":"Backflip","floor":8.0,"key":"SMITH"},{"data":"Poisoned Stab","floor":15.0,"key":"SMITH"},{"data":"Bullet Time","floor":23.0,"key":"SMITH"},{"data":"Crippling Poison","floor":27.0,"key":"SMITH"},{"data":"Setup","floor":32.0,"key":"SMITH"},{"data":"Deadly Poison","floor":40.0,"key":"SMITH"},{"data":"Bouncing Flask","floor":44.0,"key":"SMITH"},{"floor":49,"key":"REST"}],"circlet_count":0,"master_deck":["AscendersBane","Defend_G","Defend_G","Defend_G","Defend_G","Defend_G","Survivor","Neutralize","Noxious Fumes+1","Cloak And Dagger","Backflip+1","Poisoned Stab+1","Acrobatics","PiercingWail","Bullet Time+1","Poisoned Stab+1","Crippling Poison+1","Prepared","Bouncing Flask+1","Catalyst+1","Setup+1","Dagger Throw+1","Die Die Die","Footwork+1","Deadly Poison+1","Backflip+1","Backflip+1","Malaise","Leg Sweep"],"relics":["Ring of the Serpent","NeowsBlessing","Strawberry","Sundial","Smiling Mask","Lee\u0027s Waffle","Meat on the Bone","Matryoshka","Old Coin","MealTicket","Lantern","Cursed Key","Regal Pillow","HornCleat","Orichalcum","Pen Nib","Whetstone","Anchor"],"acts_visited":["Exordium","TheCity","TheBeyond"],"potions_floor_usage":[50],"damage_taken":[{"damage":0.0,"enemies":"2 Louse","floor":1.0,"turns":1.0},{"damage":0.0,"enemies":"Cultist","floor":2.0,"turns":1.0},{"damage":0.0,"enemies":"3 Sentries","floor":7.0,"turns":1.0},{"damage":0.0,"enemies":"Small Slimes","floor":10.0,"turns":5.0},{"damage":40.0,"enemies":"Gremlin Nob","floor":11.0,"turns":6.0},{"damage":17.0,"enemies":"3 Sentries","floor":13.0,"turns":8.0},{"damage":0.0,"enemies":"Blue Slaver","floor":14.0,"turns":5.0},{"damage":32.0,"enemies":"Slime Boss","floor":16.0,"turns":11.0},{"damage":26.0,"enemies":"Chosen","floor":18.0,"turns":6.0},{"damage":0.0,"enemies":"3 Byrds","floor":21.0,"turns":6.0},{"damage":11.0,"enemies":"Book of Stabbing","floor":25.0,"turns":6.0},{"damage":9.0,"enemies":"Cultist and Chosen","floor":29.0,"turns":5.0},{"damage":4.0,"enemies":"Centurion and Healer","floor":30.0,"turns":5.0},{"damage":0.0,"enemies":"Slavers","floor":31.0,"turns":1.0},{"damage":25.0,"enemies":"Champ","floor":33.0,"turns":7.0},{"damage":10.0,"enemies":"3 Shapes","floor":35.0,"turns":3.0},{"damage":7.0,"enemies":"Orb Walker","floor":38.0,"turns":3.0},{"damage":0.0,"enemies":"Jaw Worm Horde","floor":39.0,"turns":4.0},{"damage":9.0,"enemies":"Sphere and 2 Shapes","floor":41.0,"turns":5.0},{"damage":0.0,"enemies":"3 Darklings","floor":42.0,"turns":4.0},{"damage":4,"enemies":"Jaw Worm Horde","floor":46,"turns":5},{"damage":46,"enemies":"Giant Head","floor":48,"turns":8},{"damage":18,"enemies":"Time Eater","floor":50,"turns":7}],"seed_played":"-414059418339287274","potions_obtained":[{"floor":1.0,"key":"BlessingOfTheForge"},{"floor":10.0,"key":"LiquidBronze"},{"floor":14.0,"key":"CunningPotion"},{"floor":18.0,"key":"SkillPotion"},{"floor":30.0,"key":"SmokeBomb"},{"floor":33.0,"key":"Weak Potion"},{"floor":38.0,"key":"Swift Potion"},{"floor":39.0,"key":"Poison Potion"},{"floor":46,"key":"BlessingOfTheForge"}],"is_trial":false,"path_per_floor":["M","M","?","$","?","R","E","R","T","M","E","$","E","M","R","B",null,"M","?","$","M","?","R","$","E","T","R","?","M","M","E","R","B",null,"M","$","?","M","M","R","M","M","T","R","T","M","$","E","R","B",null],"character_chosen":"THE_SILENT","items_purchased":["Lee\u0027s Waffle","Crippling Poison","Bouncing Flask","Deadly Poison","Regal Pillow","Malaise","Whetstone","Leg Sweep"],"campfire_rested":1,"item_purchase_floors":[12,20,24,36,36,47,47,47],"current_hp_per_floor":[63,63,68,68,68,68,75,75,75,75,35,89,72,72,72,52,80,54,54,54,54,54,54,54,55,55,55,43,46,54,54,54,41,77,67,82,82,75,75,75,66,66,66,66,66,62,77,43,84,66],"gold":131,"neow_bonus":"THREE_ENEMY_KILL","is_daily":false,"chose_seed":false,"campfire_upgraded":8,"win_rate":0.0,"timestamp":1610539081,"path_taken":["M","M","?","$","?","R","E","R","T","M","E","$","E","?","R","BOSS","M","?","$","M","?","R","$","E","T","R","?","M","M","E","R","BOSS","M","$","?","M","?","R","M","M","T","R","?","?","$","E","R","BOSS"],"items_purchased_type":["Relic","Card","Card","Card","Relic","Card","Relic","Card"],"build_version":"2020-12-22","purchased_purges":5,"victory":true,"max_hp_per_floor":[70,70,75,75,75,75,82,82,82,82,82,89,89,89,89,89,89,89,89,89,89,89,89,89,89,89,89,89,89,89,89,89,89,89,89,89,89,89,89,89,89,89,89,89,89,89,89,89,89,89],"card_choices":[{"not_picked":["Riddle With Holes","Underhanded Strike"],"picked":"Noxious Fumes","floor":1.0},{"not_picked":["Flying Knee","Underhanded Strike"],"picked":"Cloak And Dagger","floor":2.0},{"not_picked":["Sucker Punch","Flying Knee"],"picked":"Backflip","floor":7.0},{"not_picked":["Unload","Flechettes"],"picked":"Poisoned Stab","floor":10.0},{"not_picked":["Outmaneuver","Finisher"],"picked":"Acrobatics","floor":11.0},{"not_picked":["Dodge and Roll","Envenom","Distraction"],"picked":"SKIP","floor":13.0},{"not_picked":["Distraction","Bane"],"picked":"PiercingWail","floor":14.0},{"not_picked":["After Image","Tools of the Trade"],"picked":"Bullet Time","floor":16.0},{"not_picked":["Dodge and Roll","Flying Knee+1"],"picked":"Poisoned Stab","floor":18.0},{"not_picked":["Acrobatics","PiercingWail"],"picked":"Prepared","floor":21.0},{"not_picked":["Deflect","Poisoned Stab"],"picked":"Catalyst+1","floor":25.0},{"not_picked":["Sucker Punch","Underhanded Strike"],"picked":"Setup","floor":29.0},{"not_picked":["Bullet Time","Heel Hook"],"picked":"Dagger Throw","floor":30.0},{"not_picked":["Glass Knife","After Image"],"picked":"Die Die Die","floor":33.0},{"not_picked":["Backflip","Quick Slash"],"picked":"Footwork+1","floor":35.0},{"not_picked":["Blade Dance","Sucker Punch"],"picked":"Backflip+1","floor":38.0},{"not_picked":["Dagger Spray+1","Quick Slash","Underhanded Strike+1"],"picked":"SKIP","floor":39.0},{"not_picked":["Dagger Spray+1","Blade Dance"],"picked":"Backflip+1","floor":41.0},{"not_picked":["Acrobatics","Cloak And Dagger+1","Dodge and Roll+1"],"picked":"SKIP","floor":42.0},{"not_picked":["Backflip","Heel Hook+1","Backstab"],"picked":"SKIP","floor":46},{"not_picked":["Underhanded Strike","Quick Slash+1","Caltrops+1"],"picked":"SKIP","floor":48}],"player_experience":150364,"relics_obtained":[{"floor":7.0,"key":"Strawberry"},{"floor":9.0,"key":"Sundial"},{"floor":11.0,"key":"Smiling Mask"},{"floor":13.0,"key":"Meat on the Bone"},{"floor":25.0,"key":"Old Coin"},{"floor":26.0,"key":"MealTicket"},{"floor":26.0,"key":"Lantern"},{"floor":43.0,"key":"Orichalcum"},{"floor":43.0,"key":"Pen Nib"},{"floor":48,"key":"Anchor"}],"event_choices":[{"damage_healed":0.0,"max_hp_gain":5.0,"max_hp_loss":0.0,"gold_gain":0.0,"event_name":"Big Fish","player_choice":"Donut","floor":3.0,"gold_loss":0.0,"damage_taken":0.0},{"cards_removed":["Strike_G"],"damage_healed":0.0,"max_hp_gain":0.0,"max_hp_loss":0.0,"gold_gain":0.0,"event_name":"Bonfire Elementals","player_choice":"Offered Basic","floor":5.0,"gold_loss":0.0,"damage_taken":0.0},{"damage_healed":0.0,"max_hp_gain":0.0,"max_hp_loss":0.0,"gold_gain":0.0,"event_name":"Addict","player_choice":"Obtained Relic","floor":19.0,"gold_loss":85.0,"damage_taken":0.0,"relics_obtained":["Matryoshka"]},{"damage_healed":0.0,"max_hp_gain":0.0,"max_hp_loss":0.0,"gold_gain":99.0,"event_name":"Nest","player_choice":"Stole From Cult","floor":22.0,"gold_loss":0.0,"damage_taken":0.0},{"damage_healed":0.0,"max_hp_gain":0.0,"max_hp_loss":0.0,"gold_gain":90.0,"event_name":"Knowing Skull","player_choice":"GOLD ","floor":28.0,"potions_obtained":[],"gold_loss":0.0,"damage_taken":12.0,"cards_obtained":[]},{"damage_healed":0.0,"max_hp_gain":0.0,"max_hp_loss":0.0,"gold_gain":0.0,"event_name":"WeMeetAgain","player_choice":"Gave Potion","floor":37.0,"gold_loss":0.0,"damage_taken":0.0,"relics_obtained":["HornCleat"]}],"is_beta":false,"boss_relics":[{"not_picked":["Tiny House","Fusion Hammer"],"picked":"Ring of the Serpent"},{"not_picked":["Snecko Eye","Pandora\u0027s Box"],"picked":"Cursed Key"}],"items_purged_floors":[4,12,24,36,47],"is_endless":false,"potions_floor_spawned":[1,10,13,14,18,30,33,38,39,46],"ascension_level":11}}