{"host":"rcus31dlwi4i4y2l","time":1610535544,"event":{"mods":["AchievementEnabler","BaseMod","Downfall","Googly Eyes","Hermit","Marisa????????","Minty Spire (QoL Compilation)","StSLib","The Cursed"],"gold_per_floor":[99,99,27,27,38,38,38,62,162,162,182,199,211,544,564,665,665,590,590,590,590,602,602,625,625,655,0,12,0,34,53,73,178,178,178,193,212,224,236,270,294,312,237,49,49,69,69,87,98,98],"floor_reached":51,"language":"ENG","playtime":7780,"items_purged":["Guardian:Strike_Guardian","Regret"],"score":869,"play_id":"90ff6dbc-3f9e-4b73-9ba2-d2e7946831a1","local_time":"20210113045904","is_ascension_mode":false,"campfire_choices":[{"data":"Guardian:TwinSlam","floor":1,"key":"SMITH"},{"data":"Guardian:SentryBeam","floor":10,"key":"SMITH"},{"data":"Guardian:ArmoredProtocol","floor":18,"key":"SMITH"},{"data":"Guardian:ChargeUp","floor":23,"key":"SMITH"},{"data":"Guardian:SentryBeam","floor":25,"key":"SMITH"},{"floor":35,"key":"DIG"},{"data":"Guardian:Harden","floor":43,"key":"SMITH"},{"floor":45,"key":"DIG"},{"floor":47,"key":"RECALL"}],"circlet_count":0,"master_deck":["Guardian:Strike_Guardian","Guardian:Strike_Guardian","Guardian:Strike_Guardian","Guardian:Defend_Guardian","Guardian:Defend_Guardian","Guardian:Defend_Guardian+1","Guardian:Defend_Guardian+1","Guardian:CurlUp","Guardian:TwinSlam+1","Guardian:Reroute","Guardian:ChargeUp+1","Guardian:SentryBeam+1","Guardian:ShieldCharger","Guardian:TemporalStrike","Guardian:ArmoredProtocol+1","Guardian:ShieldSpikes","Guardian:TimeSifter","Guardian:ArmoredProtocol+1","Guardian:SentryBeam+1","Guardian:PiercingHide+1","Panache","Guardian:TimeCapacitor","Guardian:PrimingBeam","Guardian:StasisField","Guardian:Harden+1","Guardian:RevengeProtocol","CurseOfTheBell","Guardian:Planning","Guardian:ShieldCharger","Guardian:ArmoredProtocol","Guardian:Recover","Guardian:Harden+1","Guardian:ShieldCharger+1"],"relics":["Guardian:ModeShifter","downfall:HeartsMalice","Kunai","Ornamental Fan","Odd Mushroom","Old Coin","Coffee Dripper","downfall:HeartBlessingGreen","Enchiridion","Bag of Preparation","Blood Vial","Calipers","Toy Ornithopter","Calling Bell","War Paint","Sundial","Shovel","Pen Nib","Boot","downfall:HeartBlessingBlue","Lantern"],"acts_visited":["Exordium","TheCity","TheBeyond"],"potions_floor_usage":[8,13,15,16,36,36,36,42,50,50,50,50,50,50,50,50],"damage_taken":[{"damage":0,"enemies":"Cultist","floor":2,"turns":1},{"damage":0,"enemies":"downfall:FleeingMerchant","floor":3,"turns":1},{"damage":0,"enemies":"2 Louse","floor":4,"turns":1},{"damage":0,"enemies":"Small Slimes","floor":5,"turns":3},{"damage":14,"enemies":"The Mushroom Lair","floor":8,"turns":3},{"damage":2,"enemies":"Blue Slaver","floor":11,"turns":3},{"damage":2,"enemies":"Gremlin Gang","floor":12,"turns":4},{"damage":10,"enemies":"Exordium Wildlife","floor":13,"turns":3},{"damage":3,"enemies":"Lagavulin","floor":14,"turns":6},{"damage":1,"enemies":"2 Fungi Beasts","floor":15,"turns":3},{"damage":21,"enemies":"downfall:Ironclad","floor":16,"turns":10},{"damage":3,"enemies":"3 Byrds","floor":22,"turns":5},{"damage":11,"enemies":"Slavers","floor":26,"turns":6},{"damage":1,"enemies":"downfall:FleeingMerchant","floor":27,"turns":4},{"damage":2,"enemies":"Spheric Guardian","floor":28,"turns":3},{"damage":0,"enemies":"downfall:FleeingMerchant","floor":29,"turns":4},{"damage":11,"enemies":"Gremlin Leader","floor":30,"turns":6},{"damage":2,"enemies":"Snake Plant","floor":31,"turns":4},{"damage":1,"enemies":"3 Cultists","floor":32,"turns":4},{"damage":2,"enemies":"downfall:Watcher","floor":33,"turns":9},{"damage":19,"enemies":"3 Darklings","floor":36,"turns":6},{"damage":0,"enemies":"Orb Walker","floor":37,"turns":4},{"damage":1,"enemies":"Maw","floor":38,"turns":8},{"damage":1,"enemies":"Transient","floor":39,"turns":5},{"damage":4,"enemies":"Nemesis","floor":40,"turns":7},{"damage":3,"enemies":"3 Darklings","floor":42,"turns":5},{"damage":0,"enemies":"downfall:FleeingMerchant","floor":44,"turns":4},{"damage":0,"enemies":"4 Shapes","floor":46,"turns":10},{"damage":16,"enemies":"Jaw Worm Horde","floor":48,"turns":5},{"damage":0,"enemies":"Spire Growth","floor":49,"turns":6},{"damage":39,"enemies":"downfall:Silent","floor":50,"turns":13}],"seed_played":"6564626579943952854","potions_obtained":[{"floor":5,"key":"Fire Potion"},{"floor":8,"key":"SteroidPotion"},{"floor":11,"key":"AttackPotion"},{"floor":13,"key":"Swift Potion"},{"floor":15,"key":"BlessingOfTheForge"},{"floor":30,"key":"Fire Potion"},{"floor":31,"key":"EntropicBrew"},{"floor":32,"key":"PowerPotion"},{"floor":33,"key":"DuplicationPotion"},{"floor":36,"key":"BlessingOfTheForge"},{"floor":37,"key":"EntropicBrew"},{"floor":46,"key":"Ancient Potion"},{"floor":49,"key":"EntropicBrew"}],"is_trial":false,"path_per_floor":["R","M","$","M","M","?","T","?","?","R","M","M","M","E","M","B",null,"R","?","?","?","M","R","T","R","E","$","M","$","E","M","M","B",null,"R","M","M","M","M","E","T","M","R","$","R","M","R","M","M","B",null],"character_chosen":"GUARDIAN","items_purchased":["Guardian:SentryBeam","Calipers","Panache","Guardian:TimeCapacitor","Guardian:Gem_Fragmented"],"campfire_rested":0,"item_purchase_floors":[3,27,27,27,44],"current_hp_per_floor":[80,80,80,80,80,80,80,66,66,66,64,62,52,49,48,27,80,80,65,49,49,46,46,46,46,35,36,36,38,29,29,30,30,85,85,76,78,79,80,78,78,82,92,94,94,95,95,79,81,95],"gold":98,"neow_bonus":"THREE_ENEMY_KILL","is_daily":false,"chose_seed":false,"campfire_upgraded":6,"win_rate":0.0,"timestamp":1610535544,"path_taken":["R","M","?","M","M","?","T","?","?","R","?","?","M","E","M","BOSS","R","?","?","?","?","R","T","R","E","?","M","$","E","M","M","BOSS","R","M","M","M","?","E","T","M","R","$","R","M","R","M","M","BOSS"],"items_purchased_type":["Card","Relic","Card","Card","Card"],"build_version":"2020-12-22","purchased_purges":2,"victory":true,"max_hp_per_floor":[80,80,80,80,80,80,80,80,80,80,80,80,80,80,80,80,80,80,85,85,85,85,85,85,85,85,85,85,85,85,85,85,85,85,85,85,85,85,85,85,85,85,95,95,95,95,95,95,95,95],"card_choices":[{"not_picked":["Guardian:CrystalBeam","Guardian:TemporalStrike"],"picked":"Guardian:Reroute","floor":2},{"not_picked":["Guardian:Clone","Guardian:TimeBomb"],"picked":"Guardian:ChargeUp","floor":3},{"not_picked":["Guardian:SpikerProtocol","Guardian:VentSteam"],"picked":"Guardian:ShieldCharger","floor":4},{"not_picked":["Guardian:WalkerClaw","Guardian:CrystalBeam"],"picked":"Guardian:TemporalStrike","floor":5},{"not_picked":["Guardian:EvasiveProtocol","Guardian:Gem_Red"],"picked":"Guardian:Gem_Crimson","floor":8},{"not_picked":["Guardian:Incinerate","Guardian:Suspension"],"picked":"Guardian:ArmoredProtocol","floor":11},{"not_picked":["Guardian:TemporalStrike","Guardian:EvasiveProtocol"],"picked":"Guardian:Gem_Purple","floor":12},{"not_picked":["Guardian:PrismaticBarrier","Guardian:Gem_White"],"picked":"Guardian:ShieldSpikes","floor":13},{"not_picked":["Guardian:Suspension","Guardian:TemporalShield"],"picked":"Guardian:Gem_Synthetic","floor":14},{"not_picked":["Guardian:ChargeUp","Guardian:ShieldCharger","Guardian:Planning"],"picked":"SKIP","floor":15},{"not_picked":["Guardian:StasisField","Guardian:StasisStrike"],"picked":"Guardian:TimeSifter","floor":16},{"not_picked":["Guardian:VentSteam","Guardian:Planning"],"picked":"Guardian:SentryBeam","floor":22},{"not_picked":["Guardian:Incinerate","Guardian:TemporalStrike","Guardian:ChargeCore+1"],"picked":"SKIP","floor":26},{"not_picked":["Guardian:Incinerate","Guardian:TemporalStrike","Guardian:ChargeCore+1"],"picked":"SKIP","floor":26},{"not_picked":["Guardian:Gem_White","Guardian:TemporalShield"],"picked":"Guardian:PiercingHide+1","floor":27},{"not_picked":["Guardian:PrismaticBeam","Guardian:PolyBeam"],"picked":"Guardian:PrimingBeam","floor":28},{"not_picked":["Guardian:PrimingBeam","Guardian:Gem_Red"],"picked":"Guardian:Gem_Purple","floor":29},{"not_picked":["Guardian:TimeBomb","Guardian:RefractedBeam"],"picked":"Guardian:StasisField","floor":30},{"not_picked":["Guardian:TemporalStrike","Guardian:Gem_Crimson"],"picked":"Guardian:Gem_Cyan","floor":31},{"not_picked":["Guardian:Gem_Lightblue","Guardian:MultiBeam+1"],"picked":"Guardian:Harden","floor":32},{"not_picked":["Guardian:Gem_Synthetic","Guardian:BaubleBeam"],"picked":"Guardian:RevengeProtocol","floor":33},{"not_picked":["Guardian:Incinerate","Guardian:Reroute+1"],"picked":"Guardian:Planning","floor":36},{"not_picked":["Guardian:MultiBeam+1","Guardian:CrystalBeam+1"],"picked":"Guardian:ShieldCharger","floor":37},{"not_picked":["Guardian:WalkerClaw","Guardian:RollAttack+1","Guardian:Emergency"],"picked":"SKIP","floor":38},{"not_picked":["Guardian:ShieldCharger+1","Guardian:CrystalBeam"],"picked":"Guardian:Gem_Cyan","floor":39},{"not_picked":["Guardian:DecasProtection","Guardian:CrystalBeam+1"],"picked":"Guardian:ArmoredProtocol","floor":40},{"not_picked":["Guardian:CrystalBeam+1","Guardian:Reroute+1"],"picked":"Guardian:Recover","floor":42},{"not_picked":["Guardian:StasisField","Guardian:DecasProtection"],"picked":"Guardian:Harden+1","floor":44},{"not_picked":["Guardian:TemporalStrike","Guardian:Gem_Crimson","Guardian:Preprogram"],"picked":"SKIP","floor":46},{"not_picked":["Guardian:VentSteam+1","Guardian:Gem_Green","Guardian:Gem_Fragmented"],"picked":"SKIP","floor":48},{"not_picked":["Guardian:Gem_Green","Guardian:VentSteam"],"picked":"Guardian:ShieldCharger+1","floor":49}],"player_experience":118796,"relics_obtained":[{"floor":7,"key":"Ornamental Fan"},{"floor":8,"key":"Odd Mushroom"},{"floor":14,"key":"Old Coin"},{"floor":20,"key":"Enchiridion"},{"floor":24,"key":"Bag of Preparation"},{"floor":26,"key":"Blood Vial"},{"floor":30,"key":"Toy Ornithopter"},{"floor":34,"key":"War Paint"},{"floor":34,"key":"Sundial"},{"floor":34,"key":"Shovel"},{"floor":35,"key":"Pen Nib"},{"floor":40,"key":"Boot"},{"floor":45,"key":"Lantern"}],"event_choices":[{"damage_healed":0,"gold_gain":0,"player_choice":"Box","damage_taken":0,"relics_obtained":["Kunai"],"max_hp_gain":0,"max_hp_loss":0,"event_name":"Big Fish","floor":6,"gold_loss":0,"cards_obtained":["Regret"]},{"damage_healed":0,"gold_gain":0,"player_choice":"Fought Mushrooms","damage_taken":0,"max_hp_gain":0,"max_hp_loss":0,"event_name":"Mushrooms","floor":8,"gold_loss":0},{"damage_healed":0,"gold_gain":0,"player_choice":"Copied","damage_taken":0,"max_hp_gain":0,"max_hp_loss":0,"event_name":"Duplicator","floor":21,"gold_loss":0,"cards_obtained":["Guardian:ArmoredProtocol"]}],"is_beta":false,"boss_relics":[{"not_picked":["Runic Dome","SacredBark"],"picked":"Coffee Dripper"},{"not_picked":["Busted Crown","Runic Pyramid"],"picked":"Calling Bell"}],"items_purged_floors":[27,44],"is_endless":false,"potions_floor_spawned":[5,8,11,13,15,30,31,32,33,36,37,40,46,49],"ascension_level":0}}