{"host":"Stephanie","time":1610515131,"event":{"mods":["BaseMod","Colored Powertips","Minty Spire (QoL Compilation)","Rare Cards Sparkle","Relic Stats","StSLib","The Marked"],"gold_per_floor":[111,22,22,37,49,82,82,82,82,97,97,107,107,182,182,278,278,291,303,303,303,303],"floor_reached":21,"language":"ENG","playtime":1117,"items_purged":[],"score":179,"play_id":"01e604f3-1798-4588-a3ff-254a86cc65d7","local_time":"20210113001851","is_ascension_mode":false,"campfire_choices":[{"data":"theMarked:ComboAttacks","floor":8,"key":"SMITH"},{"floor":11,"key":"REST"},{"floor":13,"key":"REST"},{"floor":15,"key":"REST"}],"circlet_count":0,"master_deck":["theMarked:Strike","theMarked:Strike","theMarked:Strike","theMarked:Defend","theMarked:Defend","theMarked:Defend","theMarked:Defend","theMarked:SoldierOfQuellstein","theMarked:Aftermath","theMarked:ComboAttacks+1","theMarked:RogueSparks","theMarked:GodGivenPower","theMarked:UnarmedFury","theMarked:Electrocute","theMarked:Improvise","theMarked:SoldierForm","theMarked:BanishingStrike","theMarked:Improvise","Jack Of All Trades","theMarked:TurnInvisible"],"relics":["theMarked:ArtifactOfAir","Du-Vu Doll","Lizard Tail","Black Star"],"acts_visited":["Exordium","TheCity"],"potions_floor_usage":[6,10,18,18,21],"damage_taken":[{"damage":3,"enemies":"Jaw Worm","floor":1,"turns":6},{"damage":0,"enemies":"Cultist","floor":4,"turns":4},{"damage":7,"enemies":"2 Louse","floor":5,"turns":2},{"damage":27,"enemies":"Gremlin Nob","floor":6,"turns":5},{"damage":17,"enemies":"Exordium Wildlife","floor":10,"turns":4},{"damage":37,"enemies":"Exordium Thugs","floor":12,"turns":4},{"damage":77,"enemies":"The Guardian","floor":16,"turns":9},{"damage":28,"enemies":"3 Byrds","floor":18,"turns":4},{"damage":35,"enemies":"Shell Parasite","floor":19,"turns":4},{"damage":19,"enemies":"Chosen and Byrds","floor":21,"turns":6}],"seed_played":"570459284481805585","potions_obtained":[{"floor":4,"key":"Explosive Potion"},{"floor":6,"key":"theMarked:ChargePotion"},{"floor":10,"key":"SpeedPotion"},{"floor":12,"key":"SpeedPotion"},{"floor":19,"key":"Fire Potion"}],"is_trial":false,"path_per_floor":["M","$","?","M","M","E","?","R","T","M","R","M","R","?","R","B",null,"M","M","?","M"],"character_chosen":"THE_DEFAULT","items_purchased":["theMarked:ComboAttacks","Weak Potion"],"campfire_rested":3,"item_purchase_floors":[2,2],"current_hp_per_floor":[74,74,74,74,67,40,40,40,40,23,46,9,32,21,44,8,77,49,14,14,0,0],"gold":303,"neow_bonus":"TEN_PERCENT_HP_BONUS","is_daily":false,"chose_seed":false,"campfire_upgraded":1,"win_rate":0.0,"timestamp":1610515131,"path_taken":["M","$","?","M","?","E","?","R","T","?","R","M","R","?","R","BOSS","M","M","?","M"],"items_purchased_type":["Card","Potion"],"build_version":"2020-12-18","purchased_purges":0,"victory":false,"max_hp_per_floor":[77,77,77,77,77,77,77,77,77,77,77,77,77,77,77,77,77,77,77,77,77,77],"relic_stats":{"Lizard Tail":38,"counters":[10,47],"Black Star":0,"obtain_stats":[{"Du-Vu Doll":6,"theMarked:ArtifactOfAir":0,"Lizard Tail":9,"Black Star":17},{"Du-Vu Doll":4,"theMarked:ArtifactOfAir":0,"Lizard Tail":4,"Black Star":7},{"Du-Vu Doll":17,"theMarked:ArtifactOfAir":0,"Lizard Tail":17,"Black Star":33}]},"card_choices":[{"not_picked":["theMarked:ResourceFulStrike","theMarked:Frustration"],"picked":"theMarked:Aftermath","floor":1},{"not_picked":["theMarked:EmpowerWeapon","theMarked:Frustration"],"picked":"theMarked:RogueSparks","floor":4},{"not_picked":["theMarked:CreepingChasm","theMarked:Polarize"],"picked":"theMarked:GodGivenPower","floor":5},{"not_picked":["theMarked:ContemptForTheProud","theMarked:TwofoldDefense"],"picked":"theMarked:UnarmedFury","floor":6},{"not_picked":["theMarked:Aftermath","theMarked:WastefulDefense"],"picked":"theMarked:Electrocute","floor":10},{"not_picked":["theMarked:SwordAndMagic","theMarked:ChainLightning"],"picked":"theMarked:Improvise","floor":12},{"not_picked":["theMarked:ChannelForce","theMarked:TurnInvisible"],"picked":"theMarked:SoldierForm","floor":16},{"not_picked":["theMarked:Convert","theMarked:SwordAndMagic+1","theMarked:Aftermath"],"picked":"SKIP","floor":18},{"not_picked":["theMarked:TwofoldDefense","theMarked:Parry"],"picked":"theMarked:BanishingStrike","floor":19}],"player_experience":843791,"relics_obtained":[{"floor":6,"key":"Du-Vu Doll"},{"floor":9,"key":"Lizard Tail"}],"event_choices":[{"cards_removed":["theMarked:Strike"],"damage_healed":0,"gold_gain":0,"player_choice":"Offered Basic","damage_taken":0,"max_hp_gain":0,"max_hp_loss":0,"event_name":"Bonfire Elementals","floor":3,"gold_loss":0},{"cards_removed":["theMarked:Strike"],"damage_healed":0,"gold_gain":0,"player_choice":"Purged","damage_taken":0,"max_hp_gain":0,"max_hp_loss":0,"event_name":"Purifier","floor":7,"gold_loss":0},{"damage_healed":0,"gold_gain":75,"player_choice":"Gather Gold","damage_taken":11,"max_hp_gain":0,"max_hp_loss":0,"event_name":"World of Goop","floor":14,"gold_loss":0},{"damage_healed":0,"gold_gain":0,"player_choice":"3 cards matched","damage_taken":0,"max_hp_gain":0,"max_hp_loss":0,"event_name":"Match and Keep!","floor":20,"gold_loss":0,"cards_obtained":["theMarked:Improvise","Jack Of All Trades","theMarked:TurnInvisible"]}],"is_beta":true,"boss_relics":[{"not_picked":["Astrolabe","Empty Cage"],"picked":"Black Star"}],"items_purged_floors":[],"is_endless":false,"potions_floor_spawned":[4,6,10,12,19],"killed_by":"Chosen and Byrds","ascension_level":0}}