{"host":"og6lam4kt3nibbw0","time":1610557634,"event":{"mods":["AchievementEnabler","BaseMod","Colored Map","DeckTracker","Highlight Path","Keyboard Shortcuts","Minty Spire (QoL Compilation)","Permanent Neow","Quick Restart","StSLib","SuperFastMode"],"gold_per_floor":[114,114,39,58,23,23,66,90,168,168,204,204,204,223,223,322,322,335,360,360,379,304,304,304,304],"floor_reached":24,"language":"KOR","playtime":1118,"items_purged":["Strike_R"],"score":408,"play_id":"4fb89ea1-92fb-406c-bfe0-c52334136e00","local_time":"20210114020714","is_ascension_mode":true,"campfire_choices":[{"data":"Wild Strike","floor":6.0,"key":"SMITH"},{"data":"Inflame","floor":12.0,"key":"SMITH"},{"data":"Cleave","floor":15.0,"key":"SMITH"},{"data":"Immolate","floor":23.0,"key":"SMITH"}],"circlet_count":0,"master_deck":["AscendersBane","Strike_R","Strike_R","Strike_R","Defend_R","Defend_R","Defend_R","Defend_R","Bash","Wild Strike+1","Inflame+1","Pummel","Cleave+1","Thunderclap","Immolate+1","Warcry","Writhe","Blood for Blood"],"relics":["Burning Blood","Charon\u0027s Ashes","Golden Idol","Strawberry","White Beast Statue","Meat on the Bone","Sundial","Black Star","InkBottle"],"acts_visited":["Exordium","TheCity"],"potions_floor_usage":[24],"damage_taken":[{"damage":7.0,"enemies":"Cultist","floor":1.0,"turns":4.0},{"damage":9.0,"enemies":"2 Louse","floor":4.0,"turns":2.0},{"damage":30.0,"enemies":"Lagavulin","floor":7.0,"turns":5.0},{"damage":7.0,"enemies":"Jaw Worm","floor":8.0,"turns":3.0},{"damage":8.0,"enemies":"Gremlin Nob","floor":11.0,"turns":3.0},{"damage":11.0,"enemies":"Looter","floor":14.0,"turns":2.0},{"damage":20.0,"enemies":"Slime Boss","floor":16.0,"turns":8.0},{"damage":11.0,"enemies":"2 Thieves","floor":18.0,"turns":2.0},{"damage":33.0,"enemies":"Shell Parasite","floor":19.0,"turns":3.0},{"damage":13.0,"enemies":"3 Cultists","floor":21.0,"turns":4.0},{"damage":51,"enemies":"Book of Stabbing","floor":24,"turns":4}],"seed_played":"2364357505370210367","potions_obtained":[{"floor":8.0,"key":"BlessingOfTheForge"},{"floor":11.0,"key":"BlessingOfTheForge"},{"floor":16.0,"key":"LiquidMemories"},{"floor":18.0,"key":"SpeedPotion"},{"floor":19.0,"key":"Explosive Potion"},{"floor":21.0,"key":"SpeedPotion"}],"is_trial":false,"path_per_floor":["M","?","$","M","?","R","E","M","T","?","E","R","T","M","R","B",null,"M","M","?","M","?","R","E"],"character_chosen":"IRONCLAD","items_purchased":[],"campfire_rested":0,"item_purchase_floors":[],"current_hp_per_floor":[49,49,49,46,63,63,46,45,45,45,43,43,43,50,50,48,68,63,48,48,53,53,53,2,2],"gold":304,"neow_bonus":"ONE_RARE_RELIC","is_daily":false,"chose_seed":false,"campfire_upgraded":4,"win_rate":0.0,"timestamp":1610557634,"path_taken":["M","?","$","M","?","R","E","M","T","?","E","R","?","?","R","BOSS","M","M","?","M","?","R","E"],"items_purchased_type":[],"build_version":"2020-12-22","purchased_purges":1,"victory":false,"max_hp_per_floor":[75,68,68,68,68,68,75,75,75,75,75,75,75,75,75,75,75,75,75,75,75,75,75,75,75],"card_choices":[{"not_picked":["Body Slam","Twin Strike"],"picked":"Wild Strike","floor":1.0},{"not_picked":["Anger","Flex"],"picked":"Inflame","floor":4.0},{"not_picked":["Thunderclap","Bloodletting"],"picked":"Pummel","floor":7.0},{"not_picked":["Heavy Blade","Clothesline"],"picked":"Cleave","floor":8.0},{"not_picked":["Bludgeon","Heavy Blade"],"picked":"Thunderclap","floor":11.0},{"not_picked":["Iron Wave","Heavy Blade","Uppercut"],"picked":"SKIP","floor":14.0},{"not_picked":["Berserk","Juggernaut"],"picked":"Immolate","floor":16.0},{"not_picked":["Flex","Anger"],"picked":"Warcry","floor":18.0},{"not_picked":["Rage","Sentinel","Anger"],"picked":"SKIP","floor":19.0},{"not_picked":["Thunderclap","Anger+1"],"picked":"Blood for Blood","floor":21.0}],"player_experience":851186,"relics_obtained":[{"floor":7.0,"key":"Strawberry"},{"floor":9.0,"key":"White Beast Statue"},{"floor":11.0,"key":"Meat on the Bone"},{"floor":13.0,"key":"Sundial"}],"event_choices":[{"damage_healed":0.0,"max_hp_gain":0.0,"max_hp_loss":7.0,"gold_gain":0.0,"event_name":"Golden Idol","player_choice":"Lose Max HP","floor":2.0,"gold_loss":0.0,"damage_taken":0.0,"relics_obtained":["Golden Idol"]},{"damage_healed":17.0,"max_hp_gain":0.0,"max_hp_loss":0.0,"gold_gain":0.0,"event_name":"The Cleric","player_choice":"Healed","floor":5.0,"gold_loss":35.0,"damage_taken":0.0},{"damage_healed":0.0,"max_hp_gain":0.0,"max_hp_loss":0.0,"gold_gain":0.0,"event_name":"Liars Game","player_choice":"Ignored","floor":10.0,"gold_loss":0.0,"damage_taken":0.0},{"damage_healed":0.0,"max_hp_gain":0.0,"max_hp_loss":0.0,"gold_gain":0.0,"event_name":"The Mausoleum","player_choice":"Opened","floor":20.0,"gold_loss":0.0,"damage_taken":0.0,"relics_obtained":["InkBottle"],"cards_obtained":["Writhe"]},{"cards_removed":["Strike_R"],"damage_healed":0.0,"max_hp_gain":0.0,"max_hp_loss":0.0,"gold_gain":0.0,"event_name":"Beggar","player_choice":"Gave Gold","floor":22.0,"gold_loss":75.0,"damage_taken":0.0}],"is_beta":false,"boss_relics":[{"not_picked":["Snecko Eye","Busted Crown"],"picked":"Black Star"}],"items_purged_floors":[3],"is_endless":false,"potions_floor_spawned":[8,11,14,16,18,19,21],"killed_by":"Book of Stabbing","ascension_level":20}}