{"host":"uhytnauby5tw4qa1","time":1610542342,"event":{"mods":["Act Like it!","Aspiration","BaseMod","Colored Map","Colored Powertips","Conspire","Downfall","Elementarium","Halation","Hubris","Infinite Spire","Jorbs\u0027s Wanderer Trilogy","Marisa????????","Mimic Mod","Minty Spire (QoL Compilation)","Rare Cards Sparkle","Replay The Spire","Shop Mod","Somnambulant","Spikes Relics","StSLib","The Bug Knight","The Cursed","The Druid","The Forsaken","The Judge","The Jungle","The Necromancer","The Saiyan","The Servant 0.9.4","The Valiant","TheBandit","TheFirefly","Yuri Mod","vexMod"],"gold_per_floor":[114,127,144,144,154,154,173,192,225,254,99,114,114,125,125,228,228,244,244,244,244,258,273,273,292,292,292,292],"floor_reached":27,"language":"SPA","playtime":1700,"items_purged":[],"score":244,"play_id":"a984b0c5-dc9e-4876-8dd1-38bdc468bc28","local_time":"20210113125222","is_ascension_mode":false,"campfire_choices":[{"data":"DoubleSpark","floor":6,"key":"SMITH"},{"data":"BinaryStars","floor":13,"key":"SMITH"},{"data":"CollectingQuirk","floor":15,"key":"SMITH"},{"floor":24,"key":"REST"}],"circlet_count":0,"master_deck":["Strike_MRS","Strike_MRS","Strike_MRS","Strike_MRS","Defend_MRS","Defend_MRS","Defend_MRS","Defend_MRS","MasterSpark+1","UpSweep","SporeBomb","IllusionStar","GrandCross","DoubleSpark+1","CollectingQuirk+1","DC","MysteriousBeam","BinaryStars+1","PulseMagic","AlicesGift","MillisecondPulsars","AbeCurse","BlazeAway","EnergyFlow+1","Elementarium:StickyTar"],"relics":["MiniHakkero","aspiration:Nostalgia","SaiyanHeart","halation:LettersToHer","aspiration:StickyExplosives_weak","Lee\u0027s Waffle","aspiration:WatcherSkillbook","hubris:Icosahedron","hubris:EvacipatedBox","PreservedInsect","Bag of Preparation","halation:PrussianBluePaint","infinitespire:EmpoweringShard"],"acts_visited":["Exordium","Exordium"],"potions_floor_usage":[10,16,25,27],"damage_taken":[{"damage":0,"enemies":"conspire:RoseBush","floor":1,"turns":3},{"damage":2,"enemies":"2 Louse","floor":2,"turns":5},{"damage":6,"enemies":"Jaw Worm","floor":3,"turns":2},{"damage":18,"enemies":"Gremlin Gang","floor":5,"turns":5},{"damage":8,"enemies":"Exordium Thugs","floor":7,"turns":5},{"damage":12,"enemies":"3 Louse","floor":8,"turns":3},{"damage":0,"enemies":"Blue Slaver","floor":9,"turns":6},{"damage":3,"enemies":"3 Sentries","floor":10,"turns":4},{"damage":9,"enemies":"Blue Slaver","floor":12,"turns":3},{"damage":10,"enemies":"2 Fungi Beasts","floor":14,"turns":2},{"damage":36,"enemies":"The Guardian","floor":16,"turns":8},{"damage":2,"enemies":"Elementarium:2_ELEMENTALS","floor":18,"turns":3},{"damage":2,"enemies":"Elementarium:Cyclone","floor":22,"turns":2},{"damage":16,"enemies":"Elementarium:Hydrostalker","floor":23,"turns":3},{"damage":17,"enemies":"Elementarium:VoidBeast","floor":25,"turns":3},{"damage":24,"enemies":"Elementarium:VOID_CORRUPTION_AND_TAR_GOLEM","floor":27,"turns":4}],"seed_played":"7096986530510048914","potions_obtained":[{"floor":1,"key":"BlessingOfTheForge"},{"floor":3,"key":"Elixir"},{"floor":14,"key":"ColorlessPotion"},{"floor":22,"key":"Block Potion"}],"is_trial":false,"path_per_floor":["M","M","M","?","M","R","M","M","MIM","E","$","M","R","M","R","B",null,"M","?","?","$","M","M","R","M","T","M"],"character_chosen":"MARISA","items_purchased":["Lee\u0027s Waffle","hubris:EvacipatedBox","PreservedInsect","Bag of Preparation","halation:PrussianBluePaint"],"campfire_rested":1,"item_purchase_floors":[11,21,21,21,21],"current_hp_per_floor":[76,74,68,68,51,51,45,34,34,31,87,79,79,70,70,34,89,88,77,77,28,26,11,38,22,22,0,0],"gold":292,"neow_bonus":"NOSTALGIA","is_daily":false,"chose_seed":false,"campfire_upgraded":3,"win_rate":0.0,"timestamp":1610542342,"path_taken":["M","M","M","?","M","R","M","M","MIM","E","$","M","R","M","R","BOSS","M","?","?","?","M","M","R","?","T","M"],"items_purchased_type":["Relic","Relic","Relic","Relic","Relic"],"build_version":"2020-12-22","purchased_purges":0,"victory":false,"max_hp_per_floor":[76,76,76,76,77,77,79,80,80,80,87,88,88,89,89,89,89,90,90,90,90,90,91,91,92,92,93,93],"card_choices":[{"not_picked":["ChargingUp","Acceleration"],"picked":"SporeBomb","floor":1},{"not_picked":["DragonMeteor","6A"],"picked":"IllusionStar","floor":2},{"not_picked":["SuperPerseids","PowerUp"],"picked":"GrandCross","floor":3},{"not_picked":["UnstableBomb","GrandCross"],"picked":"DoubleSpark","floor":5},{"not_picked":["IllusionStar","StarlightTyphoon"],"picked":"CollectingQuirk","floor":7},{"not_picked":["OrrerysSun","IllusionStar"],"picked":"DC","floor":8},{"not_picked":["SprinkleStarSeal","ShootingEcho"],"picked":"MysteriousBeam","floor":9},{"not_picked":["AlicesGift","MilkyWay"],"picked":"BinaryStars","floor":10},{"not_picked":["WitchLeyline","DC"],"picked":"PulseMagic","floor":12},{"not_picked":["ManaConvection","OneTimeOff"],"picked":"AlicesGift","floor":14},{"not_picked":["BinaryStars","AbsoluteMagnitude"],"picked":"MillisecondPulsars","floor":16},{"not_picked":["IllusionStar+1","Orbital"],"picked":"BlazeAway","floor":18},{"not_picked":["OneTimeOff+1","PowerUp+1","SignatureMove"],"picked":"EnergyFlow+1","floor":22},{"not_picked":["DC+1","Acceleration","ChargeUpSpray","SporeBomb+1"],"picked":"SKIP","floor":23},{"not_picked":["Pray","CutThroughFate","PulseMagic","Weave+1"],"picked":"SKIP","floor":25}],"player_experience":1072789,"relics_obtained":[{"floor":9,"key":"halation:LettersToHer"},{"floor":10,"key":"aspiration:StickyExplosives_weak"},{"floor":26,"key":"halation:LettersToHer"},{"floor":26,"key":"infinitespire:EmpoweringShard"}],"event_choices":[{"damage_healed":0,"gold_gain":0,"player_choice":"Grow","damage_taken":0,"max_hp_gain":0,"max_hp_loss":0,"event_name":"Living Wall","floor":4,"gold_loss":0,"cards_upgraded":["MasterSpark"]},{"damage_healed":0,"gold_gain":0,"player_choice":"Offer","damage_taken":0,"relics_obtained":["aspiration:WatcherSkillbook"],"max_hp_gain":0,"max_hp_loss":0,"event_name":"Elementarium:GreatTreasure","floor":19,"relics_lost":["Abe\u0027s Treasure"],"gold_loss":0}],"is_beta":false,"boss_relics":[{"not_picked":["halation:CatFaceCupcake","halation:LoveArrow"],"picked":"Abe\u0027s Treasure"}],"items_purged_floors":[],"is_endless":false,"potions_floor_spawned":[1,3,14,22],"killed_by":"Elementarium:VOID_CORRUPTION_AND_TAR_GOLEM","ascension_level":0}}