{"host":"40gggw0x72bpm5se","time":1610519387,"event":{"mods":["ATMod(°¢èªMod)","Act Like it!","Aspiration","BaseMod","Better Vampires","Colored Map","Conspire","Downfall","Energized Spire","Friendly Minions","Gensokyo","GungeonMod","Infinite Spire","Koishi","Library of Ruina","Library of Ruina Extra","Lobotomy","LobotomyExtend","Minty Spire (QoL Compilation)","Quarter Circle Forward PUNCH!","Quick Restart","Reimu£¨²©ÀöÁéÃÎ£©","Relic Stats","Replay The Spire","RumiaBox-Â¶Ã×æ«µÄÉñÃØºÐ×Ó","Shop Mod","Spicy Shops","StSLib","The Alterego","UnlockEverythingMod","Waifu the Spire","Youmu£¨»êÆÇÑýÃÎ£©","vexMod","¡¾¹¦ÄÜMod¡¿»ìãçÖ®»·ÐÞ¸´²¹¶¡","¡¾ÒÅÎï¿¨ÅÆ¡¿REMEMod"],"gold_per_floor":[115,95,95,95,110,145,68,68,68,68,68],"floor_reached":10,"language":"ZHS","playtime":341,"items_purged":[],"score":76,"play_id":"2fa3bb91-f627-4e41-b927-ac339fa04880","local_time":"20210113142947","is_ascension_mode":true,"campfire_choices":[{"data":"alterego_mod:Impale","floor":8,"key":"SMITH"}],"circlet_count":0,"master_deck":["alterego_mod:Strike","alterego_mod:Strike","alterego_mod:Strike","alterego_mod:Strike","alterego_mod:Defend","alterego_mod:Defend","alterego_mod:Defend","alterego_mod:Impale+1","alterego_mod:BigMeatyClaws","alterego_mod:BrynhildrsRune","Gensokyo:RainbowDanmaku","AT_DarkMatter","alterego_mod:ChallengeComplete","alterego_mod:Rip","alterego_mod:Cooking","alterego_mod:Schoolgirl"],"relics":["alterego_mod:MasochisticConstitution","REME_ComplimentaryCards","AT_ATBox","aspiration:Nostalgia","PureWater","Baka","LetterFromLob","WingedGreaves","PageOfAspirationHeart","Du-Vu Doll","PageOfFreischutz"],"acts_visited":["Exordium"],"potions_floor_usage":[6],"damage_taken":[{"damage":1,"enemies":"Jaw Worm","floor":1,"turns":3},{"damage":0,"enemies":"Small Slimes","floor":2,"turns":2},{"damage":5,"enemies":"Cultist","floor":5,"turns":4},{"damage":25,"enemies":"3 Sentries","floor":6,"turns":7},{"damage":28,"enemies":"Lagavulin","floor":10,"turns":4}],"seed_played":"3063937928589342710","potions_obtained":[{"floor":1,"key":"AttackPotion"}],"is_trial":false,"path_per_floor":["M","M","?","T","M","E","$","R","T","E"],"character_chosen":"The_Alterego","items_purchased":["PageOfFreischutz"],"campfire_rested":0,"item_purchase_floors":[7],"current_hp_per_floor":[70,71,71,81,77,77,77,77,77,52,52],"gold":68,"neow_bonus":"NOSTALGIA","is_daily":false,"chose_seed":false,"campfire_upgraded":1,"win_rate":0.0,"timestamp":1610519387,"path_taken":["M","M","?","?","M","E","$","R","T","E"],"items_purchased_type":["Relic"],"build_version":"2020-12-22","purchased_purges":0,"victory":false,"max_hp_per_floor":[71,71,71,81,82,82,82,82,82,82,82],"relic_stats":{"counters":[5,19],"obtain_stats":[{"Du-Vu Doll":6,"PageOfAspirationHeart":4,"alterego_mod:MasochisticConstitution":0,"AT_ATBox":0,"aspiration:Nostalgia":0,"PageOfFreischutz":7,"DemoMod:GlassGuonStoneRelic":1,"WingedGreaves":2,"Baka":1,"LetterFromLob":1,"PureWater":0,"REME_ComplimentaryCards":0},{"Du-Vu Doll":4,"PageOfAspirationHeart":2,"alterego_mod:MasochisticConstitution":0,"AT_ATBox":0,"aspiration:Nostalgia":0,"PageOfFreischutz":4,"DemoMod:GlassGuonStoneRelic":1,"WingedGreaves":2,"Baka":1,"LetterFromLob":1,"PureWater":0,"REME_ComplimentaryCards":0},{"Du-Vu Doll":16,"PageOfAspirationHeart":5,"alterego_mod:MasochisticConstitution":0,"AT_ATBox":0,"aspiration:Nostalgia":0,"PageOfFreischutz":16,"DemoMod:GlassGuonStoneRelic":3,"WingedGreaves":5,"Baka":3,"LetterFromLob":3,"PureWater":0,"REME_ComplimentaryCards":0}]},"card_choices":[{"not_picked":["alterego_mod:Schoolgirl","alterego_mod:Pet"],"picked":"alterego_mod:ChallengeComplete","floor":1},{"not_picked":["alterego_mod:Pet","alterego_mod:Belts"],"picked":"alterego_mod:Rip","floor":2},{"not_picked":["alterego_mod:SuperDuperMasochism","alterego_mod:ClassAdvantage"],"picked":"alterego_mod:Cooking","floor":5},{"not_picked":["alterego_mod:SakuraPetals","alterego_mod:Cooking"],"picked":"alterego_mod:Schoolgirl","floor":6}],"player_experience":53881,"relics_obtained":[{"floor":1,"key":"Baka"},{"floor":1,"key":"LetterFromLob"},{"floor":2,"key":"WingedGreaves"},{"floor":4,"key":"PageOfAspirationHeart"},{"floor":6,"key":"Du-Vu Doll"}],"event_choices":[],"is_beta":false,"boss_relics":[],"items_purged_floors":[],"is_endless":false,"potions_floor_spawned":[1],"killed_by":"Lagavulin","ascension_level":3}}