{"host":"j4g6ia6asvpyu2b0","time":1610577922,"event":{"mods":["BaseMod","Colored Map","Minty Spire (QoL Compilation)","Permanent Neow","Quick Restart","Relic Stats","StSLib","Unceasing Turn Reminder"],"gold_per_floor":[117,117,67,84,84,114,114,147,147,147,162,173,173,199,199,199,199],"floor_reached":16,"language":"ENG","playtime":381,"items_purged":[],"score":208,"play_id":"8bf8b8ed-57ba-4308-b5dd-703c5b37262e","local_time":"20210113154522","is_ascension_mode":true,"campfire_choices":[{"data":"Defragment","floor":7,"key":"SMITH"},{"data":"Static Discharge","floor":10,"key":"SMITH"},{"data":"Genetic Algorithm","floor":13,"key":"SMITH"},{"floor":15,"key":"REST"}],"circlet_count":0,"master_deck":["AscendersBane","Strike_B","Strike_B","Strike_B","Defend_B","Defend_B","Defend_B","Defend_B","Zap","Dualcast","Static Discharge+1","Defragment+1","Ball Lightning","Consume","Compile Driver","Undo","Genetic Algorithm+1","BootSequence","Redo"],"relics":["Cracked Core","Ginger","Mango","Pear","Prayer Wheel","Toy Ornithopter"],"acts_visited":["Exordium"],"potions_floor_usage":[8,16,16],"damage_taken":[{"damage":9,"enemies":"2 Louse","floor":1,"turns":2},{"damage":4,"enemies":"Jaw Worm","floor":4,"turns":5},{"damage":40,"enemies":"3 Sentries","floor":6,"turns":5},{"damage":15,"enemies":"Lagavulin","floor":8,"turns":7},{"damage":1,"enemies":"Cultist","floor":11,"turns":3},{"damage":0,"enemies":"Large Slime","floor":12,"turns":4},{"damage":33,"enemies":"Gremlin Nob","floor":14,"turns":3},{"damage":47,"enemies":"The Guardian","floor":16,"turns":9}],"seed_played":"6142844322630344399","potions_obtained":[{"floor":1,"key":"Regen Potion"},{"floor":11,"key":"Explosive Potion"},{"floor":12,"key":"PowerPotion"}],"is_trial":false,"path_per_floor":["M","?","?","M","$","E","R","E","T","R","M","M","R","E","R","B"],"character_chosen":"DEFECT","items_purchased":[],"campfire_rested":1,"item_purchase_floors":[],"current_hp_per_floor":[59,59,59,55,55,29,29,39,39,39,38,38,38,5,34,0,0],"gold":199,"neow_bonus":"ONE_RARE_RELIC","is_daily":false,"chose_seed":false,"campfire_upgraded":3,"win_rate":0.0,"timestamp":1610577922,"path_taken":["M","?","?","M","?","E","R","E","T","R","M","M","R","E","R","BOSS"],"items_purchased_type":[],"build_version":"2020-12-22","purchased_purges":0,"victory":false,"max_hp_per_floor":[75,75,75,75,75,89,89,99,99,99,99,99,99,99,99,99,99],"relic_stats":{"counters":[8,38],"Prayer Wheel":2,"Ginger":[0],"obtain_stats":[{"Pear":8,"Mango":6,"Prayer Wheel":9,"Ginger":0,"Cracked Core":0,"Toy Ornithopter":14},{"Pear":4,"Mango":3,"Prayer Wheel":4,"Ginger":0,"Cracked Core":0,"Toy Ornithopter":7},{"Pear":19,"Mango":12,"Prayer Wheel":19,"Ginger":0,"Cracked Core":0,"Toy Ornithopter":29}],"Toy Ornithopter":10},"card_choices":[{"not_picked":["Stack","Sweeping Beam"],"picked":"Static Discharge","floor":1},{"not_picked":["Double Energy","Force Field"],"picked":"Defragment","floor":4},{"not_picked":["Redo","Double Energy"],"picked":"Ball Lightning","floor":6},{"not_picked":["Double Energy","Stack"],"picked":"Consume","floor":8},{"not_picked":["FTL","Stack"],"picked":"Compile Driver","floor":11},{"not_picked":["Meteor Strike","Rebound"],"picked":"Undo","floor":11},{"not_picked":["Leap","Conserve Battery"],"picked":"Genetic Algorithm","floor":12},{"not_picked":["Leap","Gash"],"picked":"BootSequence","floor":12},{"not_picked":["Barrage","Consume"],"picked":"Redo","floor":14}],"player_experience":837479,"relics_obtained":[{"floor":6,"key":"Mango"},{"floor":8,"key":"Pear"},{"floor":9,"key":"Prayer Wheel"},{"floor":14,"key":"Toy Ornithopter"}],"event_choices":[{"cards_removed":["Regret"],"damage_healed":0,"gold_gain":0,"player_choice":"Forget","damage_taken":0,"max_hp_gain":0,"max_hp_loss":0,"event_name":"Living Wall","floor":2,"gold_loss":0},{"cards_removed":["Strike_B"],"damage_healed":0,"gold_gain":0,"player_choice":"Card Removal","damage_taken":0,"max_hp_gain":0,"max_hp_loss":0,"event_name":"The Cleric","floor":3,"gold_loss":50}],"is_beta":false,"boss_relics":[],"items_purged_floors":[],"is_endless":false,"potions_floor_spawned":[1,11,12],"killed_by":"The Guardian","ascension_level":11}}