{"host":"tnsigirk6wurdark","time":1610566240,"event":{"mods":["BaseMod","Colored Map","Colored Powertips","Highlight Path","Minty Spire (QoL Compilation)","Quick Restart","Relic Sorter","StSLib","Synergy Search"],"gold_per_floor":[109,129,129,144,69,69,99,99,99,133,133,3,0,0,0,77,77,95,95,95,125,140,140,10,36,36,68,86,86,106,126,126,201,201,211,0,0,11,23,23,36,48,48,48,48,48,62,11,11,11,11],"floor_reached":50,"language":"ENG","playtime":3356,"items_purged":[],"score":879,"play_id":"387cb08e-6d61-45ae-adb8-5d3fbe8d5b71","local_time":"20210113193040","is_ascension_mode":true,"campfire_choices":[{"data":"Acrobatics","floor":6,"key":"SMITH"},{"floor":8,"key":"REST"},{"data":"Deadly Poison","floor":11,"key":"SMITH"},{"floor":15,"key":"REST"},{"floor":23,"key":"REST"},{"floor":29,"key":"REST"},{"floor":32,"key":"REST"},{"floor":40,"key":"REST"},{"floor":44,"key":"REST"},{"floor":49,"key":"REST"}],"circlet_count":0,"master_deck":["AscendersBane","Strike_G","Strike_G","Defend_G","Defend_G","Defend_G","Defend_G","Defend_G","Survivor","Neutralize","Acrobatics+1","Dagger Throw","Dodge and Roll","Quick Slash","Deadly Poison+1","Noxious Fumes","Corpse Explosion","Blade Dance","RitualDagger","Terror","Cloak And Dagger+1","Endless Agony","A Thousand Cuts","Endless Agony","Crippling Poison+1","Underhanded Strike","Escape Plan+1","Burst","Finisher+1","Bouncing Flask","Apotheosis+1","Dash","Accuracy+1","Panache","Swift Strike","Bouncing Flask"],"relics":["HoveringKite","Shuriken","InkBottle","Pear","SlaversCollar","Red Mask","Orichalcum","Meat on the Bone","Boot","WristBlade","Gremlin Horn"],"acts_visited":["Exordium","TheCity","TheBeyond"],"potions_floor_usage":[7,16,21,25,27,31,33,39,39,42,50],"damage_taken":[{"damage":0,"enemies":"2 Louse","floor":1,"turns":2},{"damage":1,"enemies":"Small Slimes","floor":2,"turns":4},{"damage":0,"enemies":"Jaw Worm","floor":4,"turns":4},{"damage":18,"enemies":"Lagavulin","floor":7,"turns":5},{"damage":19,"enemies":"3 Sentries","floor":10,"turns":9},{"damage":38,"enemies":"Slime Boss","floor":16,"turns":7},{"damage":22,"enemies":"Spheric Guardian","floor":18,"turns":4},{"damage":0,"enemies":"Masked Bandits","floor":21,"turns":2},{"damage":10,"enemies":"Shell Parasite","floor":22,"turns":7},{"damage":16,"enemies":"Book of Stabbing","floor":25,"turns":4},{"damage":16,"enemies":"Gremlin Leader","floor":27,"turns":6},{"damage":16,"enemies":"Shelled Parasite and Fungi","floor":28,"turns":5},{"damage":14,"enemies":"Centurion and Healer","floor":30,"turns":5},{"damage":4,"enemies":"3 Cultists","floor":31,"turns":4},{"damage":60,"enemies":"Collector","floor":33,"turns":8},{"damage":1,"enemies":"3 Shapes","floor":35,"turns":4},{"damage":2,"enemies":"Orb Walker","floor":38,"turns":2},{"damage":28,"enemies":"Maw","floor":39,"turns":7},{"damage":17,"enemies":"4 Shapes","floor":41,"turns":3},{"damage":10,"enemies":"Sphere and 2 Shapes","floor":42,"turns":4},{"damage":55,"enemies":"Writhing Mass","floor":47,"turns":5},{"damage":36,"enemies":"Time Eater","floor":50,"turns":4}],"seed_played":"5720943379883085423","potions_obtained":[{"floor":2,"key":"CultistPotion"},{"floor":18,"key":"SneckoOil"},{"floor":25,"key":"SteroidPotion"},{"floor":30,"key":"PowerPotion"},{"floor":31,"key":"CunningPotion"},{"floor":33,"key":"GhostInAJar"},{"floor":35,"key":"Regen Potion"},{"floor":41,"key":"DistilledChaos"}],"is_trial":false,"path_per_floor":["M","M","?","M","?","R","E","R","T","E","R","$","?","$","R","B",null,"M","?","?","?","M","R","$","E","T","E","M","R","M","M","R","B",null,"M","$","?","M","M","R","M","M","T","R","?","?","M","$","R","B"],"character_chosen":"THE_SILENT","items_purchased":["SteroidPotion","Noxious Fumes","Endless Agony","Dexterity Potion","Bouncing Flask","Apotheosis","Dexterity Potion"],"campfire_rested":8,"item_purchase_floors":[12,12,24,24,36,36,48],"current_hp_per_floor":[59,58,51,51,51,51,33,52,52,43,43,43,43,43,65,27,64,42,42,36,36,26,48,48,32,32,28,24,46,44,40,62,14,61,60,60,60,58,45,67,50,40,40,62,57,57,14,14,36,0,0],"gold":11,"neow_bonus":"BOSS_RELIC","is_daily":false,"chose_seed":false,"campfire_upgraded":2,"win_rate":0.0,"timestamp":1610566240,"path_taken":["M","M","?","M","?","R","E","R","T","E","R","$","?","?","R","BOSS","M","?","?","?","M","R","$","E","T","E","M","R","M","?","R","BOSS","M","$","?","M","M","R","M","M","T","R","?","?","?","$","R","BOSS"],"items_purchased_type":["Potion","Card","Card","Potion","Card","Card","Potion"],"build_version":"2020-12-22","purchased_purges":0,"victory":false,"max_hp_per_floor":[66,66,66,66,66,66,66,66,66,76,76,76,76,76,76,76,76,76,76,76,76,76,76,76,76,76,76,76,76,76,76,76,76,76,76,76,76,76,76,76,76,76,76,76,76,76,76,76,76,76,76],"card_choices":[{"not_picked":["Blade Dance","Outmaneuver"],"picked":"Acrobatics","floor":1},{"not_picked":["Dagger Spray","Cloak And Dagger"],"picked":"Dagger Throw","floor":2},{"not_picked":["Prepared","Blade Dance"],"picked":"Dodge and Roll","floor":4},{"not_picked":["Wraith Form v2","Cloak And Dagger"],"picked":"Quick Slash","floor":7},{"not_picked":["Tactician","Well Laid Plans"],"picked":"Deadly Poison","floor":10},{"not_picked":["Die Die Die","After Image"],"picked":"Corpse Explosion","floor":16},{"not_picked":["Deflect","Eviscerate","Prepared"],"picked":"SKIP","floor":18},{"not_picked":["Dagger Throw","Flying Knee"],"picked":"Terror","floor":21},{"not_picked":["Deadly Poison","Acrobatics"],"picked":"Cloak And Dagger+1","floor":22},{"not_picked":["Deflect","Backstab"],"picked":"A Thousand Cuts","floor":25},{"not_picked":["Leg Sweep","Dagger Spray"],"picked":"Endless Agony","floor":27},{"not_picked":["Outmaneuver","Dash"],"picked":"Crippling Poison+1","floor":28},{"not_picked":["Leg Sweep","Dodge and Roll"],"picked":"Underhanded Strike","floor":30},{"not_picked":["Prepared","Dagger Throw"],"picked":"Escape Plan+1","floor":31},{"not_picked":["Storm of Steel","Night Terror"],"picked":"Burst","floor":33},{"not_picked":["Terror","Dagger Spray"],"picked":"Finisher+1","floor":35},{"not_picked":["PiercingWail","Deflect"],"picked":"Dash","floor":38},{"not_picked":["Heel Hook+1","Infinite Blades+1","Acrobatics"],"picked":"SKIP","floor":39},{"not_picked":["Prepared+1","Acrobatics+1"],"picked":"Accuracy+1","floor":41},{"not_picked":["Setup","All Out Attack","Dagger Spray"],"picked":"SKIP","floor":42},{"not_picked":["Trip","Transmutation"],"picked":"Panache","floor":45},{"not_picked":["Thinking Ahead","Deep Breath"],"picked":"Swift Strike","floor":45},{"not_picked":["Deflect","Reflex"],"picked":"Bouncing Flask","floor":47}],"player_experience":713112,"relics_obtained":[{"floor":7,"key":"Shuriken"},{"floor":9,"key":"InkBottle"},{"floor":10,"key":"Pear"},{"floor":21,"key":"Red Mask"},{"floor":25,"key":"Orichalcum"},{"floor":26,"key":"Meat on the Bone"},{"floor":27,"key":"Boot"},{"floor":43,"key":"Gremlin Horn"}],"event_choices":[{"cards_removed":["Strike_G"],"damage_healed":0,"gold_gain":0,"player_choice":"Card Removal","damage_taken":7,"max_hp_gain":0,"max_hp_loss":0,"event_name":"Golden Wing","floor":3,"gold_loss":0},{"cards_removed":["Strike_G"],"damage_healed":0,"gold_gain":0,"player_choice":"Card Removal","damage_taken":0,"max_hp_gain":0,"max_hp_loss":0,"event_name":"The Cleric","floor":5,"gold_loss":75},{"damage_healed":0,"gold_gain":0,"player_choice":"Left Gold","damage_taken":0,"max_hp_gain":0,"max_hp_loss":0,"event_name":"World of Goop","floor":13,"gold_loss":3},{"damage_healed":0,"gold_gain":0,"player_choice":"Read","damage_taken":0,"max_hp_gain":0,"max_hp_loss":0,"event_name":"The Library","floor":19,"gold_loss":0,"cards_obtained":["Blade Dance"]},{"damage_healed":0,"gold_gain":0,"player_choice":"Joined the Cult","damage_taken":6,"max_hp_gain":0,"max_hp_loss":0,"event_name":"Nest","floor":20,"gold_loss":0,"cards_obtained":["RitualDagger"]},{"damage_healed":0,"gold_gain":0,"player_choice":"Fought Bandits","damage_taken":0,"max_hp_gain":0,"max_hp_loss":0,"event_name":"Masked Bandits","floor":21,"gold_loss":0},{"cards_removed":["Strike_G"],"damage_healed":0,"gold_gain":0,"player_choice":"Removed Attack","damage_taken":0,"max_hp_gain":0,"max_hp_loss":0,"event_name":"Falling","floor":37,"gold_loss":0},{"damage_healed":0,"gold_gain":0,"player_choice":"Memory 2","damage_taken":5,"max_hp_gain":0,"max_hp_loss":0,"event_name":"SensoryStone","floor":45,"gold_loss":0},{"damage_healed":0,"gold_gain":0,"player_choice":"Forge","damage_taken":0,"max_hp_gain":0,"max_hp_loss":0,"event_name":"Accursed Blacksmith","floor":46,"gold_loss":0,"cards_upgraded":["Apotheosis"]}],"is_beta":false,"boss_relics":[{"not_picked":["Astrolabe","Coffee Dripper"],"picked":"SlaversCollar"},{"not_picked":["Sozu","Philosopher\u0027s Stone"],"picked":"WristBlade"}],"items_purged_floors":[],"is_endless":false,"potions_floor_spawned":[2,18,25,30,31,33,35,41],"killed_by":"Time Eater","ascension_level":15}}