{"host":"chv1qanoipyt46jc","time":1610514040,"event":{"mods":["2.2 Compatiblity","AchievementEnabler","Bartender","BaseMod","BetterRewards","CapriCore","Card Filter","Evolution","Gold Saver","Grow up Mod","Minty Spire (QoL Compilation)","Rare Cards Sparkle","Relic Filter","Remove Card Discount Mod","Reorder Act Four","StSLib"],"gold_per_floor":[1176,1196,1236,1222,1262,1262,1330,1372,1372,1435,1435,1435,1435,1465,1465,1589,1589,1626,1671,1709,1722,1722,1722,1754,1754,1824,1824,1843,1859,1874,1900,1900,2002,2002,2018,2008,2083,2098,2108,2162,2162,2162,2189,2203,2223,2223,2265,2308,2308,2333,2333,2333,2333,2360,2360],"floor_reached":56,"language":"ENG","playtime":1850,"items_purged":["Defend_G","Neutralize","Defend_G","Dagger Spray","Dagger Spray","Dagger Spray","Dagger Spray","Dagger Spray","Dagger Spray","Survivor","Deadly Poison+1","Deadly Poison+1","Deadly Poison+1","Caltrops+1","Noxious Fumes+1"],"score":1600,"play_id":"38775a1a-686d-4e85-83c7-bb70bf5d926f","local_time":"20210112230040","is_ascension_mode":false,"campfire_choices":[{"data":"HandOfGreed","floor":6,"key":"SMITH"},{"data":"Accuracy","floor":12,"key":"SMITH"},{"data":"Cloak And Dagger","floor":15,"key":"SMITH"},{"data":"Venomology","floor":23,"key":"SMITH"},{"floor":25,"key":"RECALL"},{"data":"Noxious Fumes","floor":27,"key":"SMITH"},{"data":"Deadly Poison","floor":32,"key":"SMITH"},{"data":"Cloak And Dagger","floor":42,"key":"SMITH"},{"data":"Envenom","floor":46,"key":"SMITH"},{"data":"Cloak And Dagger","floor":49,"key":"SMITH"},{"floor":53,"key":"REST"}],"circlet_count":0,"master_deck":["Cloak And Dagger+1","Cloak And Dagger+1","Cloak And Dagger+1","HandOfGreed+1","Accuracy+1","Venomology+1","Grand Finale+1","Accuracy+1","Envenom+1"],"relics":["Ring of the Snake","EVO:Axolotl","Ninja Scroll","Potion Belt","Membership Card","Bronze Scales","Medical Kit","Akabeko","Black Star","Bag of Marbles","Art of War","Bottled Lightning","Question Card","Power_Wrist","Boot","WristBlade","Peace Pipe","InkBottle","Blood Vial","Protect_Vest","StoneCalendar","Bag of Preparation"],"acts_visited":["Exordium","TheCity","TheBeyond","TheEnding"],"potions_floor_usage":[18,20,21,24,24,29,30,30,33,33,33,33,38,40,40,44,44,47,50,50,55,55,55,55],"damage_taken":[{"damage":11,"enemies":"Jaw Worm","floor":1,"turns":2},{"damage":0,"enemies":"2 Louse","floor":2,"turns":1},{"damage":6,"enemies":"Cultist","floor":3,"turns":3},{"damage":9,"enemies":"2 Fungi Beasts","floor":5,"turns":2},{"damage":7,"enemies":"Exordium Thugs","floor":7,"turns":2},{"damage":4,"enemies":"Looter","floor":8,"turns":2},{"damage":5,"enemies":"Lots of Slimes","floor":10,"turns":3},{"damage":14,"enemies":"Gremlin Nob","floor":14,"turns":3},{"damage":42,"enemies":"Hexaghost","floor":16,"turns":5},{"damage":0,"enemies":"Chosen","floor":18,"turns":3},{"damage":11,"enemies":"Shell Parasite","floor":20,"turns":3},{"damage":4,"enemies":"Chosen and Byrds","floor":21,"turns":3},{"damage":6,"enemies":"Book of Stabbing","floor":24,"turns":2},{"damage":15,"enemies":"Snecko","floor":28,"turns":3},{"damage":6,"enemies":"3 Cultists","floor":29,"turns":3},{"damage":9,"enemies":"Snake Plant","floor":30,"turns":2},{"damage":27,"enemies":"Gremlin Leader","floor":31,"turns":4},{"damage":14,"enemies":"Collector","floor":33,"turns":3},{"damage":0,"enemies":"3 Darklings","floor":35,"turns":2},{"damage":4,"enemies":"2 Orb Walkers","floor":37,"turns":2},{"damage":3,"enemies":"3 Shapes","floor":38,"turns":1},{"damage":0,"enemies":"Writhing Mass","floor":39,"turns":1},{"damage":0,"enemies":"Giant Head","floor":40,"turns":3},{"damage":0,"enemies":"Maw","floor":44,"turns":1},{"damage":25,"enemies":"3 Darklings","floor":45,"turns":3},{"damage":3,"enemies":"Sphere and 2 Shapes","floor":47,"turns":3},{"damage":1,"enemies":"4 Shapes","floor":48,"turns":3},{"damage":40,"enemies":"Awakened One","floor":50,"turns":4},{"damage":0,"enemies":"Shield and Spear","floor":54,"turns":3},{"damage":101,"enemies":"The Heart","floor":55,"turns":5}],"seed_played":"-8516559214671619544","potions_obtained":[{"floor":1,"key":"CunningPotion"},{"floor":3,"key":"EssenceOfSteel"},{"floor":8,"key":"Weak Potion"},{"floor":10,"key":"Block Potion"},{"floor":14,"key":"GamblersBrew"},{"floor":35,"key":"FearPotion"},{"floor":40,"key":"Strength Potion"},{"floor":47,"key":"Energy Potion"}],"is_trial":false,"path_per_floor":["M","M","M","$","M","R","M","M","T","M","?","R","?","E","R","B",null,"M","T","M","M","?","R","E","R","T","R","M","M","M","E","R","B",null,"M","$","?","M","M","E","?","R","T","M","M","R","M","M","R","B",null,"$","R","E","B",null],"character_chosen":"THE_SILENT","items_purchased":["Ninja Scroll","HandOfGreed","Potion Belt","Membership Card","Bronze Scales","Deadly Poison","Noxious Fumes","Medical Kit","Dagger Spray","Accuracy"],"campfire_rested":1,"item_purchase_floors":[0,0,0,0,0,0,0,0,0,0],"current_hp_per_floor":[37,47,51,61,62,72,75,81,91,96,70,80,90,86,96,64,250,260,270,269,275,285,295,299,309,319,329,324,328,329,312,322,318,420,430,440,446,453,463,473,483,493,503,515,502,512,521,532,542,514,590,600,610,620,529],"gold":2360,"neow_bonus":"","is_daily":false,"chose_seed":false,"campfire_upgraded":9,"win_rate":0.0,"timestamp":1610514040,"path_taken":["M","M","M","$","M","R","M","M","T","M","?","R","?","E","R","BOSS","M","?","M","M","?","R","E","R","T","R","M","M","M","E","R","BOSS","M","$","?","M","M","E","?","R","T","M","?","R","M","M","R","BOSS","$","R","E","BOSS"],"items_purchased_type":["Relic","Card","Relic","Relic","Relic","Card","Card","Relic","Card","Card"],"build_version":"2020-12-22","purchased_purges":15,"victory":true,"max_hp_per_floor":[90,100,110,120,130,140,150,160,170,180,190,200,210,220,230,240,250,260,270,280,290,300,310,320,330,340,350,360,370,380,390,400,410,420,430,440,450,460,470,480,490,500,510,520,530,540,550,560,570,580,590,600,610,620,630],"card_choices":[{"not_picked":["Underhanded Strike","Caltrops","Poisoned Stab"],"picked":"SKIP","floor":1},{"not_picked":["Underhanded Strike","Poisoned Stab"],"picked":"Caltrops","floor":1},{"not_picked":["Acrobatics","Flying Knee","Deflect"],"picked":"SKIP","floor":2},{"not_picked":["Deflect","Blade Dance","Underhanded Strike"],"picked":"SKIP","floor":3},{"not_picked":["Bane","Flechettes","Well Laid Plans"],"picked":"SKIP","floor":5},{"not_picked":["Prepared","Backflip","Bane"],"picked":"SKIP","floor":7},{"not_picked":["Dagger Spray","Leg Sweep","Backflip"],"picked":"SKIP","floor":8},{"not_picked":["Deflect","Poisoned Stab","Heel Hook"],"picked":"SKIP","floor":10},{"not_picked":["All Out Attack","Backflip","Burst"],"picked":"SKIP","floor":14},{"not_picked":["Corpse Explosion","After Image"],"picked":"Venomology","floor":16},{"not_picked":["Tactician","Sucker Punch","Deflect"],"picked":"SKIP","floor":18},{"not_picked":["Prepared","Calculated Gamble"],"picked":"Deadly Poison","floor":20},{"not_picked":["Flechettes","Acrobatics","Caltrops"],"picked":"SKIP","floor":21},{"not_picked":["Blade Dance","Backflip","Prepared+1"],"picked":"SKIP","floor":24},{"not_picked":["All Out Attack","Doppelganger","Distraction+1"],"picked":"Deadly Poison+1","floor":28},{"not_picked":["Flying Knee","Underhanded Strike","Tactician","Infinite Blades"],"picked":"SKIP","floor":29},{"not_picked":["Dash","Backstab","Prepared","Deflect"],"picked":"SKIP","floor":30},{"not_picked":["Reflex+1","Dagger Spray+1","Flying Knee","Venomology"],"picked":"SKIP","floor":31},{"not_picked":["Envenom","Die Die Die","Adrenaline"],"picked":"Grand Finale","floor":33},{"not_picked":["Acrobatics+1","Quick Slash","Expertise+1"],"picked":"Accuracy+1","floor":35},{"not_picked":["Blade Dance","Bane","Deadly Poison","Finisher+1"],"picked":"SKIP","floor":38},{"not_picked":["Underhanded Strike+1","Sucker Punch","Acrobatics","All Out Attack"],"picked":"SKIP","floor":39},{"not_picked":["Setup","Blur+1","Acrobatics+1","Bane"],"picked":"SKIP","floor":40},{"not_picked":["Backflip+1","Blade Dance+1","Slice"],"picked":"Envenom","floor":44},{"not_picked":["Flechettes+1","Bane","Blade Dance","Quick Slash"],"picked":"SKIP","floor":45},{"not_picked":["Dagger Throw","Prepared","Flying Knee","Deflect+1"],"picked":"SKIP","floor":47},{"not_picked":["Tactician+1","Underhanded Strike","Flechettes","Deadly Poison"],"picked":"SKIP","floor":48},{"not_picked":["Deflect+1","Slice","Die Die Die","Flying Knee+1"],"picked":"SKIP","floor":54}],"player_experience":392578,"relics_obtained":[{"floor":14,"key":"Akabeko"},{"floor":19,"key":"Bag of Marbles"},{"floor":24,"key":"Art of War"},{"floor":24,"key":"Bottled Lightning"},{"floor":26,"key":"Question Card"},{"floor":31,"key":"Power_Wrist"},{"floor":31,"key":"Boot"},{"floor":37,"key":"Peace Pipe"},{"floor":40,"key":"InkBottle"},{"floor":40,"key":"Blood Vial"},{"floor":43,"key":"Protect_Vest"},{"floor":54,"key":"StoneCalendar"},{"floor":54,"key":"Bag of Preparation"}],"event_choices":[{"damage_healed":0,"gold_gain":0,"player_choice":"Entered Light","damage_taken":36,"max_hp_gain":0,"max_hp_loss":0,"event_name":"Shining Light","floor":11,"gold_loss":0,"cards_upgraded":["Caltrops","Deadly Poison"]},{"damage_healed":0,"gold_gain":0,"player_choice":"Leave","damage_taken":0,"max_hp_gain":0,"max_hp_loss":0,"event_name":"FaceTrader","floor":13,"gold_loss":0},{"damage_healed":0,"gold_gain":0,"player_choice":"Ignored","damage_taken":0,"max_hp_gain":0,"max_hp_loss":0,"event_name":"Purifier","floor":22,"gold_loss":0},{"damage_healed":0,"gold_gain":0,"player_choice":"Fight","damage_taken":0,"max_hp_gain":0,"max_hp_loss":0,"event_name":"Mysterious Sphere","floor":37,"gold_loss":0},{"damage_healed":0,"gold_gain":0,"player_choice":"Forge","damage_taken":0,"max_hp_gain":0,"max_hp_loss":0,"event_name":"Accursed Blacksmith","floor":41,"gold_loss":0,"cards_upgraded":["Grand Finale"]}],"is_beta":false,"boss_relics":[{"not_picked":["HoveringKite","Ring of the Serpent"],"picked":"Black Star"},{"not_picked":["Pandora\u0027s Box","Silver_Glasses"],"picked":"WristBlade"}],"items_purged_floors":[0,0,0,4,4,4,4,4,4,4,36,36,36,36,36],"is_endless":false,"potions_floor_spawned":[1,3,8,10,14,20,21,33,35,37,40,47,48],"ascension_level":0}}