{"host":"mai03x2ekbjy4059","time":1610502498,"event":{"mods":["2.2 Compatiblity","BaseMod","DeckTracker","Highlight Path","Keyboard Shortcuts","Minty Spire (QoL Compilation)","Permanent Neow","Quick Restart","SuperFastMode","everything is the same but u backflip on backflip"],"gold_per_floor":[11,11,11,30,30,59,74,100,174,200,200,200,213,101,101,173,173,189,204,223,234,234,259,259,290,290,290,290,322,32,44,44,44,44,64,89,89,18,41,73,86,86,86,112,130,144,176,189,189,189,189,189,51,78,78],"floor_reached":56,"language":"KOR","playtime":2359,"items_purged":["Defend_P","Defend_P+1","Consecrate+1"],"score":2835,"play_id":"9c03c4ec-f5a7-461d-af68-d02921855c7a","local_time":"20210113104818","is_ascension_mode":true,"campfire_choices":[{"data":"Adaptation","floor":15.0,"key":"SMITH"},{"data":"InnerPeace","floor":24.0,"key":"SMITH"},{"data":"Vigilance","floor":28.0,"key":"SMITH"},{"data":"FlurryOfBlows","floor":32.0,"key":"SMITH"},{"floor":49,"key":"RECALL"},{"data":"Flash of Steel","floor":52,"key":"SMITH"}],"circlet_count":0,"master_deck":["AscendersBane","Eruption+1","Vigilance+1","InnerPeace+1","Adaptation+1","Perseverance+1","Flash of Steel+1"],"relics":["PureWater","CloakClasp","Toy Ornithopter","Letter Opener","Gremlin Horn","Potion Belt","Astrolabe","Vajra","Bag of Preparation","The Courier","MutagenicStrength","Ice Cream","Bottled Tornado","Busted Crown","Torii","Happy Flower","Molten Egg 2","Orichalcum","Turnip","Akabeko"],"acts_visited":["Exordium","TheCity","TheBeyond","TheEnding"],"potions_floor_usage":[55,55,55,55],"damage_taken":[{"damage":2.0,"enemies":"Small Slimes","floor":1.0,"turns":5.0},{"damage":2.0,"enemies":"Cultist","floor":4.0,"turns":3.0},{"damage":8.0,"enemies":"3 Sentries","floor":6.0,"turns":9.0},{"damage":0.0,"enemies":"2 Louse","floor":7.0,"turns":2.0},{"damage":14.0,"enemies":"Gremlin Nob","floor":8.0,"turns":3.0},{"damage":15.0,"enemies":"Lagavulin","floor":10.0,"turns":7.0},{"damage":0.0,"enemies":"Large Slime","floor":13.0,"turns":5.0},{"damage":0.0,"enemies":"Hexaghost","floor":16.0,"turns":7.0},{"damage":0.0,"enemies":"Shell Parasite","floor":18.0,"turns":2.0},{"damage":0.0,"enemies":"Spheric Guardian","floor":19.0,"turns":3.0},{"damage":0.0,"enemies":"Cultist and Chosen","floor":20.0,"turns":3.0},{"damage":0.0,"enemies":"Centurion and Healer","floor":21.0,"turns":3.0},{"damage":0.0,"enemies":"Gremlin Leader","floor":23.0,"turns":2.0},{"damage":0.0,"enemies":"Book of Stabbing","floor":25.0,"turns":2.0},{"damage":0.0,"enemies":"Gremlin Leader","floor":29.0,"turns":2.0},{"damage":0.0,"enemies":"Shelled Parasite and Fungi","floor":31.0,"turns":1.0},{"damage":0.0,"enemies":"Collector","floor":33.0,"turns":2.0},{"damage":0,"enemies":"3 Shapes","floor":35,"turns":1},{"damage":0,"enemies":"Mind Bloom Boss Battle","floor":36,"turns":1},{"damage":0,"enemies":"Giant Head","floor":40,"turns":1},{"damage":0,"enemies":"3 Darklings","floor":41,"turns":1},{"damage":0,"enemies":"Nemesis","floor":44,"turns":1},{"damage":0,"enemies":"Maw","floor":45,"turns":1},{"damage":0,"enemies":"Writhing Mass","floor":46,"turns":1},{"damage":0,"enemies":"Giant Head","floor":47,"turns":1},{"damage":0,"enemies":"3 Darklings","floor":48,"turns":1},{"damage":0,"enemies":"Awakened One","floor":50,"turns":2},{"damage":0,"enemies":"Shield and Spear","floor":54,"turns":1},{"damage":64,"enemies":"The Heart","floor":55,"turns":4}],"seed_played":"3745169513382739939","potions_obtained":[{"floor":4.0,"key":"Explosive Potion"},{"floor":7.0,"key":"LiquidMemories"},{"floor":10.0,"key":"DistilledChaos"},{"floor":13.0,"key":"AttackPotion"},{"floor":20.0,"key":"Swift Potion"},{"floor":21.0,"key":"EssenceOfSteel"},{"floor":25.0,"key":"Strength Potion"},{"floor":40,"key":"FearPotion"},{"floor":44,"key":"LiquidBronze"}],"is_trial":false,"path_per_floor":["M","?","$","M","?","E","M","E","T","E","?","?","M","$","R","B",null,"M","M","M","M","?","E","R","E","T","?","R","E","$","M","R","B",null,"M","?","?","$","T","E","M","?","T","E","M","M","E","M","R","B",null,"R","$","E","B",null],"character_chosen":"WATCHER","items_purchased":["Adaptation","Bottled Tornado","Flash of Steel","Strength Potion"],"campfire_rested":0,"item_purchase_floors":[14,30,38,53],"current_hp_per_floor":[59,59,59,57,43,35,35,21,21,6,3,3,3,3,3,8,53,53,53,53,53,53,58,58,63,63,63,63,63,63,63,63,63,67,67,67,67,67,67,67,67,67,67,67,67,67,67,67,67,67,68,68,68,68,4],"gold":78,"neow_bonus":"REMOVE_TWO","is_daily":false,"chose_seed":false,"campfire_upgraded":5,"win_rate":0.0,"timestamp":1610502498,"path_taken":["M","?","?","?","?","E","M","E","T","E","?","?","M","$","R","BOSS","M","M","M","M","?","E","R","E","T","?","R","E","?","M","R","BOSS","M","?","?","?","?","E","?","?","T","E","M","M","E","M","R","BOSS","R","$","E","BOSS"],"items_purchased_type":["Card","Relic","Card","Potion"],"build_version":"2020-12-22","purchased_purges":3,"victory":true,"max_hp_per_floor":[68,68,68,68,68,68,68,68,68,68,68,68,68,68,68,68,68,68,68,68,68,68,68,68,68,68,68,68,68,68,68,68,68,68,68,68,68,68,68,68,68,68,68,68,68,68,68,68,68,68,68,68,68,68,68],"card_choices":[{"not_picked":["CrushJoints","Evaluate","PathToVictory"],"picked":"SKIP","floor":1.0},{"not_picked":["FollowUp","CrushJoints","Worship"],"picked":"SKIP","floor":4.0},{"not_picked":["Study","LikeWater","Sanctity"],"picked":"SKIP","floor":6.0},{"not_picked":["Sanctity","Protect","EmptyBody"],"picked":"SKIP","floor":7.0},{"not_picked":["JustLucky","ReachHeaven"],"picked":"InnerPeace","floor":8.0},{"not_picked":["WindmillStrike","Consecrate","ReachHeaven"],"picked":"SKIP","floor":10.0},{"not_picked":["WindmillStrike","Consecrate","ReachHeaven"],"picked":"SKIP","floor":10.0},{"not_picked":["Indignation","PathToVictory","WaveOfTheHand"],"picked":"SKIP","floor":13.0},{"not_picked":["CutThroughFate","WindmillStrike"],"picked":"FlurryOfBlows","floor":18.0},{"not_picked":["ThirdEye","Evaluate","Prostrate"],"picked":"SKIP","floor":19.0},{"not_picked":["Prostrate","PathToVictory+1","SashWhip"],"picked":"SKIP","floor":20.0},{"not_picked":["SpiritShield","Prostrate","BattleHymn"],"picked":"SKIP","floor":21.0},{"not_picked":["FlurryOfBlows","ReachHeaven","Weave+1"],"picked":"SKIP","floor":23.0},{"not_picked":["Protect","ForeignInfluence","LikeWater"],"picked":"SKIP","floor":25.0},{"not_picked":["EmptyBody","Sanctity","DeusExMachina"],"picked":"SKIP","floor":29.0},{"not_picked":["ClearTheMind","Protect","FlyingSleeves"],"picked":"SKIP","floor":31.0},{"not_picked":["Prostrate"],"picked":"SKIP","floor":35},{"not_picked":["Crescendo"],"picked":"SKIP","floor":40},{"not_picked":["JustLucky"],"picked":"SKIP","floor":41},{"not_picked":["Prostrate"],"picked":"SKIP","floor":44},{"not_picked":["Crescendo+1"],"picked":"SKIP","floor":45},{"not_picked":["WreathOfFlame"],"picked":"SKIP","floor":46},{"not_picked":["WreathOfFlame"],"picked":"SKIP","floor":46},{"not_picked":["WheelKick+1"],"picked":"SKIP","floor":47},{"not_picked":["Halt"],"picked":"SKIP","floor":48},{"not_picked":["Study+1"],"picked":"SKIP","floor":54}],"player_experience":1071740,"relics_obtained":[{"floor":6.0,"key":"CloakClasp"},{"floor":8.0,"key":"Toy Ornithopter"},{"floor":9.0,"key":"Letter Opener"},{"floor":10.0,"key":"Gremlin Horn"},{"floor":23.0,"key":"Vajra"},{"floor":25.0,"key":"Bag of Preparation"},{"floor":26.0,"key":"The Courier"},{"floor":29.0,"key":"Ice Cream"},{"floor":36,"key":"Torii"},{"floor":40,"key":"Happy Flower"},{"floor":43,"key":"Molten Egg 2"},{"floor":44,"key":"Orichalcum"},{"floor":47,"key":"Turnip"},{"floor":54,"key":"Akabeko"}],"event_choices":[{"damage_healed":0.0,"max_hp_gain":0.0,"max_hp_loss":0.0,"gold_gain":0.0,"event_name":"Upgrade Shrine","player_choice":"Upgraded","floor":2.0,"gold_loss":0.0,"damage_taken":0.0,"cards_upgraded":["Eruption"]},{"damage_healed":0.0,"max_hp_gain":0.0,"max_hp_loss":0.0,"gold_gain":0.0,"event_name":"Shining Light","player_choice":"Entered Light","floor":5.0,"gold_loss":0.0,"damage_taken":14.0,"cards_upgraded":["Strike_P","Defend_P"]},{"damage_healed":0.0,"max_hp_gain":0.0,"max_hp_loss":0.0,"gold_gain":0.0,"event_name":"Scrap Ooze","player_choice":"Success","floor":11.0,"gold_loss":0.0,"damage_taken":3.0,"relics_obtained":["Potion Belt"]},{"cards_removed":["Defend_P"],"damage_healed":0.0,"max_hp_gain":0.0,"max_hp_loss":0.0,"gold_gain":0.0,"event_name":"Living Wall","player_choice":"Forget","floor":12.0,"gold_loss":0.0,"damage_taken":0.0},{"cards_removed":["JustLucky"],"damage_healed":0.0,"max_hp_gain":0.0,"max_hp_loss":0.0,"gold_gain":0.0,"event_name":"Back to Basics","player_choice":"Elegance","floor":22.0,"gold_loss":0.0,"damage_taken":0.0},{"damage_healed":0.0,"max_hp_gain":0.0,"max_hp_loss":0.0,"gold_gain":0.0,"event_name":"Drug Dealer","player_choice":"Inject Mutagens","floor":27.0,"gold_loss":0.0,"damage_taken":0.0,"relics_obtained":["MutagenicStrength"]},{"damage_healed":0,"gold_gain":0,"player_choice":"Fight","damage_taken":0,"max_hp_gain":0,"max_hp_loss":0,"event_name":"MindBloom","floor":36,"gold_loss":0},{"cards_removed":["FlurryOfBlows"],"damage_healed":0,"gold_gain":0,"player_choice":"Removed Attack","damage_taken":0,"max_hp_gain":0,"max_hp_loss":0,"event_name":"Falling","floor":37,"gold_loss":0},{"damage_healed":0,"gold_gain":0,"player_choice":"Memory 1","damage_taken":0,"max_hp_gain":0,"max_hp_loss":0,"event_name":"SensoryStone","floor":42,"gold_loss":0}],"is_beta":false,"boss_relics":[{"not_picked":["Runic Pyramid","Philosopher\u0027s Stone"],"picked":"Astrolabe"},{"not_picked":["Velvet Choker","Sozu"],"picked":"Busted Crown"}],"items_purged_floors":[14,30,53],"is_endless":false,"potions_floor_spawned":[4,7,10,13,20,21,25,33,40,41,44,46],"ascension_level":14}}