{"host":"mvi9b5ih1d2nn41h","time":1610506583,"event":{"mods":["BaseMod","Card Forge","Minty Spire (QoL Compilation)","No Card Rewards","StSLib","UnlockEverythingMod"],"gold_per_floor":[118,137,157,215,232,232,248,274,274,287,287,314,344,363,363,464,464,480,493,493,473,28,60,71,71,71,71,71,86,110,129,129,228,278,298,298,348,348,368,395,5,5,5,5,34,50,70,83,83,83],"floor_reached":51,"language":"ENG","playtime":4649,"items_purged":[],"score":754,"play_id":"468c915f-14eb-4ef1-a9fc-3b88f8bba276","local_time":"20210112205623","is_ascension_mode":false,"campfire_choices":[{"floor":6,"key":"REST"},{"floor":15,"key":"REST"},{"floor":27,"key":"REST"},{"floor":32,"key":"REST"},{"floor":44,"key":"REST"},{"floor":49,"key":"REST"}],"circlet_count":0,"master_deck":["Auto Shields","Consume+1","Fusion","Cold Snap+1","Steam Power","Sunder","Chaos","Compile Driver","Ball Lightning","Static Discharge+1","Sweeping Beam","Capacitor","Chill+1","Ball Lightning","Fusion","Reprogram","Defragment","Storm","Hello World","Redo+1","Conserve Battery+1","Mind Blast"],"relics":["Cracked Core","Emotion Chip","Bronze Scales","Anchor","The Courier","Smiling Mask","Meat on the Bone","SlaversCollar","FossilizedHelix","Pantograph","Bottled Lightning","Gremlin Horn","Happy Flower","Tiny House","Turnip","Bird Faced Urn","Membership Card","War Paint","Potion Belt","Pen Nib","Question Card","Omamori"],"acts_visited":["Exordium","TheCity","TheBeyond"],"potions_floor_usage":[7,14,16,16,23,23,33,35,35,39,45,45,48,50,50,50,50,50,50,50],"damage_taken":[{"damage":0,"enemies":"Cultist","floor":1,"turns":2},{"damage":0,"enemies":"Jaw Worm","floor":2,"turns":2},{"damage":4,"enemies":"Small Slimes","floor":3,"turns":2},{"damage":10,"enemies":"Blue Slaver","floor":5,"turns":2},{"damage":0,"enemies":"Lots of Slimes","floor":7,"turns":2},{"damage":1,"enemies":"Gremlin Nob","floor":8,"turns":3},{"damage":12,"enemies":"Exordium Thugs","floor":10,"turns":4},{"damage":0,"enemies":"Looter","floor":14,"turns":1},{"damage":41,"enemies":"The Guardian","floor":16,"turns":8},{"damage":26,"enemies":"2 Thieves","floor":18,"turns":3},{"damage":1,"enemies":"3 Byrds","floor":19,"turns":2},{"damage":18,"enemies":"Gremlin Leader","floor":23,"turns":5},{"damage":19,"enemies":"Snecko","floor":24,"turns":5},{"damage":34,"enemies":"3 Cultists","floor":29,"turns":5},{"damage":24,"enemies":"Chosen and Byrds","floor":31,"turns":6},{"damage":57,"enemies":"Champ","floor":33,"turns":8},{"damage":21,"enemies":"Orb Walker","floor":35,"turns":4},{"damage":23,"enemies":"Mind Bloom Boss Battle","floor":37,"turns":8},{"damage":0,"enemies":"3 Shapes","floor":39,"turns":4},{"damage":30,"enemies":"Reptomancer","floor":40,"turns":6},{"damage":45,"enemies":"Nemesis","floor":45,"turns":9},{"damage":32,"enemies":"Writhing Mass","floor":46,"turns":5},{"damage":4,"enemies":"3 Darklings","floor":47,"turns":5},{"damage":16,"enemies":"Sphere and 2 Shapes","floor":48,"turns":5},{"damage":64,"enemies":"Time Eater","floor":50,"turns":11}],"seed_played":"-3956998244846711382","potions_obtained":[{"floor":3,"key":"SpeedPotion"},{"floor":5,"key":"PowerPotion"},{"floor":7,"key":"Swift Potion"},{"floor":10,"key":"AttackPotion"},{"floor":14,"key":"Ancient Potion"},{"floor":19,"key":"Dexterity Potion"},{"floor":21,"key":"Explosive Potion"},{"floor":31,"key":"LiquidMemories"},{"floor":33,"key":"LiquidMemories"},{"floor":34,"key":"Swift Potion"},{"floor":37,"key":"Block Potion"},{"floor":40,"key":"CultistPotion"},{"floor":47,"key":"Strength Potion"}],"is_trial":true,"path_per_floor":["M","M","M","?","M","R","M","E","T","M","?","T","?","M","R","B",null,"M","M","?","?","$","E","M","T","T","R","?","M","T","M","R","B",null,"M","?","?","?","M","E","$","?","T","R","E","M","M","M","R","B",null],"character_chosen":"DEFECT","items_purchased":["FossilizedHelix","Reprogram","Defragment","Storm","Hello World","Membership Card","War Paint","Potion Belt","EntropicBrew","SkillPotion","Pen Nib","Regen Potion"],"campfire_rested":6,"item_purchase_floors":[22,22,22,22,22,41,41,41,41,41,41,41],"current_hp_per_floor":[75,75,71,71,61,75,75,74,74,62,47,47,47,47,69,40,75,49,48,48,48,48,42,35,35,35,57,75,41,41,29,51,30,80,59,59,57,57,57,39,39,39,39,63,41,29,47,49,73,47],"gold":83,"neow_bonus":"","is_daily":false,"chose_seed":true,"campfire_upgraded":0,"win_rate":0.0,"timestamp":1610506583,"path_taken":["M","M","?","?","M","R","M","E","T","M","?","?","?","M","R","BOSS","M","M","?","?","$","E","?","?","T","R","?","M","?","M","R","BOSS","M","?","?","?","M","E","?","?","T","R","E","M","M","M","R","BOSS"],"items_purchased_type":["Relic","Card","Card","Card","Card","Relic","Relic","Relic","Potion","Potion","Relic","Potion"],"build_version":"2020-12-22","purchased_purges":0,"victory":true,"max_hp_per_floor":[75,75,75,75,75,75,75,75,75,75,75,75,75,75,75,75,75,75,75,75,75,75,75,75,75,75,75,75,75,75,75,75,75,80,80,80,80,80,80,80,80,80,80,80,80,80,80,80,80,80],"card_choices":[{"not_picked":["Blizzard+1","Barrage+1"],"picked":"Redo+1","floor":34},{"not_picked":["Redo+1","Compile Driver"],"picked":"Conserve Battery","floor":37},{"not_picked":["Madness","Bandage Up"],"picked":"Mind Blast","floor":38}],"player_experience":176208,"relics_obtained":[{"floor":8,"key":"Anchor"},{"floor":9,"key":"The Courier"},{"floor":12,"key":"Smiling Mask"},{"floor":23,"key":"Pantograph"},{"floor":25,"key":"Bottled Lightning"},{"floor":26,"key":"Gremlin Horn"},{"floor":30,"key":"Happy Flower"},{"floor":37,"key":"Turnip"},{"floor":40,"key":"Bird Faced Urn"},{"floor":43,"key":"Question Card"},{"floor":45,"key":"Omamori"}],"event_choices":[{"damage_healed":0,"gold_gain":58,"player_choice":"Gained Gold","damage_taken":0,"max_hp_gain":0,"max_hp_loss":0,"event_name":"Golden Wing","floor":4,"gold_loss":0},{"damage_healed":0,"gold_gain":0,"player_choice":"Entered Light","damage_taken":15,"max_hp_gain":0,"max_hp_loss":0,"event_name":"Shining Light","floor":11,"gold_loss":0,"cards_upgraded":["Consume","Cold Snap"]},{"damage_healed":0,"gold_gain":30,"player_choice":"Searched \u00273\u0027 times","damage_taken":0,"relics_obtained":["Meat on the Bone"],"max_hp_gain":0,"max_hp_loss":0,"event_name":"Dead Adventurer","floor":13,"gold_loss":0},{"damage_healed":0,"gold_gain":0,"player_choice":"Ignored","damage_taken":0,"max_hp_gain":0,"max_hp_loss":0,"event_name":"Vampires","floor":20,"gold_loss":0},{"damage_healed":0,"gold_gain":0,"player_choice":"Bought 1 Potion","damage_taken":0,"max_hp_gain":0,"max_hp_loss":0,"event_name":"The Woman in Blue","floor":21,"gold_loss":0},{"damage_healed":25,"gold_gain":0,"player_choice":"Heal","damage_taken":0,"max_hp_gain":0,"max_hp_loss":0,"event_name":"The Library","floor":28,"gold_loss":0},{"damage_healed":0,"gold_gain":0,"player_choice":"Ignored","damage_taken":0,"max_hp_gain":0,"max_hp_loss":0,"event_name":"Tomb of Lord Red Mask","floor":36,"gold_loss":0},{"damage_healed":0,"gold_gain":0,"player_choice":"Fight","damage_taken":0,"max_hp_gain":0,"max_hp_loss":0,"event_name":"MindBloom","floor":37,"gold_loss":0},{"damage_healed":0,"gold_gain":0,"player_choice":"Memory 1","damage_taken":0,"max_hp_gain":0,"max_hp_loss":0,"event_name":"SensoryStone","floor":38,"gold_loss":0},{"damage_healed":0,"gold_gain":0,"player_choice":"Ignored","damage_taken":0,"max_hp_gain":0,"max_hp_loss":0,"event_name":"Mysterious Sphere","floor":42,"gold_loss":0}],"is_beta":false,"boss_relics":[{"not_picked":["Runic Dome","Cursed Key"],"picked":"SlaversCollar"},{"not_picked":["Coffee Dripper","Snecko Eye"],"picked":"Tiny House"}],"items_purged_floors":[],"is_endless":false,"potions_floor_spawned":[3,5,7,10,14,19,31,33,37,40,47],"ascension_level":0}}