{"host":"utcbn1j9ebmpc40m","time":1610578522,"event":{"mods":["BaseMod","Better Match","GifTheSpireLib","Minty Spire (QoL Compilation)","Poor People Problems","StSLib","SuperFastMode","The IronCluck"],"gold_per_floor":[113,38,38,38,55,55,55,68,114,147,147,147,167,195,195,291,291,307,307,507,522,533,533,533,533],"floor_reached":24,"language":"ENG","playtime":473,"items_purged":[],"score":296,"play_id":"351fb790-3a94-4d14-ac89-60be878a2b12","local_time":"20210113175522","is_ascension_mode":true,"campfire_choices":[{"data":"Dark Embrace","floor":6,"key":"SMITH"},{"data":"Feel No Pain","floor":12,"key":"SMITH"},{"floor":15,"key":"REST"},{"floor":23,"key":"REST"}],"circlet_count":0,"master_deck":["Strike_R+1","Strike_R+1","Strike_R+1","Strike_R+1","Strike_R+1","Defend_R+1","Defend_R+1","Defend_R+1","Defend_R+1","Bash+1","Feel No Pain+1","Dark Embrace+1","Cleave","Infernal Blade","Berserk","Disarm","Juggernaut","Seeing Red","Entrench","Entrench+1"],"relics":["Burning Blood","NeowsBlessing","Oddly Smooth Stone","Unceasing Top","Akabeko","Sozu"],"acts_visited":["Exordium","TheCity"],"potions_floor_usage":[10,14,16],"damage_taken":[{"damage":0,"enemies":"Cultist","floor":1,"turns":1},{"damage":0,"enemies":"2 Louse","floor":5,"turns":1},{"damage":0,"enemies":"Small Slimes","floor":8,"turns":1},{"damage":32,"enemies":"Lagavulin","floor":10,"turns":5},{"damage":11,"enemies":"Looter","floor":13,"turns":4},{"damage":7,"enemies":"3 Sentries","floor":14,"turns":8},{"damage":68,"enemies":"Hexaghost","floor":16,"turns":16},{"damage":26,"enemies":"Shell Parasite","floor":18,"turns":7},{"damage":6,"enemies":"Spheric Guardian","floor":21,"turns":4},{"damage":22,"enemies":"Snake Plant","floor":22,"turns":4},{"damage":56,"enemies":"Slavers","floor":24,"turns":4}],"seed_played":"-8203572474307043652","potions_obtained":[{"floor":1,"key":"PowerPotion"},{"floor":5,"key":"Explosive Potion"},{"floor":14,"key":"LiquidMemories"}],"is_trial":false,"path_per_floor":["M","$","?","?","M","R","$","M","T","E","?","R","M","E","R","B",null,"M","?","?","M","M","R","E"],"character_chosen":"IRONCLAD","items_purchased":["Dark Embrace"],"campfire_rested":2,"item_purchase_floors":[2],"current_hp_per_floor":[78,78,78,62,68,68,68,74,74,48,74,74,69,68,80,18,65,45,45,45,45,29,53,0,0],"gold":533,"neow_bonus":"THREE_ENEMY_KILL","is_daily":false,"chose_seed":false,"campfire_upgraded":2,"win_rate":0.0,"timestamp":1610578522,"path_taken":["M","$","?","?","M","R","$","M","T","E","?","R","M","E","R","BOSS","M","?","?","?","M","R","E"],"items_purchased_type":["Card"],"build_version":"2020-12-22","purchased_purges":0,"victory":false,"max_hp_per_floor":[80,80,80,80,80,80,80,80,80,80,80,80,80,80,80,80,80,80,80,80,80,80,80,80,80],"card_choices":[{"not_picked":["Shrug It Off","Battle Trance"],"picked":"Feel No Pain","floor":1},{"not_picked":["Ghostly Armor","Wild Strike"],"picked":"Cleave","floor":5},{"not_picked":["Disarm","Fire Breathing"],"picked":"Infernal Blade","floor":8},{"not_picked":["Inflame","Havoc"],"picked":"Berserk","floor":10},{"not_picked":["Clothesline","Thunderclap"],"picked":"Disarm","floor":13},{"not_picked":["Anger","Uppercut","Sever Soul"],"picked":"SKIP","floor":14},{"not_picked":["Demon Form","Limit Break"],"picked":"Juggernaut","floor":16},{"not_picked":["Fire Breathing","Pommel Strike"],"picked":"Seeing Red","floor":18},{"not_picked":["Anger","Thunderclap+1"],"picked":"Entrench","floor":21},{"not_picked":["Rampage","Iron Wave"],"picked":"Entrench+1","floor":22}],"player_experience":477725,"relics_obtained":[{"floor":9,"key":"Oddly Smooth Stone"},{"floor":10,"key":"Unceasing Top"},{"floor":14,"key":"Akabeko"}],"event_choices":[{"damage_healed":0,"gold_gain":0,"player_choice":"Ignored","damage_taken":0,"max_hp_gain":0,"max_hp_loss":0,"event_name":"Liars Game","floor":3,"gold_loss":0},{"damage_healed":0,"gold_gain":0,"player_choice":"Entered Light","damage_taken":16,"max_hp_gain":0,"max_hp_loss":0,"event_name":"Shining Light","floor":4,"gold_loss":0,"cards_upgraded":["Defend_R","Bash"]},{"damage_healed":26,"gold_gain":0,"player_choice":"Banana","damage_taken":0,"max_hp_gain":0,"max_hp_loss":0,"event_name":"Big Fish","floor":11,"gold_loss":0},{"damage_healed":0,"gold_gain":0,"player_choice":"Simplicity","damage_taken":0,"max_hp_gain":0,"max_hp_loss":0,"event_name":"Back to Basics","floor":19,"gold_loss":0,"cards_upgraded":["Strike_R","Strike_R","Strike_R","Strike_R","Strike_R","Defend_R","Defend_R","Defend_R"]},{"damage_healed":0,"gold_gain":250,"player_choice":"Bet on Owner","damage_taken":0,"max_hp_gain":0,"max_hp_loss":0,"event_name":"The Joust","floor":20,"gold_loss":50}],"is_beta":false,"boss_relics":[{"not_picked":["Ectoplasm","Runic Dome"],"picked":"Sozu"}],"items_purged_floors":[],"is_endless":false,"potions_floor_spawned":[1,5,14],"killed_by":"Slavers","ascension_level":9}}