{"host":"Krakhan","time":1610511793,"event":{"mods":["AchievementEnabler","BaseMod","Colored Map","Colored Powertips","Faster Ascension Climbing","Highlight Path","Minty Spire (QoL Compilation)","Rare Cards Sparkle","Relic Stats","StSLib"],"gold_per_floor":[112,112,112,37,37,37,55,55,55,85,102,102,102,119,119,215,215,229,247,49,60,60,60,60,79,79,79,4,4,4,20,20,123,123,140,158,158,158,58,58,84,84,84,32,32,44,144,157,157,157,157],"floor_reached":50,"language":"ENG","playtime":1597,"items_purged":["Defend_R","Defend_R"],"score":516,"play_id":"b34ce9d3-b4df-49cf-b317-e0bde8b45b13","local_time":"20210112232313","is_ascension_mode":false,"campfire_choices":[{"data":"Bash","floor":6.0,"key":"SMITH"},{"data":"Sword Boomerang","floor":8.0,"key":"SMITH"},{"data":"Demon Form","floor":13.0,"key":"SMITH"},{"data":"Flex","floor":15.0,"key":"SMITH"},{"data":"RitualDagger","floor":23.0,"key":"SMITH"},{"data":"Flex","floor":30.0,"key":"SMITH"},{"floor":32.0,"key":"REST"},{"data":"PanicButton","floor":40.0,"key":"SMITH"},{"floor":42.0,"key":"REST"},{"data":"Clothesline","floor":45.0,"key":"SMITH"},{"floor":49.0,"key":"REST"}],"circlet_count":0,"master_deck":["Strike_R","Strike_R","Strike_R","Bash+1","Sword Boomerang+1","Demon Form+1","Flex+1","Flex+1","Immolate","True Grit+1","PanicButton+1","RitualDagger+1","Spot Weakness","Reaper","Clothesline+1","Shrug It Off+1","True Grit","Flex+1"],"relics":["Empty Cage"],"acts_visited":["Exordium","TheCity","TheBeyond"],"potions_floor_usage":[50],"damage_taken":[{"damage":6.0,"enemies":"Jaw Worm","floor":1.0,"turns":5.0},{"damage":0.0,"enemies":"Small Slimes","floor":7.0,"turns":3.0},{"damage":14.0,"enemies":"Gremlin Nob","floor":10.0,"turns":3.0},{"damage":12.0,"enemies":"2 Louse","floor":11.0,"turns":2.0},{"damage":7.0,"enemies":"Blue Slaver","floor":14.0,"turns":2.0},{"damage":0.0,"enemies":"Slime Boss","floor":16.0,"turns":5.0},{"damage":10.0,"enemies":"Chosen","floor":18.0,"turns":3.0},{"damage":5.0,"enemies":"Spheric Guardian","floor":19.0,"turns":3.0},{"damage":21.0,"enemies":"Snecko","floor":21.0,"turns":4.0},{"damage":8.0,"enemies":"Centurion and Healer","floor":25.0,"turns":4.0},{"damage":32.0,"enemies":"Sentry and Sphere","floor":31.0,"turns":4.0},{"damage":65.0,"enemies":"Automaton","floor":33.0,"turns":7.0},{"damage":49.0,"enemies":"3 Darklings","floor":35.0,"turns":7.0},{"damage":28.0,"enemies":"3 Shapes","floor":36.0,"turns":6.0},{"damage":83.0,"enemies":"Giant Head","floor":41.0,"turns":8.0},{"damage":22.0,"enemies":"3 Darklings","floor":46.0,"turns":5.0},{"damage":10.0,"enemies":"Jaw Worm Horde","floor":48.0,"turns":4.0},{"damage":40,"enemies":"Time Eater","floor":50,"turns":5}],"seed_played":"-7933688460809045312","potions_obtained":[{"floor":10.0,"key":"Explosive Potion"},{"floor":11.0,"key":"ElixirPotion"},{"floor":14.0,"key":"SkillPotion"},{"floor":18.0,"key":"AttackPotion"},{"floor":25.0,"key":"Regen Potion"},{"floor":33.0,"key":"ColorlessPotion"},{"floor":35.0,"key":"FearPotion"},{"floor":36.0,"key":"ElixirPotion"},{"floor":48.0,"key":"Swift Potion"}],"is_trial":false,"path_per_floor":["M","?","?","$","?","R","M","R","T","E","M","?","R","M","R","B",null,"M","M","$","M","?","R","?","M","T","?","?","?","R","M","R","B",null,"M","M","?","?","$","R","E","R","T","$","R","M","?","M","R","B"],"character_chosen":"IRONCLAD","items_purchased":["FairyPotion","PanicButton","True Grit"],"campfire_rested":3,"item_purchase_floors":[20,20,44],"current_hp_per_floor":[74,67,67,67,67,67,67,67,67,53,41,41,41,34,34,34,80,70,65,65,44,38,38,38,30,30,56,56,56,56,24,48,24,80,59,62,62,62,62,62,16,38,38,38,38,16,16,6,28,0,0],"gold":157,"neow_bonus":"BOSS_RELIC","is_daily":false,"chose_seed":false,"campfire_upgraded":8,"win_rate":0.0,"timestamp":1610511793,"path_taken":["M","?","?","$","?","R","M","R","T","E","M","?","R","M","R","BOSS","M","M","$","M","?","R","?","M","T","?","?","?","R","M","R","BOSS","M","M","?","?","$","R","E","R","T","?","R","M","?","?","R","BOSS"],"items_purchased_type":["Potion","Card","Card"],"build_version":"2020-12-18","purchased_purges":2,"victory":false,"max_hp_per_floor":[80,80,80,80,80,80,80,80,80,80,80,80,80,80,80,80,80,80,80,80,80,80,80,80,80,80,80,80,80,80,80,80,80,80,80,80,80,76,76,76,76,76,76,76,76,76,76,76,76,76,76],"relic_stats":{"counters":[18,80],"obtain_stats":[{"Empty Cage":0,"Burning Blood":0},{"Empty Cage":0,"Burning Blood":0},{"Empty Cage":0,"Burning Blood":0}]},"card_choices":[{"not_picked":["True Grit","Dual Wield"],"picked":"Sword Boomerang","floor":1.0},{"not_picked":["Intimidate","Sentinel","Clothesline"],"picked":"SKIP","floor":7.0},{"not_picked":["Fire Breathing","Searing Blow"],"picked":"Demon Form","floor":10.0},{"not_picked":["Cleave","Perfected Strike"],"picked":"Flex","floor":11.0},{"not_picked":["Entrench","Power Through"],"picked":"Flex","floor":14.0},{"not_picked":["Brutality","Corruption"],"picked":"Immolate","floor":16.0},{"not_picked":["Twin Strike","Sword Boomerang","Entrench+1"],"picked":"SKIP","floor":18.0},{"not_picked":["Infernal Blade","Cleave"],"picked":"True Grit+1","floor":19.0},{"not_picked":["Iron Wave","Hemokinesis+1","Sword Boomerang"],"picked":"SKIP","floor":21.0},{"not_picked":["Carnage","Twin Strike"],"picked":"Spot Weakness","floor":25.0},{"not_picked":["Armaments","Burning Pact","Clash"],"picked":"SKIP","floor":31.0},{"not_picked":["Fiend Fire","Limit Break"],"picked":"Reaper","floor":33.0},{"not_picked":["Body Slam+1","Wild Strike+1"],"picked":"Clothesline","floor":35.0},{"not_picked":["Blood for Blood+1","Infernal Blade"],"picked":"Shrug It Off+1","floor":36.0},{"not_picked":["Reckless Charge+1","Hemokinesis","Perfected Strike"],"picked":"SKIP","floor":41.0},{"not_picked":["Dark Embrace+1","Infernal Blade+1","Armaments+1"],"picked":"SKIP","floor":46.0},{"not_picked":["Armaments+1","Iron Wave+1"],"picked":"Flex+1","floor":48.0}],"player_experience":1314765,"relics_obtained":[],"event_choices":[{"cards_removed":["Strike_R"],"damage_healed":0.0,"max_hp_gain":0.0,"max_hp_loss":0.0,"gold_gain":0.0,"event_name":"Golden Wing","player_choice":"Card Removal","floor":2.0,"gold_loss":0.0,"damage_taken":7.0},{"damage_healed":0.0,"max_hp_gain":0.0,"max_hp_loss":0.0,"gold_gain":0.0,"event_name":"Golden Idol","player_choice":"Ignored","floor":3.0,"gold_loss":0.0,"damage_taken":0.0},{"damage_healed":0.0,"max_hp_gain":0.0,"max_hp_loss":0.0,"gold_gain":0.0,"event_name":"Liars Game","player_choice":"Ignored","floor":5.0,"gold_loss":0.0,"damage_taken":0.0},{"damage_healed":0.0,"max_hp_gain":0.0,"max_hp_loss":0.0,"gold_gain":0.0,"event_name":"Shining Light","player_choice":"Ignored","floor":12.0,"gold_loss":0.0,"damage_taken":0.0},{"damage_healed":0.0,"max_hp_gain":0.0,"max_hp_loss":0.0,"gold_gain":0.0,"event_name":"Nest","player_choice":"Joined the Cult","floor":22.0,"gold_loss":0.0,"damage_taken":6.0,"cards_obtained":["RitualDagger"]},{"damage_healed":0.0,"max_hp_gain":0.0,"max_hp_loss":0.0,"gold_gain":0.0,"event_name":"Cursed Tome","player_choice":"Ignored","floor":24.0,"gold_loss":0.0,"damage_taken":0.0},{"damage_healed":26.0,"max_hp_gain":0.0,"max_hp_loss":0.0,"gold_gain":0.0,"event_name":"The Library","player_choice":"Heal","floor":27.0,"gold_loss":0.0,"damage_taken":0.0},{"cards_removed":["Strike_R"],"damage_healed":0.0,"max_hp_gain":0.0,"max_hp_loss":0.0,"gold_gain":0.0,"event_name":"Beggar","player_choice":"Gave Gold","floor":28.0,"gold_loss":75.0,"damage_taken":0.0},{"damage_healed":0.0,"max_hp_gain":0.0,"max_hp_loss":0.0,"gold_gain":0.0,"event_name":"Mysterious Sphere","player_choice":"Ignored","floor":37.0,"gold_loss":0.0,"damage_taken":0.0},{"damage_healed":0.0,"max_hp_gain":0.0,"max_hp_loss":4.0,"gold_gain":0.0,"event_name":"Winding Halls","player_choice":"Max HP","floor":38.0,"gold_loss":0.0,"damage_taken":0.0},{"damage_healed":0.0,"max_hp_gain":0.0,"max_hp_loss":0.0,"gold_gain":100.0,"event_name":"Golden Shrine","player_choice":"Pray","floor":47.0,"gold_loss":0.0,"damage_taken":0.0}],"is_beta":true,"boss_relics":[{"not_picked":["Sozu","Ectoplasm","Mark of Pain"]},{"not_picked":["Snecko Eye","Astrolabe","Velvet Choker"]}],"items_purged_floors":[4,39],"is_endless":false,"potions_floor_spawned":[10,11,14,18,21,25,33,35,36,48],"killed_by":"Time Eater","ascension_level":0}}