{"host":"mn5kbj4x7gv3jr0o","time":1610520488,"event":{"mods":["100% Spire Juice","2.2 Compatiblity","AchievementEnabler","Ascension Reborn","Ascension Unlocker","Aspiration","BaseMod","Better Note","CCEM","Conjunction","Conspire","Curses Come First","Downfall","HololiveMod","Hubris","Infinite Spire","Jess\u0027s Bottle","Minty Spire (QoL Compilation)","Quarter Circle Forward PUNCH!","Quick Restart","Relic Sorter","Relic Stats","Replay The Spire","Reworked Bosses","SCP261 Mod","SacredBarkPlus","Shedinja","Small Relic Pack","Spicy Shops","Spikes Relics","StSLib","Trackpad","Uncapped","Unceasing Turn Reminder","Virulent Crown","vexMod"],"gold_per_floor":[7,7,7,82,56,86,105,115,115,115,151,187,187,20,20,20,20],"floor_reached":16,"language":"ENG","playtime":962,"items_purged":[],"score":131,"play_id":"a0085068-2413-4448-b52d-86557580b70e","local_time":"20210113014808","is_ascension_mode":true,"campfire_choices":[{"floor":13,"key":"REST"},{"floor":15,"key":"DIG"}],"circlet_count":0,"master_deck":["Moonworks:Strike","Moonworks:Strike","Moonworks:Strike","Moonworks:Strike","Moonworks:Defend","Moonworks:Defend","Moonworks:Defend","Moonworks:Defend","Moonworks:Ambush","Moonworks:LongDistanceShot","m_Survivalism","hubris:MerchantsHand","Moonworks:LulusLuckyEgg","Moonworks:JonathanRush","Moonworks:NicePresent","Moonworks:NicePresent","Moonworks:NicePresent","Moonworks:CloudOfSeagulls"],"relics":["Moonworks:BrokenBomb","Moonworks:Homemark","hubris:Icosahedron","hubris:ToyBattleship","qcfpunch:Necklace_of_Skulls","aspiration:TomeofQuesting","Pet Ghost","trackpad:SappingStone","qcfpunch:Army_Boots"],"acts_visited":["Exordium"],"potions_floor_usage":[11,16],"damage_taken":[{"damage":0,"enemies":"2 Louse","floor":1,"turns":2},{"damage":8,"enemies":"Replay:BlueRogue","floor":6,"turns":7},{"damage":4,"enemies":"conspire:RoseBush","floor":7,"turns":4},{"damage":0,"enemies":"Small Slimes","floor":8,"turns":2},{"damage":38,"enemies":"conspire:MimicChest","floor":11,"turns":9},{"damage":0,"enemies":"3 Sentries","floor":12,"turns":7},{"damage":23,"enemies":"Hexaghost","floor":16,"turns":10}],"seed_played":"-8126935782550994557","potions_obtained":[{"floor":1,"key":"champ:CounterPotion"},{"floor":8,"key":"Block Potion"},{"floor":12,"key":"Strength Potion"}],"is_trial":false,"path_per_floor":["M","?","?","?","$","E","M","M","T","?","?","E","R","$","R","B"],"character_chosen":"THE_STARBREAKER","items_purchased":["Moonworks:JonathanRush","Moonworks:CloudOfSeagulls"],"campfire_rested":1,"item_purchase_floors":[5,14],"current_hp_per_floor":[60,60,60,54,54,46,42,42,42,42,4,4,22,22,22,0,0],"gold":20,"neow_bonus":"TWO_FIFTY_GOLD","is_daily":false,"chose_seed":false,"campfire_upgraded":0,"win_rate":0.0,"timestamp":1610520488,"path_taken":["M","?","?","?","$","E","M","?","T","?","?","E","R","?","R","BOSS"],"items_purchased_type":["Card","Card"],"build_version":"2020-12-22","purchased_purges":0,"victory":false,"max_hp_per_floor":[60,60,60,60,60,60,60,60,60,60,60,60,60,60,60,60,60],"relic_stats":{"counters":[7,41],"obtain_stats":[{"qcfpunch:Army_Boots":15,"hubris:Icosahedron":3,"trackpad:SappingStone":12,"Moonworks:Homemark":0,"qcfpunch:Necklace_of_Skulls":9,"aspiration:TomeofQuesting":10,"hubris:ToyBattleship":6,"Pet Ghost":11,"Moonworks:BrokenBomb":0},{"qcfpunch:Army_Boots":6,"hubris:Icosahedron":1,"trackpad:SappingStone":6,"Moonworks:Homemark":0,"qcfpunch:Necklace_of_Skulls":4,"aspiration:TomeofQuesting":4,"hubris:ToyBattleship":2,"Pet Ghost":5,"Moonworks:BrokenBomb":0},{"qcfpunch:Army_Boots":31,"hubris:Icosahedron":2,"trackpad:SappingStone":31,"Moonworks:Homemark":0,"qcfpunch:Necklace_of_Skulls":15,"aspiration:TomeofQuesting":15,"hubris:ToyBattleship":9,"Pet Ghost":24,"Moonworks:BrokenBomb":0}]},"card_choices":[{"not_picked":["Moonworks:SakisCookie","Moonworks:Bloodlust"],"picked":"Moonworks:LulusLuckyEgg","floor":1},{"not_picked":["Moonworks:BigMagnum","Moonworks:IntelligenceOfficer"],"picked":"Moonworks:NicePresent","floor":6},{"not_picked":["Moonworks:StarBlastingFuse","Moonworks:DeployBits"],"picked":"Moonworks:NicePresent","floor":7},{"not_picked":["Moonworks:BigMagnum","Moonworks:DevilHand"],"picked":"Moonworks:NicePresent","floor":8},{"not_picked":["Moonworks:ForcedRevival","Moonworks:x16BigRocket","Moonworks:NicePresent"],"picked":"SKIP","floor":12}],"player_experience":150804,"relics_obtained":[{"floor":6,"key":"hubris:ToyBattleship"},{"floor":9,"key":"qcfpunch:Necklace_of_Skulls"},{"floor":11,"key":"Pet Ghost"},{"floor":12,"key":"trackpad:SappingStone"},{"floor":15,"key":"qcfpunch:Army_Boots"}],"event_choices":[{"damage_healed":0,"gold_gain":75,"player_choice":"Touch","damage_taken":6,"max_hp_gain":0,"max_hp_loss":0,"event_name":"FaceTrader","floor":4,"gold_loss":0}],"is_beta":false,"boss_relics":[],"items_purged_floors":[],"is_endless":false,"potions_floor_spawned":[1,8,12],"killed_by":"Hexaghost","ascension_level":0}}