{"host":"fnk117zi8wf5078t","time":1610511680,"event":{"mods":["AchievementEnabler","BaseMod","Colored Map","Minty Spire (QoL Compilation)","Rare Cards Sparkle","SuperFastMode","everything is the same but u backflip on backflip"],"gold_per_floor":[115,190,190,30,40,40,40,53,53,53,65,87,87,105,105,177,177,195,28,118,136,154,188,205,105,153,14,27,27,27,27],"floor_reached":30,"language":"KOR","playtime":936,"items_purged":["Strike_R","Strike_R"],"score":505,"play_id":"5857a84f-2d2f-4e34-8d5b-920cb0ec9c77","local_time":"20210113132120","is_ascension_mode":true,"campfire_choices":[{"data":"Trip","floor":6.0,"key":"SMITH"},{"data":"Pommel Strike","floor":10.0,"key":"SMITH"},{"data":"Bloodletting","floor":15.0,"key":"SMITH"}],"circlet_count":0,"master_deck":["AscendersBane","Strike_R","Strike_R","Defend_R","Defend_R","Defend_R","Defend_R","Bash","Trip+1","Ghostly Armor","Pommel Strike+1","Battle Trance","Bludgeon","Bloodletting+1","Combust","Berserk","CurseOfTheBell","Uppercut","Fire Breathing","Power Through","Wild Strike","Trip","Wild Strike","Wild Strike","Feed","Fire Breathing"],"relics":["Burning Blood","Letter Opener","Lantern","Odd Mushroom","Calling Bell","Pen Nib","Pear","Ginger","Toy Ornithopter","Strawberry","Charon\u0027s Ashes"],"acts_visited":["Exordium","TheCity"],"potions_floor_usage":[28,30],"damage_taken":[{"damage":9.0,"enemies":"Jaw Worm","floor":1.0,"turns":3.0},{"damage":1.0,"enemies":"2 Louse","floor":5.0,"turns":4.0},{"damage":0.0,"enemies":"Small Slimes","floor":8.0,"turns":3.0},{"damage":7.0,"enemies":"Looter","floor":11.0,"turns":4.0},{"damage":13.0,"enemies":"The Mushroom Lair","floor":12.0,"turns":3.0},{"damage":3.0,"enemies":"Red Slaver","floor":14.0,"turns":2.0},{"damage":55.0,"enemies":"Hexaghost","floor":16.0,"turns":9.0},{"damage":5.0,"enemies":"3 Byrds","floor":18.0,"turns":3.0},{"damage":19.0,"enemies":"Shell Parasite","floor":21.0,"turns":2.0},{"damage":16.0,"enemies":"Snecko","floor":22.0,"turns":5.0},{"damage":17.0,"enemies":"Slavers","floor":23.0,"turns":3.0},{"damage":17.0,"enemies":"Snake Plant","floor":24.0,"turns":3.0},{"damage":20,"enemies":"3 Cultists","floor":28,"turns":4},{"damage":23,"enemies":"Centurion and Healer","floor":30,"turns":2}],"seed_played":"-1985829191333977758","potions_obtained":[{"floor":14.0,"key":"ElixirPotion"},{"floor":16.0,"key":"Explosive Potion"},{"floor":18.0,"key":"HeartOfIron"},{"floor":21.0,"key":"LiquidBronze"},{"floor":24.0,"key":"FearPotion"}],"is_trial":false,"path_per_floor":["M","?","?","$","M","R","?","M","T","R","M","?","$","M","R","B",null,"M","$","?","M","M","E","M","$","T","$","M","T","M"],"character_chosen":"IRONCLAD","items_purchased":["Regen Potion","Fire Breathing","Power Through","Wild Strike","Fire Breathing","Strength Potion"],"campfire_rested":0,"item_purchase_floors":[4,19,19,19,27,27],"current_hp_per_floor":[65,54,47,47,52,52,52,58,58,58,57,50,50,53,53,19,71,72,72,54,41,31,20,9,9,16,16,10,10,0,0],"gold":27,"neow_bonus":"RANDOM_COLORLESS","is_daily":false,"chose_seed":false,"campfire_upgraded":3,"win_rate":0.0,"timestamp":1610511680,"path_taken":["M","?","?","$","M","R","?","M","T","R","M","?","?","M","R","BOSS","M","$","?","M","?","E","M","?","T","$","M","?","M"],"items_purchased_type":["Potion","Card","Card","Card","Card","Potion"],"build_version":"2020-12-22","purchased_purges":2,"victory":false,"max_hp_per_floor":[75,75,75,75,75,75,75,75,75,75,75,75,75,75,75,75,85,85,85,85,85,85,85,85,85,92,92,95,95,95,95],"card_choices":[{"not_picked":["Forethought","Blind"],"picked":"Trip","floor":0.0},{"not_picked":["Bloodletting","Cleave"],"picked":"Ghostly Armor","floor":1.0},{"not_picked":["Warcry","Flex"],"picked":"Pommel Strike","floor":5.0},{"not_picked":["Sword Boomerang","Twin Strike"],"picked":"Battle Trance","floor":8.0},{"not_picked":["Sword Boomerang","Warcry"],"picked":"Bludgeon","floor":11.0},{"not_picked":["Dark Embrace","Twin Strike"],"picked":"Bloodletting","floor":12.0},{"not_picked":["Pommel Strike","Havoc"],"picked":"Combust","floor":14.0},{"not_picked":["Impervious","Corruption"],"picked":"Berserk","floor":16.0},{"not_picked":["Clash","Thunderclap"],"picked":"Uppercut","floor":18.0},{"not_picked":["Shrug It Off","Warcry","Sword Boomerang"],"picked":"SKIP","floor":21.0},{"not_picked":["Cleave","Perfected Strike"],"picked":"Wild Strike","floor":22.0},{"not_picked":["Clash","Pommel Strike"],"picked":"Wild Strike","floor":23.0},{"not_picked":["Body Slam","Sword Boomerang+1"],"picked":"Feed","floor":24.0},{"not_picked":["Bloodletting","Blood for Blood+1","Anger"],"picked":"SKIP","floor":28}],"player_experience":384125,"relics_obtained":[{"floor":9.0,"key":"Lantern"},{"floor":12.0,"key":"Odd Mushroom"},{"floor":17.0,"key":"Pen Nib"},{"floor":17.0,"key":"Pear"},{"floor":17.0,"key":"Ginger"},{"floor":23.0,"key":"Toy Ornithopter"},{"floor":26,"key":"Strawberry"},{"floor":29,"key":"Charon\u0027s Ashes"}],"event_choices":[{"damage_healed":0.0,"max_hp_gain":0.0,"max_hp_loss":0.0,"gold_gain":75.0,"event_name":"World of Goop","player_choice":"Gather Gold","floor":2.0,"gold_loss":0.0,"damage_taken":11.0},{"cards_removed":["Strike_R"],"damage_healed":0.0,"max_hp_gain":0.0,"max_hp_loss":0.0,"gold_gain":0.0,"event_name":"Golden Wing","player_choice":"Card Removal","floor":3.0,"gold_loss":0.0,"damage_taken":7.0},{"damage_healed":0.0,"max_hp_gain":0.0,"max_hp_loss":0.0,"gold_gain":0.0,"event_name":"Dead Adventurer","player_choice":"Searched \u00272\u0027 times","floor":7.0,"gold_loss":0.0,"damage_taken":0.0,"relics_obtained":["Letter Opener"]},{"damage_healed":0.0,"max_hp_gain":0.0,"max_hp_loss":0.0,"gold_gain":0.0,"event_name":"Dead Adventurer","player_choice":"Searched \u00272\u0027 times","floor":7.0,"gold_loss":0.0,"damage_taken":0.0,"relics_obtained":["Letter Opener"]},{"damage_healed":0.0,"max_hp_gain":0.0,"max_hp_loss":0.0,"gold_gain":0.0,"event_name":"Mushrooms","player_choice":"Fought Mushrooms","floor":12.0,"gold_loss":0.0,"damage_taken":0.0},{"damage_healed":0.0,"max_hp_gain":0.0,"max_hp_loss":0.0,"gold_gain":90.0,"event_name":"Knowing Skull","player_choice":"GOLD CARD ","floor":20.0,"potions_obtained":[],"gold_loss":0.0,"damage_taken":18.0,"cards_obtained":["Trip"]}],"is_beta":false,"boss_relics":[{"not_picked":["Black Blood","Philosopher\u0027s Stone"],"picked":"Calling Bell"}],"items_purged_floors":[4,25],"is_endless":false,"potions_floor_spawned":[14,16,18,21,24],"killed_by":"Centurion and Healer","ascension_level":20}}