{"host":"9tdk3zzhmpo6o3dg","time":1610528170,"event":{"mods":["BaseMod","Downfall","Marisa£®ÏF”Í°°ƒß¿Ì…≥£©","Minty Spire (QoL Compilation)","Shop Mod","StSLib","The Cursed","The Servant 0.9.4"],"gold_per_floor":[118,133,147,164,177,210,210,236,263,283,294,305,305,370,370,473,473,491,517,12,24,24,24,39,16,16,16,29,44,44,73,73,177,177,188,199,211,227,237,272,272,272,272,272,299,313,323,341,341,341,341],"floor_reached":50,"language":"ZHS","playtime":5760,"items_purged":[],"score":617,"play_id":"2d8b0416-5fa5-441c-826d-1838b305466a","local_time":"20210113165610","is_ascension_mode":false,"campfire_choices":[{"data":"TheCursedMod:CircleOfFocus","floor":7,"key":"SMITH"},{"floor":13,"key":"REST"},{"data":"TheCursedMod:CollectTribute","floor":15,"key":"SMITH"},{"data":"TheCursedMod:VoidForm","floor":23,"key":"SMITH"},{"data":"TheCursedMod:ManaBullet","floor":27,"key":"SMITH"},{"data":"TheCursedMod:CleanUpWorkshop","floor":32,"key":"SMITH"},{"floor":41,"key":"REST"},{"data":"expansioncontent:DonusPower","floor":44,"key":"SMITH"},{"data":"TheCursedMod:CollectTribute","floor":49,"key":"SMITH"}],"circlet_count":0,"master_deck":["TheCursedMod:Strike_TheCursed+1","TheCursedMod:Strike_TheCursed+1","TheCursedMod:Defend_TheCursed+1","TheCursedMod:Defend_TheCursed+1","TheCursedMod:Defend_TheCursed+1","TheCursedMod:Defend_TheCursed+1","TheCursedMod:CursedWand","TheCursedMod:CleanUpWorkshop+1","TheCursedMod:Dregs","TheCursedMod:CircleOfFocus+1","TheCursedMod:SurpriseAttack","TheCursedMod:AbyssShockwave","TheCursedMod:SurpriseAttack","TheCursedMod:SpitefulStrike","TheCursedMod:CollectTribute+1","TheCursedMod:BloodBarrier","TheCursedMod:CursedShiv","TheCursedMod:NeowsMight","TheCursedMod:CircleOfCorruption","TheCursedMod:VoidForm+1","TheCursedMod:Wield","TheCursedMod:Obscuration+1","TheCursedMod:ManaBullet+1","TheCursedMod:EmpowerCircles","expansioncontent:ManipulateTime","TheCursedMod:CursedBlade+1","TheCursedMod:AntiAging","TheCursedMod:CircleOfBlood","TheCursedMod:CursedMace","TheCursedMod:SpitefulStrike","TheCursedMod:CircleOfFlame","Guardian:Aged","TheCursedMod:SpitefulPray","TheCursedMod:DemonSword","TheCursedMod:NeowsMight","TheCursedMod:DemonicPact","TheCursedMod:SurpriseAttack+1","TheCursedMod:CircleOfFlame+1","TheCursedMod:CursedShiv+1","TheCursedMod:SurpriseAttack+1","TheCursedMod:CircleOfFlame+1","TheCursedMod:Stretching+1","expansioncontent:DonusPower+1","Decay","TheCursedMod:Wield+1","TheCursedMod:CollectTribute+1","TheCursedMod:CursedBlade","TheCursedMod:SpitefulPlan+1"],"relics":["TheCursedMod:BlackMagicAdvanced","NeowsBlessing","Nunchaku","StoneCalendar","Smiling Mask","Cursed Key","Red Mask","Blood Vial","MerchantsRug","Kunai","Tiny Chest","Regal Pillow","Oddly Smooth Stone","Bottled Flame"],"acts_visited":["Exordium","TheCity","TheBeyond"],"potions_floor_usage":[8,16,33,40,48,48,50],"damage_taken":[{"damage":0,"enemies":"Small Slimes","floor":1,"turns":1},{"damage":0,"enemies":"2 Louse","floor":2,"turns":1},{"damage":0,"enemies":"Jaw Worm","floor":3,"turns":1},{"damage":3,"enemies":"Exordium Wildlife","floor":4,"turns":3},{"damage":18,"enemies":"Large Slime","floor":5,"turns":7},{"damage":22,"enemies":"3 Sentries","floor":6,"turns":6},{"damage":18,"enemies":"Lagavulin","floor":8,"turns":5},{"damage":0,"enemies":"Blue Slaver","floor":10,"turns":2},{"damage":4,"enemies":"3 Louse","floor":11,"turns":2},{"damage":0,"enemies":"2 Fungi Beasts","floor":12,"turns":1},{"damage":26,"enemies":"Slime Boss","floor":16,"turns":6},{"damage":16,"enemies":"Chosen","floor":18,"turns":6},{"damage":10,"enemies":"Masked Bandits","floor":19,"turns":3},{"damage":3,"enemies":"Shell Parasite","floor":21,"turns":3},{"damage":0,"enemies":"Snake Plant","floor":24,"turns":4},{"damage":13,"enemies":"Centurion and Healer","floor":28,"turns":3},{"damage":0,"enemies":"Chosen and Byrds","floor":29,"turns":3},{"damage":3,"enemies":"Book of Stabbing","floor":31,"turns":4},{"damage":11,"enemies":"Collector","floor":33,"turns":5},{"damage":9,"enemies":"Orb Walker","floor":35,"turns":3},{"damage":24,"enemies":"3 Darklings","floor":36,"turns":4},{"damage":0,"enemies":"Transient","floor":37,"turns":5},{"damage":33,"enemies":"Sphere and 2 Shapes","floor":38,"turns":3},{"damage":5,"enemies":"Maw","floor":39,"turns":6},{"damage":46,"enemies":"Nemesis","floor":40,"turns":5},{"damage":15,"enemies":"Giant Head","floor":45,"turns":7},{"damage":19,"enemies":"3 Darklings","floor":46,"turns":3},{"damage":3,"enemies":"4 Shapes","floor":47,"turns":1},{"damage":0,"enemies":"Jaw Worm Horde","floor":48,"turns":3},{"damage":46,"enemies":"Time Eater","floor":50,"turns":5}],"seed_played":"-6108263009829973247","potions_obtained":[{"floor":1,"key":"Energy Potion"},{"floor":4,"key":"Weak Potion"},{"floor":8,"key":"EssenceOfSteel"},{"floor":10,"key":"AttackPotion"},{"floor":11,"key":"PowerPotion"},{"floor":18,"key":"GamblersBrew"},{"floor":31,"key":"DistilledChaos"},{"floor":35,"key":"Explosive Potion"},{"floor":40,"key":"LiquidMemories"},{"floor":45,"key":"Fruit Juice"},{"floor":46,"key":"PowerPotion"}],"is_trial":false,"path_per_floor":["M","M","M","M","M","E","R","E","T","M","M","M","R","?","R","B",null,"M","?","$","M","?","R","M","$","T","R","M","M","?","E","R","B",null,"M","M","M","M","M","E","R","?","T","R","E","M","M","M","R","B"],"character_chosen":"THE_CURSED","items_purchased":["TheCursedMod:ManaBullet","Blood Vial","MerchantsRug","TheCursedMod:EmpowerCircles","expansioncontent:ManipulateTime","TheCursedMod:SpitefulStrike","TheCursedMod:CircleOfFlame"],"campfire_rested":2,"item_purchase_floors":[20,20,20,20,20,25,25],"current_hp_per_floor":[75,75,75,72,54,32,32,14,14,14,10,10,32,32,32,6,75,59,49,49,48,48,48,54,54,54,54,53,65,65,64,64,65,81,76,57,65,38,41,9,49,49,49,49,46,29,28,41,41,0,0],"gold":341,"neow_bonus":"THREE_ENEMY_KILL","is_daily":false,"chose_seed":false,"campfire_upgraded":7,"win_rate":0.0,"timestamp":1610528170,"path_taken":["M","M","M","M","M","E","R","E","T","M","M","M","R","?","R","BOSS","M","?","$","M","?","R","M","?","T","R","M","M","?","E","R","BOSS","M","M","M","M","M","E","R","?","T","R","E","M","M","M","R","BOSS"],"items_purchased_type":["Card","Relic","Relic","Card","Card","Card","Card"],"build_version":"2020-12-22","purchased_purges":0,"victory":false,"max_hp_per_floor":[75,75,75,75,75,75,75,75,75,75,75,75,75,75,75,75,75,75,75,75,75,75,75,77,77,77,77,79,81,81,81,81,81,81,81,81,81,81,83,85,85,85,85,85,87,87,87,92,92,92,92],"card_choices":[{"not_picked":["TheCursedMod:BlessingInDisguise","TheCursedMod:CursedShiv"],"picked":"TheCursedMod:CircleOfFocus","floor":1},{"not_picked":["TheCursedMod:LuckyCharm","TheCursedMod:CircleOfFocus"],"picked":"TheCursedMod:SurpriseAttack","floor":2},{"not_picked":["TheCursedMod:CircleOfBlood","TheCursedMod:CursedBlade"],"picked":"TheCursedMod:AbyssShockwave","floor":3},{"not_picked":["TheCursedMod:SaltUponWound","TheCursedMod:Torture"],"picked":"TheCursedMod:SurpriseAttack","floor":4},{"not_picked":["TheCursedMod:Stigma","TheCursedMod:SoulReap"],"picked":"TheCursedMod:SpitefulStrike","floor":5},{"not_picked":["TheCursedMod:StingEye","TheCursedMod:Mangle"],"picked":"TheCursedMod:CollectTribute","floor":6},{"not_picked":["TheCursedMod:CursedAmulet","TheCursedMod:CircleOfAmplification"],"picked":"TheCursedMod:BloodBarrier","floor":8},{"not_picked":["TheCursedMod:FleshFromBone","TheCursedMod:SpitefulStrike"],"picked":"TheCursedMod:CursedShiv","floor":10},{"not_picked":["TheCursedMod:Stretching","TheCursedMod:AbyssShockwave"],"picked":"TheCursedMod:NeowsMight","floor":11},{"not_picked":["TheCursedMod:Stigma","TheCursedMod:SpitefulStrike"],"picked":"TheCursedMod:CircleOfCorruption","floor":12},{"not_picked":["TheCursedMod:OutForBlood","TheCursedMod:ShockAndAwe"],"picked":"TheCursedMod:VoidForm","floor":16},{"not_picked":["TheCursedMod:CursedShiv","TheCursedMod:CircleOfFocus"],"picked":"TheCursedMod:Wield","floor":18},{"not_picked":["TheCursedMod:Stigma","TheCursedMod:BlessingInDisguise"],"picked":"TheCursedMod:Obscuration+1","floor":19},{"not_picked":["TheCursedMod:DoubleShield+1","TheCursedMod:RavingStaff"],"picked":"TheCursedMod:CursedBlade+1","floor":21},{"not_picked":["TheCursedMod:Torture","TheCursedMod:FleshFromBone"],"picked":"TheCursedMod:CursedMace","floor":24},{"not_picked":["TheCursedMod:RapidMovement+1","TheCursedMod:Wield+1"],"picked":"TheCursedMod:SpitefulPray","floor":28},{"not_picked":["TheCursedMod:SpitefulStrike","TheCursedMod:CursedBoomerang+1"],"picked":"TheCursedMod:DemonSword","floor":29},{"not_picked":["TheCursedMod:CursedShiv","TheCursedMod:AbyssShockwave"],"picked":"TheCursedMod:NeowsMight","floor":31},{"not_picked":["TheCursedMod:StunningStrike","TheCursedMod:DarkBarrier"],"picked":"TheCursedMod:DemonicPact","floor":33},{"not_picked":["TheCursedMod:BloodBarrier+1","TheCursedMod:CursedSpellbook"],"picked":"TheCursedMod:SurpriseAttack+1","floor":35},{"not_picked":["TheCursedMod:CursedAmulet","TheCursedMod:SoulReap+1"],"picked":"TheCursedMod:CircleOfFlame+1","floor":36},{"not_picked":["TheCursedMod:TacticalStrike","TheCursedMod:Stigma"],"picked":"TheCursedMod:CursedShiv+1","floor":37},{"not_picked":["TheCursedMod:FleshFromBone+1","TheCursedMod:VitalStrike+1"],"picked":"TheCursedMod:SurpriseAttack+1","floor":38},{"not_picked":["TheCursedMod:BloodBarrier+1","TheCursedMod:VitalStrike+1"],"picked":"TheCursedMod:CircleOfFlame+1","floor":39},{"not_picked":["TheCursedMod:CursedShiv+1","TheCursedMod:Obscuration+1"],"picked":"TheCursedMod:Stretching+1","floor":40},{"not_picked":["expansioncontent:YouAreMine","Dramatic Entrance"],"picked":"expansioncontent:DonusPower","floor":42},{"not_picked":["TheCursedMod:CursedAmulet+1","TheCursedMod:BlessingInDisguise+1"],"picked":"TheCursedMod:Wield+1","floor":45},{"not_picked":["TheCursedMod:StingEye+1","TheCursedMod:ReleasedKnowledge"],"picked":"TheCursedMod:CollectTribute","floor":46},{"not_picked":["TheCursedMod:SoulReap","TheCursedMod:PrepareRite"],"picked":"TheCursedMod:CursedBlade","floor":47},{"not_picked":["TheCursedMod:RavingStaff+1","TheCursedMod:TroublousMinions+1"],"picked":"TheCursedMod:SpitefulPlan+1","floor":48}],"player_experience":90473,"relics_obtained":[{"floor":6,"key":"Nunchaku"},{"floor":8,"key":"StoneCalendar"},{"floor":9,"key":"Smiling Mask"},{"floor":19,"key":"Red Mask"},{"floor":26,"key":"Kunai"},{"floor":31,"key":"Tiny Chest"},{"floor":40,"key":"Regal Pillow"},{"floor":43,"key":"Oddly Smooth Stone"},{"floor":45,"key":"Bottled Flame"}],"event_choices":[{"damage_healed":0,"gold_gain":65,"player_choice":"Gained Gold","damage_taken":0,"max_hp_gain":0,"max_hp_loss":0,"event_name":"Golden Wing","floor":14,"gold_loss":0},{"damage_healed":0,"gold_gain":0,"player_choice":"Fought Bandits","damage_taken":0,"max_hp_gain":0,"max_hp_loss":0,"event_name":"Masked Bandits","floor":19,"gold_loss":0},{"damage_healed":0,"gold_gain":0,"cards_transformed":["TheCursedMod:Strike_TheCursed","TheCursedMod:Strike_TheCursed"],"player_choice":"Became Test Subject","damage_taken":0,"max_hp_gain":0,"max_hp_loss":0,"event_name":"Drug Dealer","floor":22,"gold_loss":0,"cards_obtained":["TheCursedMod:AntiAging","TheCursedMod:CircleOfBlood"]},{"damage_healed":0,"gold_gain":0,"player_choice":"Simplicity","damage_taken":0,"max_hp_gain":0,"max_hp_loss":0,"event_name":"Back to Basics","floor":30,"gold_loss":0,"cards_upgraded":["TheCursedMod:Strike_TheCursed","TheCursedMod:Strike_TheCursed","TheCursedMod:Defend_TheCursed","TheCursedMod:Defend_TheCursed","TheCursedMod:Defend_TheCursed","TheCursedMod:Defend_TheCursed"]},{"damage_healed":0,"gold_gain":0,"player_choice":"Memory 1","damage_taken":0,"max_hp_gain":0,"max_hp_loss":0,"event_name":"SensoryStone","floor":42,"gold_loss":0}],"is_beta":false,"boss_relics":[{"not_picked":["Busted Crown","Black Star"],"picked":"Cursed Key"},{"not_picked":["Snecko Eye","Empty Cage"],"picked":"TheCursedMod:BlackMagicAdvanced"}],"items_purged_floors":[],"is_endless":false,"potions_floor_spawned":[1,4,8,10,11,18,19,31,35,40,45,46,47],"killed_by":"Time Eater","ascension_level":0}}