{"host":"zxkjcgzis4pm3za5","time":1610516394,"event":{"mods":["AchievementEnabler","Act Like it!","BaseMod","Colored Map","Colored Powertips","Friendly Minions","GifTheSpireLib","Minty Spire (QoL Compilation)","Quick Restart","RNG Fix","Random Character Button","Relic Sorter","Relic Stats","StSLib"],"gold_per_floor":[366,380,125,137,148,148,175,175,175,209,223,241,241,261,261,333,333,344,344,344,344,244,244,276,296,296,255,271,271,271],"floor_reached":29,"language":"ENG","playtime":1172,"items_purged":["Decay","Strike_G"],"score":434,"play_id":"544a1660-680f-44f2-9a6f-7449872a0510","local_time":"20210113110954","is_ascension_mode":true,"campfire_choices":[{"data":"Noxious Fumes","floor":6.0,"key":"SMITH"},{"data":"Neutralize","floor":8.0,"key":"SMITH"},{"floor":15,"key":"REST"},{"data":"Sucker Punch","floor":23,"key":"SMITH"}],"circlet_count":0,"master_deck":["AscendersBane","Strike_G","Strike_G","Strike_G","Defend_G","Defend_G","Defend_G","Defend_G","Defend_G","Survivor","Neutralize+1","Bouncing Flask","Noxious Fumes+1","Quick Slash","Crippling Poison","Sucker Punch+1","Backflip","Burst+1","Endless Agony","Escape Plan+1","Outmaneuver+1","Malaise+1","Deflect+1","Leg Sweep+1","Adrenaline+1","PiercingWail+1","Infinite Blades","Backflip+1"],"relics":["Ring of the Snake","Art of War","Shuriken","Toxic Egg 2","Happy Flower","Coffee Dripper","Nilry\u0027s Codex","Mummified Hand","Peace Pipe","Calipers"],"acts_visited":["Exordium","TheCity"],"potions_floor_usage":[16,24],"damage_taken":[{"damage":3.0,"enemies":"Small Slimes","floor":1.0,"turns":5.0},{"damage":0.0,"enemies":"2 Louse","floor":2.0,"turns":4.0},{"damage":0.0,"enemies":"Cultist","floor":4.0,"turns":3.0},{"damage":5.0,"enemies":"Large Slime","floor":5.0,"turns":7.0},{"damage":15.0,"enemies":"Lagavulin","floor":7.0,"turns":6.0},{"damage":22.0,"enemies":"Gremlin Nob","floor":10.0,"turns":5.0},{"damage":10.0,"enemies":"Exordium Thugs","floor":11.0,"turns":5.0},{"damage":0.0,"enemies":"Looter","floor":12.0,"turns":3.0},{"damage":9,"enemies":"Large Slime","floor":14,"turns":6},{"damage":17,"enemies":"The Guardian","floor":16,"turns":9},{"damage":10,"enemies":"Spheric Guardian","floor":18,"turns":4},{"damage":41,"enemies":"Slavers","floor":24,"turns":7},{"damage":0,"enemies":"Shell Parasite","floor":25,"turns":7},{"damage":2,"enemies":"Snake Plant","floor":28,"turns":5},{"damage":7,"enemies":"Snecko","floor":29,"turns":2}],"seed_played":"-1390020319084190441","potions_obtained":[{"floor":2.0,"key":"PowerPotion"},{"floor":11.0,"key":"FairyPotion"},{"floor":14,"key":"AttackPotion"},{"floor":16,"key":"SpeedPotion"}],"is_trial":false,"path_per_floor":["M","M","$","M","M","R","E","R","T","E","M","M","?","M","R","B",null,"M","?","?","?","$","R","E","M","T","$","M","M"],"character_chosen":"THE_SILENT","items_purchased":["Art of War","Quick Slash","Infinite Blades"],"campfire_rested":1,"item_purchase_floors":[3,3,27],"current_hp_per_floor":[56,56,56,56,51,51,36,36,36,14,4,4,26,17,36,19,54,44,28,28,28,28,28,6,6,6,6,4,0,0],"gold":271,"neow_bonus":"TWO_FIFTY_GOLD","is_daily":false,"chose_seed":false,"campfire_upgraded":3,"win_rate":0.0,"timestamp":1610516394,"path_taken":["M","M","$","M","M","R","E","R","T","E","M","M","?","M","R","BOSS","M","?","?","?","$","R","E","M","T","$","M","M"],"items_purchased_type":["Relic","Card","Card"],"build_version":"2020-12-22","purchased_purges":2,"victory":false,"max_hp_per_floor":[66,66,66,66,66,66,66,66,66,66,66,66,66,66,66,66,66,66,66,66,66,66,66,66,66,66,66,66,66,66],"relic_stats":{"Peace Pipe":0,"Happy Flower":[16],"counters":[15,78],"Shuriken":[14],"Mummified Hand":[9],"Art of War":[22],"obtain_stats":[{"Peace Pipe":24,"Calipers":26,"Happy Flower":10,"Shuriken":7,"Nilry\u0027s Codex":19,"Mummified Hand":20,"Art of War":3,"Coffee Dripper":17,"Toxic Egg 2":9,"Ring of the Snake":0},{"Peace Pipe":12,"Calipers":13,"Happy Flower":6,"Shuriken":5,"Nilry\u0027s Codex":11,"Mummified Hand":11,"Art of War":2,"Coffee Dripper":10,"Toxic Egg 2":5,"Ring of the Snake":0},{"Peace Pipe":64,"Calipers":71,"Happy Flower":30,"Shuriken":25,"Nilry\u0027s Codex":57,"Mummified Hand":57,"Art of War":9,"Coffee Dripper":53,"Toxic Egg 2":25,"Ring of the Snake":0}],"Ring of the Snake":[30]},"card_choices":[{"not_picked":["Flying Knee","Quick Slash"],"picked":"Bouncing Flask","floor":1.0},{"not_picked":["Quick Slash","Tactician"],"picked":"Noxious Fumes","floor":2.0},{"not_picked":["Flying Knee","Setup"],"picked":"Crippling Poison","floor":4.0},{"not_picked":["Skewer","Dagger Throw"],"picked":"Sucker Punch","floor":5.0},{"not_picked":["Expertise","Outmaneuver"],"picked":"Backflip","floor":7.0},{"not_picked":["Slice","Distraction+1"],"picked":"Burst+1","floor":10.0},{"not_picked":["Flying Knee","Prepared+1"],"picked":"Endless Agony","floor":11.0},{"not_picked":["Dagger Throw","Underhanded Strike"],"picked":"Escape Plan+1","floor":12.0},{"not_picked":["Slice","Tactician+1"],"picked":"Outmaneuver+1","floor":14},{"not_picked":["Bullet Time+1","Corpse Explosion+1"],"picked":"Malaise+1","floor":16},{"not_picked":["Well Laid Plans","Dagger Spray+1"],"picked":"Deflect+1","floor":18},{"not_picked":["Tactician+1","Doppelganger+1"],"picked":"Adrenaline+1","floor":24},{"not_picked":["Slice","Poisoned Stab"],"picked":"PiercingWail+1","floor":25},{"not_picked":["Skewer","Flying Knee"],"picked":"Backflip+1","floor":28}],"player_experience":209794,"relics_obtained":[{"floor":7.0,"key":"Shuriken"},{"floor":9.0,"key":"Toxic Egg 2"},{"floor":10.0,"key":"Happy Flower"},{"floor":19,"key":"Nilry\u0027s Codex"},{"floor":24,"key":"Peace Pipe"},{"floor":26,"key":"Calipers"}],"event_choices":[{"damage_healed":22.0,"max_hp_gain":0.0,"max_hp_loss":0.0,"gold_gain":0.0,"event_name":"Big Fish","player_choice":"Banana","floor":13.0,"gold_loss":0.0,"damage_taken":0.0},{"damage_healed":0,"gold_gain":0,"player_choice":"Obtained Book","damage_taken":16,"max_hp_gain":0,"max_hp_loss":0,"event_name":"Cursed Tome","floor":19,"gold_loss":0},{"damage_healed":0,"gold_gain":0,"player_choice":"Opened","damage_taken":0,"relics_obtained":["Mummified Hand"],"max_hp_gain":0,"max_hp_loss":0,"event_name":"The Mausoleum","floor":20,"gold_loss":0},{"damage_healed":0,"gold_gain":0,"cards_transformed":["Strike_G"],"player_choice":"Transformed","damage_taken":0,"max_hp_gain":0,"max_hp_loss":0,"event_name":"Transmorgrifier","floor":21,"gold_loss":0,"cards_obtained":["Leg Sweep"]}],"is_beta":false,"boss_relics":[{"not_picked":["SacredBark","Empty Cage"],"picked":"Coffee Dripper"}],"items_purged_floors":[3,22],"is_endless":false,"potions_floor_spawned":[2,11,14,16,18],"killed_by":"Snecko","ascension_level":14}}