{"host":"sav7uxregyirlf69","time":1610539371,"event":{"mods":["AchievementEnabler","BaseMod","Colored Map","DeckTracker","Keyboard Shortcuts","Minty Spire (QoL Compilation)","READ ME - Guardian Mod","StSLib","SuperFastMode"],"gold_per_floor":[118,131,20,39,39,72,72,89,89,89,100,126,126,136,136,136,136],"floor_reached":16,"language":"KOR","playtime":305,"items_purged":[],"score":267,"play_id":"7acf9e4a-1f10-457d-b92f-883b18e049b9","local_time":"20210113210251","is_ascension_mode":true,"campfire_choices":[{"data":"Streamline","floor":7,"key":"SMITH"},{"data":"Streamline","floor":15,"key":"SMITH"}],"circlet_count":0,"master_deck":["AscendersBane","Strike_B","Strike_B","Strike_B","Defend_B","Defend_B","Defend_B","Defend_B","Zap","Dualcast","Rip and Tear","Chill","Cold Snap","Streamline+1","All For One","Streamline+1","Go for the Eyes"],"relics":["Busted Crown","HornCleat","Frozen Egg 2"],"acts_visited":["Exordium"],"potions_floor_usage":[12],"damage_taken":[{"damage":2,"enemies":"Cultist","floor":1,"turns":4},{"damage":7,"enemies":"Small Slimes","floor":2,"turns":3},{"damage":3,"enemies":"2 Louse","floor":4,"turns":3},{"damage":10,"enemies":"3 Sentries","floor":6,"turns":10},{"damage":17,"enemies":"Lots of Slimes","floor":8,"turns":4},{"damage":4,"enemies":"Exordium Thugs","floor":11,"turns":5},{"damage":0,"enemies":"Gremlin Nob","floor":12,"turns":3},{"damage":0,"enemies":"Large Slime","floor":14,"turns":4},{"damage":49,"enemies":"Slime Boss","floor":16,"turns":8}],"seed_played":"3510536567892314023","potions_obtained":[{"floor":1,"key":"FairyPotion"},{"floor":6,"key":"EssenceOfSteel"},{"floor":11,"key":"DistilledChaos"}],"is_trial":false,"path_per_floor":["M","M","$","M","?","E","R","M","T","?","M","E","?","M","R","B"],"character_chosen":"DEFECT","items_purchased":["Cold Snap","Streamline"],"campfire_rested":0,"item_purchase_floors":[3,3],"current_hp_per_floor":[62,55,55,52,52,42,42,25,25,25,21,21,14,14,14,0,0],"gold":136,"neow_bonus":"BOSS_RELIC","is_daily":false,"chose_seed":false,"campfire_upgraded":2,"win_rate":0.0,"timestamp":1610539371,"path_taken":["M","M","$","M","?","E","R","M","T","?","?","E","?","M","R","BOSS"],"items_purchased_type":["Card","Card"],"build_version":"2020-12-22","purchased_purges":0,"victory":false,"max_hp_per_floor":[71,71,71,71,71,71,71,71,71,71,71,71,71,71,71,71,71],"card_choices":[{"not_picked":[],"picked":"Rip and Tear","floor":1},{"not_picked":[],"picked":"Chill","floor":2},{"not_picked":["Barrage"],"picked":"SKIP","floor":4},{"not_picked":["Redo"],"picked":"SKIP","floor":6},{"not_picked":["Streamline"],"picked":"SKIP","floor":8},{"not_picked":[],"picked":"Streamline","floor":11},{"not_picked":[],"picked":"Go for the Eyes","floor":12},{"not_picked":["Aggregate"],"picked":"SKIP","floor":14}],"player_experience":1270322,"relics_obtained":[{"floor":9,"key":"HornCleat"},{"floor":12,"key":"Frozen Egg 2"}],"event_choices":[{"damage_healed":0,"gold_gain":0,"player_choice":"Ignored","damage_taken":0,"max_hp_gain":0,"max_hp_loss":0,"event_name":"Liars Game","floor":5,"gold_loss":0},{"damage_healed":0,"gold_gain":0,"player_choice":"1 cards matched","damage_taken":0,"max_hp_gain":0,"max_hp_loss":0,"event_name":"Match and Keep!","floor":10,"gold_loss":0,"cards_obtained":["All For One"]},{"cards_removed":["Strike_B"],"damage_healed":0,"gold_gain":0,"player_choice":"Card Removal","damage_taken":7,"max_hp_gain":0,"max_hp_loss":0,"event_name":"Golden Wing","floor":13,"gold_loss":0}],"is_beta":false,"boss_relics":[],"items_purged_floors":[],"is_endless":false,"potions_floor_spawned":[1,6,11],"killed_by":"Slime Boss","ascension_level":19}}