{"host":"ml2ro5l6hu6y0pll","time":1610550338,"event":{"mods":["AchievementEnabler","BaseMod","Colored Map","Colored Powertips","Custom Start","Googly Eyes","Minty Spire (QoL Compilation)","Quick Restart","Rare Cards Sparkle","Relic Stats","StSLib","everything is the same but u backflip on backflip"],"gold_per_floor":[109,129,144,159,159,485,485,485,485],"floor_reached":8,"language":"ENG","playtime":358,"items_purged":[],"score":102,"play_id":"9fb0f912-59ef-4af6-bc15-e98ebccdd7ed","local_time":"20210113150538","is_ascension_mode":true,"campfire_choices":[],"circlet_count":0,"master_deck":["AscendersBane","Strike_R","Strike_R","Strike_R","Strike_R","Defend_R","Defend_R","Defend_R","Bash","Shrug It Off","Headbutt","Pommel Strike","Cleave"],"relics":["Empty Cage","Old Coin"],"acts_visited":["Exordium"],"potions_floor_usage":[],"damage_taken":[{"damage":1,"enemies":"Cultist","floor":1,"turns":3},{"damage":4,"enemies":"Small Slimes","floor":2,"turns":5},{"damage":0,"enemies":"2 Louse","floor":3,"turns":4},{"damage":3,"enemies":"Blue Slaver","floor":4,"turns":7},{"damage":28,"enemies":"3 Sentries","floor":6,"turns":10},{"damage":50,"enemies":"Lagavulin","floor":8,"turns":7}],"seed_played":"-1607266529731621423","potions_obtained":[{"floor":3,"key":"Fruit Juice"}],"is_trial":false,"path_per_floor":["M","M","M","M","?","E","?","E"],"character_chosen":"IRONCLAD","items_purchased":[],"campfire_rested":0,"item_purchase_floors":[],"current_hp_per_floor":[67,63,63,60,65,37,37,0,0],"gold":485,"neow_bonus":"BOSS_RELIC","is_daily":false,"chose_seed":false,"campfire_upgraded":0,"win_rate":0.0,"timestamp":1610550338,"path_taken":["M","M","?","M","?","E","?","E"],"items_purchased_type":[],"build_version":"2020-12-22","purchased_purges":0,"victory":false,"max_hp_per_floor":[75,75,75,75,80,80,80,80,80],"relic_stats":{"counters":[6,36],"obtain_stats":[{"Empty Cage":0,"Burning Blood":0,"Old Coin":6},{"Empty Cage":0,"Burning Blood":0,"Old Coin":5},{"Empty Cage":0,"Burning Blood":0,"Old Coin":29}]},"card_choices":[{"not_picked":["Armaments","Seeing Red"],"picked":"Shrug It Off","floor":1},{"not_picked":["Burning Pact","Warcry","Body Slam"],"picked":"SKIP","floor":2},{"not_picked":["Fire Breathing","Cleave"],"picked":"Headbutt","floor":3},{"not_picked":["Sword Boomerang","Perfected Strike"],"picked":"Pommel Strike","floor":4},{"not_picked":["Brutality","Dropkick"],"picked":"Cleave","floor":6}],"player_experience":798711,"relics_obtained":[{"floor":6,"key":"Old Coin"}],"event_choices":[{"damage_healed":0,"gold_gain":0,"player_choice":"Donut","damage_taken":0,"max_hp_gain":5,"max_hp_loss":0,"event_name":"Big Fish","floor":5,"gold_loss":0},{"damage_healed":0,"gold_gain":0,"player_choice":"Ignored","damage_taken":0,"max_hp_gain":0,"max_hp_loss":0,"event_name":"Shining Light","floor":7,"gold_loss":0}],"is_beta":false,"boss_relics":[],"items_purged_floors":[],"is_endless":false,"potions_floor_spawned":[3],"killed_by":"Lagavulin","ascension_level":15}}