{"host":"wqsqub3crsxqknzv","time":1610546474,"event":{"mods":["BaseMod","Colored Powertips","Downfall","Minty Spire (QoL Compilation)","StSLib"],"gold_per_floor":[99,119,104,121,121,121,168,182,282,56,66,216,235,249,265,265,265,265],"floor_reached":16,"playtime":1058,"items_purged":["Guardian:Strike_Guardian"],"score":94,"play_id":"54f0b30a-c39b-4cb1-9142-fbbeee3ec6ee","local_time":"20210113160114","is_ascension_mode":false,"campfire_choices":[{"data":"Guardian:CurlUp","floor":1,"key":"SMITH"}],"circlet_count":0,"master_deck":["Guardian:Strike_Guardian","Guardian:Strike_Guardian","Guardian:Strike_Guardian","Guardian:Defend_Guardian","Guardian:Defend_Guardian","Guardian:Defend_Guardian","Guardian:Defend_Guardian","Guardian:CurlUp+1","Guardian:TwinSlam","expansioncontent:YouAreMine","Guardian:TimeBomb","Guardian:Gem_Lightblue","Guardian:Gem_Green","Guardian:Gem_Green","Guardian:Gem_White","Guardian:BronzeArmor","Guardian:Emergency","Guardian:SphericShield","Slimebound:Icky","Guardian:Preprogram","Guardian:RevengeProtocol"],"relics":["Guardian:ModeShifter","downfall:BrokenWingStatue","Potion Belt"],"acts_visited":["Exordium"],"potions_floor_usage":[15,16],"damage_taken":[{"damage":0,"enemies":"2 Louse","floor":2,"turns":3},{"damage":0,"enemies":"downfall:FleeingMerchant","floor":3,"turns":4},{"damage":1,"enemies":"Cultist","floor":4,"turns":5},{"damage":0,"enemies":"Small Slimes","floor":8,"turns":3},{"damage":10,"enemies":"downfall:FleeingMerchant","floor":10,"turns":4},{"damage":8,"enemies":"Exordium Thugs","floor":11,"turns":4},{"damage":12,"enemies":"Lots of Slimes","floor":13,"turns":3},{"damage":0,"enemies":"Large Slime","floor":14,"turns":8},{"damage":0,"enemies":"2 Fungi Beasts","floor":15,"turns":6},{"damage":65,"enemies":"downfall:Watcher","floor":16,"turns":21}],"seed_played":"1395598374789511674","potions_obtained":[{"floor":4,"key":"Dexterity Potion"},{"floor":11,"key":"SneckoOil"},{"floor":13,"key":"Fruit Juice"},{"floor":14,"key":"Regen Potion"}],"is_trial":false,"path_per_floor":["R","M","$","M","?","?","T","M","?","$","M","?","M","M","M","B"],"character_chosen":"GUARDIAN","items_purchased":["Guardian:SphericShield"],"campfire_rested":0,"item_purchase_floors":[10],"current_hp_per_floor":[80,80,80,79,79,79,79,79,79,69,61,61,49,49,49,0,0,0],"gold":265,"neow_bonus":"RANDOM_COLORLESS","is_daily":false,"chose_seed":false,"campfire_upgraded":1,"win_rate":0.0,"timestamp":1610546474,"path_taken":["R","M","$","M","?","?","T","?","?","?","?","?","M","M","M","BOSS"],"items_purchased_type":["Card"],"build_version":"2020-11-29","purchased_purges":1,"victory":false,"max_hp_per_floor":[80,80,80,80,80,80,80,80,80,80,80,80,80,80,80,80,80,80],"card_choices":[{"not_picked":["expansioncontent:SuperHexaguard","Jack Of All Trades"],"picked":"expansioncontent:YouAreMine","floor":0},{"not_picked":["Guardian:WalkerClaw","Guardian:TemporalShield"],"picked":"Guardian:TimeBomb","floor":2},{"not_picked":["Guardian:Reroute","Guardian:CrystalBeam"],"picked":"Guardian:Gem_Lightblue","floor":3},{"not_picked":["Guardian:Recover","Guardian:PrimingBeam"],"picked":"Guardian:Gem_Green","floor":4},{"not_picked":["Guardian:ChargeCore","Guardian:Gem_Cyan"],"picked":"Guardian:BronzeArmor","floor":8},{"not_picked":["Guardian:SpikerProtocol","Guardian:Gem_Red"],"picked":"Guardian:Emergency","floor":10},{"not_picked":["Guardian:PrimingBeam","Guardian:VentSteam","Guardian:Gem_Green"],"picked":"SKIP","floor":11},{"not_picked":["Guardian:RollAttack","Guardian:Planning"],"picked":"Guardian:Preprogram","floor":13},{"not_picked":["Guardian:Planning","Guardian:FloatingOrbs"],"picked":"Guardian:RevengeProtocol","floor":14},{"not_picked":["Guardian:Planning","Guardian:PiercingHide","Guardian:ChargeCore"],"picked":"SKIP","floor":15}],"player_experience":16929,"relics_obtained":[{"floor":7,"key":"Potion Belt"}],"event_choices":[{"damage_healed":0,"gold_gain":100,"player_choice":"Gold","damage_taken":0,"max_hp_gain":0,"max_hp_loss":0,"event_name":"Wheel of Change","floor":9,"gold_loss":0}],"is_beta":false,"boss_relics":[],"items_purged_floors":[10],"is_endless":false,"potions_floor_spawned":[4,11,13,14],"killed_by":"downfall:Watcher","ascension_level":0}}