{"host":"wvwkddos141hgtsy","time":1610533734,"event":{"mods":["AchievementEnabler","Act Like it!","Aspiration","Bard","BaseMod","Beaked The Cultist","Better Altar","Better Match","Better Note","Better Sensory Stone","Better Skull","Better Third Choice","BetterRewards","CCEM","Clawfect","Colored Map","Conspire","Downfall","GifTheSpireLib","Googly Eyes","Halation","Hallownest","Hermit","Highlight Path","Hubris","Hunter ??","Infinite Spire","Jedi Mod","Jorbs\u0027s Wanderer Trilogy","Mad Scientist","Marisa????????","Mimic Mod","Minty Spire (QoL Compilation)","Permanent Neow","Replay The Spire","Shade Mod","Shop Mod","Spicy Shops","StSLib","Stuff the Spire","The Administrix","The Blackbeard","The Bug Knight","The Construct","The Cursed","The Disciple","The Gatherer","The Hierophant","The IronCluck","The Jungle","The Mystic","The Necromancer","The Problem Sleuth","The Runesmith","The Servant 0.9.4","The Spell Scribe","The Witch","Unceasing Turn Reminder","[IsaacMod]????","everything is the same but u backflip on backflip","slay the spire mod where everything is the same but ironclad has a cowboy hat"],"gold_per_floor":[111,111,111,125,125,152,163,163,190,205,221,221,250,262,262,364,364,384,431,531,547,547,547,559,559,559,559,634,634,634,648,682,692,692,794,794,813,813,826,845,845,879,879,896,935,935,955,875,875,875,875,875],"floor_reached":53,"language":"ENG","playtime":5726,"items_purged":[],"score":692,"play_id":"bf90bfa2-99e0-4715-9e80-9f3782e23504","local_time":"20210113052854","is_ascension_mode":false,"campfire_choices":[{"floor":8,"key":"REST"},{"data":"blackbeard:SwordDance","floor":12,"key":"SMITH"},{"data":"blackbeard:Halberd","floor":15,"key":"SMITH"},{"floor":25,"key":"REST"},{"floor":27,"key":"REST"},{"data":"blackbeard:MegaUpgrade","floor":29,"key":"SMITH"},{"data":"blackbeard:PowerHungry","floor":34,"key":"SMITH"},{"floor":43,"key":"REST"},{"floor":49,"key":"REST"},{"floor":51,"key":"REST"}],"circlet_count":0,"master_deck":["blackbeard:BlackbeardStrike+1","blackbeard:BlackbeardStrike","blackbeard:BlackbeardStrike+1","blackbeard:BlackbeardStrike","blackbeard:IntimidatingStrike","blackbeard:BlackbeardDefend","blackbeard:BlackbeardDefend","blackbeard:BlackbeardDefend","blackbeard:BlackbeardDefend+1","blackbeard:Cutlass","DoctorFetus","blackbeard:Toast","blackbeard:Shrapnel","blackbeard:SwordDance+1","blackbeard:Sword","Dramatic Entrance+1","blackbeard:Sharpening","Deep Breath+1","expansioncontent:AwakenDeath+1","blackbeard:Halberd+1","blackbeard:MegaUpgrade+1","blackbeard:RearmingStrike","blackbeard:Sharpening+1","blackbeard:Rum","blackbeard:CloakAndCannonball","blackbeard:Dagger+1","blackbeard:Fencing","blackbeard:PowerHungry+1","blackbeard:CaptainsHat","infinitespire:Menacing","blackbeard:AgileStrike+1","blackbeard:CaptainsHat","blackbeard:Recklessness+1","PanicButton","Panache","blackbeard:CannonBarrage+1","blackbeard:SwordDance+1","blackbeard:Spear+1","Replay:Sssssssssstrike+1","blackbeard:Sword+1","blackbeard:RearmingStrike+1","blackbeard:ArmorUp","Hallownest:attackMasterDashSlash"],"relics":["blackbeard:LoadTheCannons","HushsDoor","aspiration:Nostalgia","m_SerpentRing","Toy Ornithopter","CCEMRelics:FestiveHat","PunchingBag","hubris:ToyBattleship","aspiration:MobileForge","conspire:DecoderRing","aspiration:FetidBarrel","blackbeard:CannonballsOfSteel","aspiration:PoetsPen_weak","Peace Pipe","conspire:Boomerang","Hallownest:KingsIdolRelic","Vajra"],"acts_visited":["Hallownest:Greenpath","TheCity","Hallownest:KingdomsEdge"],"potions_floor_usage":[7,10,13,16,13031,31,32,32,35,39,40,47,52],"damage_taken":[{"damage":1,"enemies":"Hallownest:2_MossCreeps","floor":1,"turns":5},{"damage":2,"enemies":"2_ Uuma","floor":4,"turns":6},{"damage":29,"enemies":"Hallownest:eliteMossKnight","floor":6,"turns":8},{"damage":0,"enemies":"Hallownest:monsterHuskGuard","floor":7,"turns":1},{"damage":0,"enemies":"Hallownest:Wandering_and_Horned","floor":10,"turns":5},{"damage":0,"enemies":"Hallownest:monsterFoolEater","floor":11,"turns":1},{"damage":14,"enemies":"Hallownest:eliteCrystalGuardian","floor":13,"turns":5},{"damage":0,"enemies":"Hallownest:Guard_and_Warrior","floor":14,"turns":3},{"damage":64,"enemies":"Hallownest:BossHornet","floor":16,"turns":10},{"damage":19,"enemies":"Shell Parasite","floor":18,"turns":5},{"damage":0,"enemies":"3 Byrds","floor":21,"turns":4},{"damage":21,"enemies":"Snake Plant","floor":24,"turns":3},{"damage":5,"enemies":"Chosen and Byrds","floor":31,"turns":4},{"damage":21,"enemies":"Nightmare","floor":32,"turns":4},{"damage":1,"enemies":"3 Cultists","floor":33,"turns":4},{"damage":60,"enemies":"Collector","floor":35,"turns":9},{"damage":8,"enemies":"Hallownest:Shield_Heavy","floor":37,"turns":5},{"damage":4,"enemies":"Hallownest:2_Littles","floor":39,"turns":2},{"damage":21,"enemies":"Hallownest:monsterPrimalAspid","floor":40,"turns":2},{"damage":40,"enemies":"Hallownest:eliteHiveKnight","floor":42,"turns":4},{"damage":16,"enemies":"Hallownest:2_Wandering_and_1_Horned","floor":44,"turns":4},{"damage":1,"enemies":"Hallownest:Xero_Hu_Marmu","floor":45,"turns":6},{"damage":38,"enemies":"Hallownest:Xero_Hu_Marmu","floor":47,"turns":7},{"damage":50,"enemies":"Hallownest:BossHollowKnight","floor":52,"turns":8}],"seed_played":"-5013732323587426422","potions_obtained":[{"floor":1,"key":"Fire Potion"},{"floor":4,"key":"ColorlessPotion"},{"floor":10,"key":"Weak Potion"},{"floor":13,"key":"ColorlessPotion"},{"floor":16,"key":"LifebloodPotion"},{"floor":31,"key":"Regen Potion"},{"floor":32,"key":"GamblersBrew"},{"floor":33,"key":"blackbeard:RumPotion"},{"floor":35,"key":"construct:ShiftPotion"},{"floor":37,"key":"Explosive Potion"},{"floor":47,"key":"jedi:StrikingPotion"}],"is_trial":false,"path_per_floor":["M","?","$","M","?","E","M","R","T","M","M","R","E","M","R","B",null,"M","?","?","M","PTL","PTL","M","R","AVR","R","T","R","?","M","NM","M","R","B",null,"M","?","M","M","?","E","R","M","MIM","?","M","?","R","T","R","B",null],"character_chosen":"BLACKBEARD_CLASS","items_purchased":[],"campfire_rested":6,"item_purchase_floors":[],"current_hp_per_floor":[74,74,74,72,60,31,36,58,58,63,63,63,54,54,54,15,75,56,38,38,38,38,38,17,39,39,61,61,61,43,66,60,59,59,4,75,67,67,68,52,52,12,34,18,17,13,6,6,28,28,50,5],"gold":875,"neow_bonus":"NOSTALGIA","is_daily":false,"chose_seed":false,"campfire_upgraded":4,"win_rate":0.0,"timestamp":1610533734,"path_taken":["M","?","$","?","?","E","M","R","T","M","M","R","E","M","R","BOSS","M","?","?","M","PTL","PTL","M","R","AVR","R","T","R","?","M","NM","M","R","BOSS","M","?","M","M","?","E","R","?","MIM","?","M","?","R","?","R","BOSS"],"items_purchased_type":[],"build_version":"2020-12-22","purchased_purges":0,"victory":true,"max_hp_per_floor":[75,75,75,75,75,75,75,75,75,75,75,75,75,75,75,75,75,75,75,75,75,75,75,75,75,75,75,75,75,75,75,75,75,75,75,75,75,75,75,75,75,75,75,75,75,75,75,75,75,75,75,75],"card_choices":[{"not_picked":[],"picked":"DoctorFetus","floor":0},{"not_picked":["blackbeard:Spear","blackbeard:RearmingStrike"],"picked":"blackbeard:Toast","floor":1},{"not_picked":["Blade Dance","Cloak And Dagger"],"picked":"blackbeard:Shrapnel","floor":4},{"not_picked":["blackbeard:FinalBarrage","blackbeard:DoubleBottom"],"picked":"blackbeard:SwordDance","floor":6},{"not_picked":["blackbeard:Toast","blackbeard:CloakAndCannonball"],"picked":"blackbeard:Sword","floor":7},{"not_picked":["expansioncontent:PrepareCrush+1","The Bomb+1"],"picked":"Dramatic Entrance+1","floor":10},{"not_picked":["blackbeard:BrownPants","blackbeard:PiratesWill"],"picked":"blackbeard:Sharpening","floor":10},{"not_picked":["hubris:Ssssneak+1","Replay:Bootleg Shield Generator+1"],"picked":"Deep Breath+1","floor":11},{"not_picked":["blackbeard:VengefulSpirit","blackbeard:GoldenStrike","blackbeard:GoldenDefense"],"picked":"SKIP","floor":11},{"not_picked":["Replay:SS_forest_6+1","expansioncontent:CaCaw+1"],"picked":"expansioncontent:AwakenDeath+1","floor":13},{"not_picked":["Cloak And Dagger","blackbeard:Upgrade"],"picked":"blackbeard:Halberd","floor":13},{"not_picked":["blackbeard:Toast","blackbeard:SwordDance","blackbeard:FieryDefense"],"picked":"SKIP","floor":14},{"not_picked":["blackbeard:GoldenRain","blackbeard:GoldenGuillotine"],"picked":"blackbeard:MegaUpgrade","floor":16},{"not_picked":["blackbeard:Bandana+1","blackbeard:GoldenStrike+1"],"picked":"blackbeard:RearmingStrike","floor":18},{"not_picked":["blackbeard:TacticalRetreat","blackbeard:Provisioning+1"],"picked":"blackbeard:Sharpening+1","floor":19},{"not_picked":["blackbeard:GoldenCannonball","blackbeard:VengefulSpirit"],"picked":"blackbeard:Rum","floor":19},{"not_picked":["blackbeard:DangerousBlow+1","blackbeard:Toast"],"picked":"blackbeard:CloakAndCannonball","floor":20},{"not_picked":["blackbeard:RearmingStrike+1","blackbeard:GoldenCannonball+1"],"picked":"blackbeard:Dagger+1","floor":21},{"not_picked":["blackbeard:Spear","blackbeard:CloakAndCannonball"],"picked":"blackbeard:Fencing","floor":24},{"not_picked":["blackbeard:Toast","blackbeard:Sharpening"],"picked":"blackbeard:PowerHungry","floor":31},{"not_picked":["blackbeard:Shrapnel","blackbeard:TerrorOfTheSeas"],"picked":"blackbeard:CaptainsHat","floor":32},{"not_picked":["infinitespire:TheBestDefense","infinitespire:SevenWalls"],"picked":"infinitespire:Menacing","floor":32},{"not_picked":["blackbeard:Spear","blackbeard:Rum"],"picked":"blackbeard:AgileStrike+1","floor":33},{"not_picked":["blackbeard:BountyHunter","blackbeard:MegaUpgrade"],"picked":"blackbeard:CaptainsHat","floor":35},{"not_picked":["blackbeard:Boarding","blackbeard:FieryDefense"],"picked":"blackbeard:Recklessness+1","floor":37},{"not_picked":["expansioncontent:SlimeTackle","expansioncontent:FaceSlap"],"picked":"PanicButton","floor":38},{"not_picked":["Replay:Dark Deal","Replay:SS_hec_2"],"picked":"Panache","floor":38},{"not_picked":["blackbeard:CaptainsCabin","blackbeard:Anchor"],"picked":"blackbeard:CannonBarrage+1","floor":39},{"not_picked":["blackbeard:Fencing+1","blackbeard:Spear+1"],"picked":"blackbeard:SwordDance+1","floor":40},{"not_picked":["blackbeard:BeatUp+1","blackbeard:CloakAndCannonball+1"],"picked":"blackbeard:Spear+1","floor":41},{"not_picked":["expansioncontent:Torchfire+1","expansioncontent:ManipulateTime+1"],"picked":"Replay:Sssssssssstrike+1","floor":41},{"not_picked":["blackbeard:Spear","blackbeard:CaptainsCabin"],"picked":"blackbeard:Sword+1","floor":42},{"not_picked":["blackbeard:GoldenStrike+1","blackbeard:PiratesWill+1"],"picked":"blackbeard:RearmingStrike+1","floor":44},{"not_picked":["blackbeard:FieryDefense","blackbeard:SwordDance"],"picked":"blackbeard:ArmorUp","floor":47}],"player_experience":399760,"relics_obtained":[{"floor":6,"key":"Toy Ornithopter"},{"floor":9,"key":"CCEMRelics:FestiveHat"},{"floor":13,"key":"hubris:ToyBattleship"},{"floor":19,"key":"conspire:DecoderRing"},{"floor":28,"key":"aspiration:FetidBarrel"},{"floor":32,"key":"blackbeard:CannonballsOfSteel"},{"floor":42,"key":"Peace Pipe"},{"floor":45,"key":"conspire:Boomerang"},{"floor":50,"key":"Vajra"}],"event_choices":[{"damage_healed":0,"gold_gain":0,"player_choice":"UP ","damage_taken":14,"relics_obtained":[],"max_hp_gain":0,"max_hp_loss":0,"event_name":"betterSkull:BetterSkull","floor":5,"gold_loss":0,"cards_upgraded":["blackbeard:BlackbeardDefend"]},{"damage_healed":0,"gold_gain":0,"player_choice":" Potion ","damage_taken":18,"relics_obtained":[],"max_hp_gain":61,"max_hp_loss":43,"event_name":"betterAltar:BetterAltar","floor":30,"potions_obtained":["betterAltar:AltarPotion"],"relics_lost":[],"gold_loss":0},{"damage_healed":0,"gold_gain":3,"player_choice":"1","damage_taken":0,"max_hp_gain":0,"max_hp_loss":0,"event_name":"betterStone:BetterStone","floor":38,"gold_loss":0},{"damage_healed":0,"gold_gain":0,"player_choice":"2","damage_taken":0,"max_hp_gain":0,"max_hp_loss":0,"event_name":"betterMatch:BetterMatch","floor":41,"gold_loss":0,"cards_obtained":["betterMatch:CommonCard","betterMatch:ColorlessUncommonCard"]}],"is_beta":false,"boss_relics":[{"not_picked":["aspiration:DefectSkillbook","Runic Pyramid"],"picked":"aspiration:MobileForge"},{"not_picked":[]},{"not_picked":["Calling Bell","halation:Prosthetics"],"picked":"aspiration:PoetsPen_weak"},{"not_picked":[]}],"items_purged_floors":[],"is_endless":false,"potions_floor_spawned":[1,4,10,13,16,31,32,33,35,37,47],"ascension_level":0}}