{"host":"lcnwkjlokfwcnxxu","time":1610578176,"event":{"mods":["BaseMod","Colored Map","Downfall","GifTheSpireLib","Marisa????????","Minty Spire (QoL Compilation)","Quick Restart","Replay The Spire","StSLib","The Disciple","The Mystic","The Servant 0.9.4"],"gold_per_floor":[113,129,17,37,48,48,78,93,138,202,264,92,129,129,129,261,261,295,295,295,97,97,155,155,194,265,265,305,338,112,145,145,264,264,307,336,89,133,61,112,112,174,174,215,215,253,53,89,89,103,103],"floor_reached":50,"language":"ENG","playtime":3226,"items_purged":["Strike_G","Strike_G","Defend_G","Tools of the Trade","Strike_G","Defend_G"],"score":824,"play_id":"b74f6b69-1ae9-4891-9166-5a9837677a85","local_time":"20210113144936","is_ascension_mode":false,"campfire_choices":[{"data":"Blade Dance","floor":6,"key":"SMITH"},{"data":"Survivor","floor":15,"key":"SMITH"},{"floor":24,"key":"REST"},{"floor":27,"key":"REST"},{"data":"Unload","floor":32,"key":"PURGE"},{"data":"Storm of Steel","floor":41,"key":"SMITH"},{"data":"Neutralize","floor":45,"key":"SMITH"}],"circlet_count":0,"master_deck":["Strike_G","Defend_G","Defend_G+1","Defend_G","Survivor+1","Neutralize+1","Flying Knee","Blade Dance+1","Quick Slash+1","Hidden Blade","Sucker Punch","Deflect","Storm of Steel+1","Pot Of Greed+1","Pot Of Greed","Blur","Backstab","Blade Dance","Backstab","Footwork","Pot Of Greed","Phantasmal Killer","ReplayTheSpireMod:Speed Training","Accuracy","Infinite Blades","Distraction+1","Prepared+1","Backstab+1"],"relics":["Ring of the Snake","Pet Ghost","Meat on the Bone","Grinning Jar","Replay:Bandana","WristBlade","Gremlin Food","Onion Ring","Ancient Tea Set","Vampiric Spirits","Paper Crane"],"acts_visited":["Exordium","TheCity","TheBeyond"],"potions_floor_usage":[16,16,16,23,33,33,33,40,50,50,50],"damage_taken":[{"damage":1,"enemies":"Cultist","floor":1,"turns":3},{"damage":0,"enemies":"2 Louse","floor":2,"turns":3},{"damage":0,"enemies":"Jaw Worm","floor":4,"turns":3},{"damage":0,"enemies":"2 Fungi Beasts","floor":5,"turns":4},{"damage":11,"enemies":"Gremlin Nob","floor":7,"turns":4},{"damage":4,"enemies":"Large Slime","floor":8,"turns":6},{"damage":8,"enemies":"3 Sentries","floor":11,"turns":9},{"damage":2,"enemies":"Exordium Wildlife","floor":13,"turns":2},{"damage":15,"enemies":"Hexaghost","floor":16,"turns":8},{"damage":7,"enemies":"2 Thieves","floor":18,"turns":3},{"damage":23,"enemies":"Book of Stabbing","floor":23,"turns":5},{"damage":0,"enemies":"Chosen","floor":25,"turns":3},{"damage":0,"enemies":"Snake Plant","floor":28,"turns":2},{"damage":0,"enemies":"Cultist and Chosen","floor":29,"turns":4},{"damage":0,"enemies":"Snecko","floor":31,"turns":4},{"damage":0,"enemies":"Pondfish","floor":33,"turns":9},{"damage":8,"enemies":"3 Darklings","floor":35,"turns":4},{"damage":10,"enemies":"Orb Walker","floor":36,"turns":4},{"damage":7,"enemies":"Jaw Worm Horde","floor":38,"turns":3},{"damage":13,"enemies":"Reptomancer","floor":40,"turns":5},{"damage":0,"enemies":"Giant Head","floor":42,"turns":4},{"damage":28,"enemies":"4 Shapes","floor":44,"turns":2},{"damage":0,"enemies":"3 Darklings","floor":46,"turns":2},{"damage":0,"enemies":"Spire Growth","floor":48,"turns":2},{"damage":79,"enemies":"Time Eater","floor":50,"turns":13}],"seed_played":"1702045603395532856","potions_obtained":[{"floor":4,"key":"SteroidPotion"},{"floor":5,"key":"Poison Potion"},{"floor":8,"key":"SkillPotion"},{"floor":10,"key":"SteroidPotion"},{"floor":10,"key":"CunningPotion"},{"floor":16,"key":"SkillPotion"},{"floor":18,"key":"LifebloodPotion"},{"floor":23,"key":"hexamod:EctoCoolerPotion"},{"floor":36,"key":"SkillPotion"},{"floor":38,"key":"Venom Potion"},{"floor":46,"key":"Weak Potion"},{"floor":48,"key":"SpeedPotion"}],"is_trial":false,"path_per_floor":["M","M","$","M","M","R","E","M","T","?","?","$","M","?","R","B",null,"M","?","?","$","?","E","R","M","T","R","M","M","$","M","R_BF","B",null,"M","M","$","M","$","E","R","E","T","M","R","M","$","M","R_BF","B"],"character_chosen":"THE_SILENT","items_purchased":["Quick Slash+1","Backstab","Footwork","Reflective Coating","Infinite Blades","Guardian:BlockOnCardUsePotion"],"campfire_rested":2,"item_purchase_floors":[3,12,21,30,37,39],"current_hp_per_floor":[69,69,69,69,69,69,58,54,54,26,30,30,40,40,40,37,70,63,63,63,63,63,40,61,61,61,70,70,70,70,70,70,70,70,62,52,52,45,45,44,44,44,44,44,44,70,70,70,70,0,0],"gold":103,"neow_bonus":"RANDOM_COMMON_RELIC","is_daily":false,"chose_seed":false,"campfire_upgraded":4,"win_rate":0.0,"timestamp":1610578176,"path_taken":["M","M","$","M","M","R","E","M","T","?","?","$","M","?","R","BOSS","M","?","?","$","?","E","R","M","T","R","M","M","$","M","R_BF","BOSS","M","?","$","M","$","E","R","E","T","M","R","M","$","M","R_BF","BOSS"],"items_purchased_type":["Card","Card","Card","Potion","Card","Potion"],"build_version":"2020-12-22","purchased_purges":6,"victory":false,"max_hp_per_floor":[70,70,70,70,70,70,70,70,70,70,70,70,70,70,70,70,70,70,70,70,70,70,70,70,70,70,70,70,70,70,70,70,70,70,70,70,70,70,70,70,70,70,70,70,70,70,70,70,70,70,70],"card_choices":[{"not_picked":["Catalyst","Sneak Up"],"picked":"Flying Knee","floor":1},{"not_picked":["Calculated Gamble","Dagger Spray"],"picked":"Blade Dance","floor":2},{"not_picked":["Dagger Throw","Riddle With Holes"],"picked":"Hidden Blade","floor":4},{"not_picked":["Poisoned Stab","Predator"],"picked":"Sucker Punch","floor":5},{"not_picked":["Poisoned Stab","Hidden Blade"],"picked":"Deflect","floor":7},{"not_picked":["Dodge and Roll","Blade Dance"],"picked":"Storm of Steel","floor":8},{"not_picked":["Heel Hook","Poisoned Stab"],"picked":"Blur","floor":10},{"not_picked":["Dodge and Roll","Dagger Spray"],"picked":"Blade Dance","floor":13},{"not_picked":["Glass Knife","Atom Bomb"],"picked":"Unload","floor":16},{"not_picked":["Poisoned Stab","Outmaneuver"],"picked":"Backstab","floor":18},{"not_picked":["All Out Attack","Wraith Form v2"],"picked":"Phantasmal Killer","floor":23},{"not_picked":["Reflex+1","Backflip"],"picked":"ReplayTheSpireMod:Speed Training","floor":25},{"not_picked":["Endless Agony","Backflip"],"picked":"Accuracy","floor":28},{"not_picked":["Masterful Stab","Underhanded Strike+1","Blade Dance"],"picked":"SKIP","floor":29},{"not_picked":["Toxin Wave+1","Flying Knee","Underhanded Strike"],"picked":"SKIP","floor":31},{"not_picked":["Outmaneuver","Dodge and Roll+1","ReplayTheSpireMod:The Works"],"picked":"SKIP","floor":35},{"not_picked":["Flying Knee","All Out Attack+1","Dagger Throw+1"],"picked":"SKIP","floor":36},{"not_picked":["Fluid Movement","Slice","Prepared"],"picked":"SKIP","floor":38},{"not_picked":["ReplayTheSpireMod:Scrap Shanks+1","Poisoned Stab","Prepared"],"picked":"SKIP","floor":40},{"not_picked":["ReplayTheSpireMod:Exploit Weakness+1","Underhanded Strike"],"picked":"Distraction+1","floor":42},{"not_picked":["Night Terror","Well Laid Plans+1"],"picked":"Prepared+1","floor":44},{"not_picked":["Slice","Dodge and Roll+1","Caltrops+1"],"picked":"SKIP","floor":46},{"not_picked":["Poisoned Stab","Sucker Punch"],"picked":"Backstab+1","floor":48}],"player_experience":60023,"relics_obtained":[{"floor":7,"key":"Meat on the Bone"},{"floor":9,"key":"Grinning Jar"},{"floor":11,"key":"Replay:Bandana"},{"floor":23,"key":"Gremlin Food"},{"floor":26,"key":"Onion Ring"},{"floor":40,"key":"Ancient Tea Set"},{"floor":42,"key":"Vampiric Spirits"},{"floor":43,"key":"Paper Crane"}],"event_choices":[{"damage_healed":0,"gold_gain":0,"player_choice":"Searched \u00271\u0027 times","damage_taken":0,"max_hp_gain":0,"max_hp_loss":0,"event_name":"Dead Adventurer","floor":11,"gold_loss":0},{"damage_healed":0,"gold_gain":0,"player_choice":"Ignored","damage_taken":0,"max_hp_gain":0,"max_hp_loss":0,"event_name":"Ghosts","floor":19,"gold_loss":0},{"damage_healed":0,"gold_gain":0,"cards_transformed":["Strike_G"],"player_choice":"Transformed","damage_taken":0,"max_hp_gain":0,"max_hp_loss":0,"event_name":"Transmorgrifier","floor":22,"gold_loss":0,"cards_obtained":["Tools of the Trade"]}],"is_beta":false,"boss_relics":[{"not_picked":["Runic Dome","Coffee Dripper"],"picked":"WristBlade"},{"not_picked":["ReplayTheSpireMod:DimensionalGlitch","ChewingGum","Replay:Ancient Bell"]}],"items_purged_floors":[3,12,21,30,37,47],"is_endless":false,"potions_floor_spawned":[4,5,8,16,18,23,36,38,46,48],"killed_by":"Time Eater","ascension_level":0}}