{"host":"c59jaj2b7ki1imdm","time":1610579400,"event":{"mods":["AchievementEnabler","BaseMod","Hermit","Hubris","Minty Spire (QoL Compilation)","StSLib","The Construct","The Hierophant"],"gold_per_floor":[113,213,233,246,257,257,276,301,301,314,279,454,132,132,132,132,132],"floor_reached":16,"language":"ENG","playtime":1285,"items_purged":[],"score":102,"play_id":"019f2d0b-d08a-4062-8528-af7717ef0404","local_time":"20210114001000","is_ascension_mode":false,"campfire_choices":[{"data":"Sunder","floor":6,"key":"SMITH"},{"floor":15,"key":"REST"}],"circlet_count":0,"master_deck":["Strike_B","Strike_B","Strike_B","Strike_B","Defend_B","Defend_B","Defend_B","Defend_B","Zap","Doom and Gloom","Sunder+1","Steam","Leap","Barrage","Capacitor","hubris:DuctTapeCard","BootSequence","Doubt","Machine Learning","Dramatic Entrance"],"relics":["Cracked Core","hubris:CrystalStatue","hubris:DuctTape","PrismaticShard","hubris:Towel"],"acts_visited":["Exordium"],"potions_floor_usage":[8,16],"damage_taken":[{"damage":0,"enemies":"Small Slimes","floor":1,"turns":2},{"damage":0,"enemies":"Cultist","floor":3,"turns":3},{"damage":0,"enemies":"2 Louse","floor":4,"turns":3},{"damage":6,"enemies":"Blue Slaver","floor":5,"turns":3},{"damage":26,"enemies":"Large Slime","floor":7,"turns":5},{"damage":16,"enemies":"3 Sentries","floor":8,"turns":5},{"damage":10,"enemies":"3 Louse","floor":10,"turns":2},{"damage":58,"enemies":"Slime Boss","floor":16,"turns":9}],"seed_played":"-1417021997182432385","potions_obtained":[{"floor":1,"key":"Fire Potion"},{"floor":8,"key":"PotionOfCapacity"},{"floor":10,"key":"EssenceOfSteel"}],"is_trial":false,"path_per_floor":["M","?","M","M","M","R","M","E","T","M","?","?","$","?","R","B"],"character_chosen":"DEFECT","items_purchased":["Machine Learning","PrismaticShard","Dramatic Entrance"],"campfire_rested":1,"item_purchase_floors":[13,13,13],"current_hp_per_floor":[75,75,75,75,69,69,43,27,27,17,35,35,35,35,57,0,0],"gold":132,"neow_bonus":"THREE_CARDS","is_daily":false,"chose_seed":false,"campfire_upgraded":1,"win_rate":0.0,"timestamp":1610579400,"path_taken":["M","?","M","M","?","R","M","E","T","M","?","?","$","?","R","BOSS"],"items_purchased_type":["Card","Relic","Card"],"build_version":"2020-12-22","purchased_purges":0,"victory":false,"max_hp_per_floor":[75,75,75,75,75,75,75,75,75,75,75,75,75,75,75,75,75],"card_choices":[{"not_picked":["Redo","Streamline"],"picked":"Doom and Gloom","floor":0},{"not_picked":["Scrape","Streamline"],"picked":"Sunder","floor":1},{"not_picked":["Barrage","Scrape"],"picked":"Steam","floor":3},{"not_picked":["Reprogram","hubris:PowerSurge"],"picked":"Leap","floor":4},{"not_picked":["Leap","Cold Snap"],"picked":"Lockon","floor":5},{"not_picked":["Beam Cell","Turbo"],"picked":"Barrage","floor":7},{"not_picked":["Conserve Battery","Darkness"],"picked":"Capacitor","floor":8},{"not_picked":["Rip and Tear","Hologram"],"picked":"BootSequence","floor":10}],"player_experience":132874,"relics_obtained":[{"floor":8,"key":"hubris:CrystalStatue"},{"floor":9,"key":"hubris:DuctTape"}],"event_choices":[{"damage_healed":0,"gold_gain":100,"player_choice":"Pray","damage_taken":0,"max_hp_gain":0,"max_hp_loss":0,"event_name":"Golden Shrine","floor":2,"gold_loss":0},{"damage_healed":18,"gold_gain":0,"player_choice":"Healed","damage_taken":0,"max_hp_gain":0,"max_hp_loss":0,"event_name":"The Cleric","floor":11,"gold_loss":35},{"damage_healed":0,"gold_gain":175,"player_choice":"AGREE","damage_taken":0,"max_hp_gain":0,"max_hp_loss":0,"event_name":"Liars Game","floor":12,"gold_loss":0,"cards_obtained":["Doubt"]}],"is_beta":false,"boss_relics":[],"items_purged_floors":[],"is_endless":false,"potions_floor_spawned":[1,8,10],"killed_by":"Slime Boss","ascension_level":0}}