{"host":"33eci8hn4byprget","time":1610514524,"event":{"mods":["Aspiration","BaseMod","Colored Powertips","Downfall","GifTheSpireLib","Hubris","KinomotoSakuraMod(ƒæ÷Æ±æ”£)","Marisa£®ÏF”Í°°ƒß¿Ì…≥£©","Minty Spire (QoL Compilation)","Reimu£®≤©¿ˆ¡È√Œ£©","StSLib","The Construct","The Poker Player","The Servant 0.9.4"],"gold_per_floor":[119,119,119,119,70,70,90,90,117,16,27,41,41,57,57,155,155,174,206,131,56,56,106,122,140,190,206,224,68,94,106,106,211,211,228,228,228,281,301,301,150,150,150,166,178,198,216,249,249,249],"floor_reached":51,"language":"ZHS","playtime":2269,"items_purged":["Strike_Lin:ReiMu"],"score":714,"play_id":"19a31738-3321-4fa4-835e-7af2a9073b8e","local_time":"20210113130844","is_ascension_mode":false,"campfire_choices":[{"data":"NB:ReiMu","floor":6.0,"key":"SMITH"},{"floor":15.0,"key":"REST"},{"floor":32.0,"key":"REST"},{"data":"KyokaiOfKami:ReiMu","floor":40.0,"key":"SMITH"},{"floor":49,"key":"REST"}],"circlet_count":0,"master_deck":["Strike_Lin:ReiMu","Strike_Lin:ReiMu","Defend_Lin:ReiMu","Defend_Lin:ReiMu","Defend_Lin:ReiMu","Defend_Lin:ReiMu","NB:ReiMu+1","OrbThrow:ReiMu","YinYangSange:ReiMu+1","OrbThrow:ReiMu","PrepareRite:ReiMu","Meditation:ReiMu","Conquer:ReiMu","LovePray:ReiMu","FantasyMoon:ReiMu","KyokaiOfKami:ReiMu+1","PrayRite:ReiMu","Revelation:ReiMu","OrbThrow:ReiMu","EmergencyTakeOff:ReiMu","Conquer:ReiMu","SubcavityInstant:ReiMu","CareerPray:ReiMu","WonderfulDomain:ReiMu","KamiRite:ReiMu+1","SafetyPray:ReiMu","Conserve Battery+1","AirStrike:ReiMu+1","Parasite","UpKicking:ReiMu+1","Gathering:ReiMu+1","AirStrike:ReiMu","EmergencyTakeOff:ReiMu+1"],"relics":["FlyPower:ReiMu","Incense Burner","hubris:Towel","Regal Pillow","aspiration:DefectSkillbook","Red Mask","Mastiff:ReiMu","Anchor","Bronze Scales","aspiration:Stabinomicon","CrownOfHeavens:ReiMu","Unceasing Top","Lantern","aspiration:FaultyCoupler","Oddly Smooth Stone"],"acts_visited":["Exordium","TheCity","TheBeyond"],"potions_floor_usage":[],"damage_taken":[{"damage":0.0,"enemies":"Jaw Worm","floor":1.0,"turns":5.0},{"damage":0.0,"enemies":"Small Slimes","floor":7.0,"turns":3.0},{"damage":5.0,"enemies":"2 Louse","floor":11.0,"turns":4.0},{"damage":13.0,"enemies":"Blue Slaver","floor":12.0,"turns":5.0},{"damage":18.0,"enemies":"2 Fungi Beasts","floor":14.0,"turns":4.0},{"damage":3.0,"enemies":"Slime Boss","floor":16.0,"turns":13.0},{"damage":8.0,"enemies":"3 Byrds","floor":18.0,"turns":6.0},{"damage":7.0,"enemies":"Masked Bandits","floor":19.0,"turns":3.0},{"damage":0.0,"enemies":"Shell Parasite","floor":24.0,"turns":5.0},{"damage":8.0,"enemies":"Chosen and Byrds","floor":25.0,"turns":4.0},{"damage":12.0,"enemies":"Sentry and Sphere","floor":27.0,"turns":4.0},{"damage":32.0,"enemies":"3 Cultists","floor":28.0,"turns":5.0},{"damage":2.0,"enemies":"Book of Stabbing","floor":30.0,"turns":5.0},{"damage":0.0,"enemies":"Snecko","floor":31.0,"turns":5.0},{"damage":13.0,"enemies":"hubris:MusketHawk","floor":33.0,"turns":7.0},{"damage":0.0,"enemies":"Orb Walker","floor":35.0,"turns":3.0},{"damage":0.0,"enemies":"2 Orb Walkers","floor":38.0,"turns":3.0},{"damage":1.0,"enemies":"3 Shapes","floor":39.0,"turns":4.0},{"damage":0.0,"enemies":"Maw","floor":44.0,"turns":5.0},{"damage":0.0,"enemies":"Writhing Mass","floor":45.0,"turns":3.0},{"damage":6.0,"enemies":"Sphere and 2 Shapes","floor":46.0,"turns":3.0},{"damage":5.0,"enemies":"4 Shapes","floor":47.0,"turns":4.0},{"damage":43,"enemies":"Giant Head","floor":48,"turns":8},{"damage":15,"enemies":"Time Eater","floor":50,"turns":7}],"seed_played":"-4071222545368835597","potions_obtained":[{"floor":1.0,"key":"Explosive Potion"},{"floor":7.0,"key":"Block Potion"},{"floor":14.0,"key":"FearPotion"},{"floor":16.0,"key":"champ:CounterPotion"},{"floor":18.0,"key":"BottledKami:ReiMu"},{"floor":27.0,"key":"Regen Potion"},{"floor":30.0,"key":"FearPotion"},{"floor":33.0,"key":"hexamod:EctoCoolerPotion"},{"floor":39.0,"key":"Weak Potion"},{"floor":44.0,"key":"GamblersBrew"}],"is_trial":false,"path_per_floor":["M","?","?","?","$","R","M","?","T","$","M","M","?","M","R","B",null,"M","?","?","$","?","T","M","M","T","M","M","$","E","M","R","B",null,"M","?","?","?","M","R","$","?","T","M","M","M","M","E","R","B",null],"character_chosen":"REIMU","items_purchased":["OrbThrow:ReiMu","Meditation:ReiMu","Conquer:ReiMu","Bronze Scales","Lantern"],"campfire_rested":3,"item_purchase_floors":[5,10,10,29,41],"current_hp_per_floor":[65,65,65,58,58,58,58,58,58,58,53,40,47,29,63,60,65,57,50,50,50,50,50,50,42,42,30,12,12,10,10,44,31,65,65,65,65,65,64,64,64,64,64,64,64,58,53,10,44,29],"gold":249,"neow_bonus":"THREE_CARDS","is_daily":false,"chose_seed":false,"campfire_upgraded":2,"win_rate":0.0,"timestamp":1610514524,"path_taken":["M","?","?","?","?","R","M","?","T","$","M","M","?","M","R","BOSS","M","?","?","$","?","?","M","?","T","M","M","?","E","M","R","BOSS","M","?","?","?","M","R","?","?","T","M","M","M","M","E","R","BOSS"],"items_purchased_type":["Card","Card","Card","Relic","Relic"],"build_version":"2020-12-22","purchased_purges":1,"victory":true,"max_hp_per_floor":[65,65,65,65,65,65,65,65,65,65,65,65,65,65,65,65,65,65,65,65,65,65,65,65,65,65,65,65,65,65,65,65,65,65,65,65,65,65,65,65,65,65,65,65,65,65,65,65,65,65],"card_choices":[{"not_picked":["SubcavityInstant:ReiMu","TightArray:ReiMu"],"picked":"OrbThrow:ReiMu","floor":0.0},{"not_picked":["PrepareRite:ReiMu","LearningPray:ReiMu"],"picked":"YinYangSange:ReiMu","floor":1.0},{"not_picked":["Meditation:ReiMu","ForcedLanding:ReiMu"],"picked":"PrepareRite:ReiMu","floor":7.0},{"not_picked":["Amulet:ReiMu","AirStrike:ReiMu"],"picked":"LovePray:ReiMu","floor":11.0},{"not_picked":["AirStrike:ReiMu","Amulet:ReiMu"],"picked":"FantasyMoon:ReiMu","floor":12.0},{"not_picked":["Crusade:ReiMu","CareerPray:ReiMu"],"picked":"KyokaiOfKami:ReiMu","floor":14.0},{"not_picked":["CardOfSanctity:ReiMu","RunawayExorcism:ReiMu"],"picked":"PrayRite:ReiMu","floor":16.0},{"not_picked":["Barrage","OctopathBindingBorder2:ReiMu","Lockon","Glacier"],"picked":"SKIP","floor":18.0},{"not_picked":["TightArray:ReiMu","Intuition:ReiMu","Determination:ReiMu"],"picked":"Revelation:ReiMu","floor":19.0},{"not_picked":["RainPray2:ReiMu+1","Barrage","Scrape"],"picked":"OrbThrow:ReiMu","floor":24.0},{"not_picked":["Ball Lightning","FantasyBorder:ReiMu","Leap"],"picked":"EmergencyTakeOff:ReiMu","floor":25.0},{"not_picked":["Enchanting:ReiMu","Ball Lightning","HakureiPhantom:ReiMu"],"picked":"Conquer:ReiMu","floor":27.0},{"not_picked":["EmergencyTakeOff:ReiMu","Hello World+1","Redo"],"picked":"SubcavityInstant:ReiMu","floor":28.0},{"not_picked":["Redo","Turbo","Doom and Gloom"],"picked":"CareerPray:ReiMu","floor":30.0},{"not_picked":["PrepareRite:ReiMu","AlertArray:ReiMu","Amulet:ReiMu"],"picked":"WonderfulDomain:ReiMu","floor":31.0},{"not_picked":["Dreaming:ReiMu","KyokaiOfKami:ReiMu","CeremonyResonance:ReiMu"],"picked":"KamiRite:ReiMu","floor":33.0},{"not_picked":["Meditation:ReiMu","TightArray:ReiMu","Redo"],"picked":"SafetyPray:ReiMu","floor":35.0},{"not_picked":["Gash","SubAcupoint:ReiMu+1","Stack+1"],"picked":"Conserve Battery+1","floor":39.0},{"not_picked":["Leap","TightArray:ReiMu","hubris:PowerSurge+1"],"picked":"AirStrike:ReiMu+1","floor":44.0},{"not_picked":["Force Field+1","White Noise+1","Stack+1"],"picked":"UpKicking:ReiMu+1","floor":45.0},{"not_picked":["Meditation:ReiMu+1","EmergencyTakeOff:ReiMu+1","Turbo+1"],"picked":"Gathering:ReiMu+1","floor":46.0},{"not_picked":["Coolheaded+1","Conserve Battery+1","SafetyPray:ReiMu"],"picked":"AirStrike:ReiMu","floor":47.0},{"not_picked":["LearningPray:ReiMu+1","Compile Driver+1","Storm+1"],"picked":"EmergencyTakeOff:ReiMu+1","floor":48}],"player_experience":144733,"relics_obtained":[{"floor":9.0,"key":"Regal Pillow"},{"floor":19.0,"key":"Red Mask"},{"floor":23.0,"key":"Mastiff:ReiMu"},{"floor":26.0,"key":"Anchor"},{"floor":30.0,"key":"aspiration:Stabinomicon"},{"floor":38.0,"key":"Unceasing Top"},{"floor":43.0,"key":"aspiration:FaultyCoupler"},{"floor":48,"key":"Oddly Smooth Stone"}],"event_choices":[{"damage_healed":0.0,"max_hp_gain":0.0,"max_hp_loss":0.0,"gold_gain":0.0,"event_name":"Living Wall","player_choice":"Grow","floor":2.0,"gold_loss":0.0,"damage_taken":0.0,"cards_upgraded":["YinYangSange:ReiMu"]},{"damage_healed":0.0,"max_hp_gain":0.0,"max_hp_loss":0.0,"gold_gain":0.0,"event_name":"Big Fish","player_choice":"Box","floor":3.0,"gold_loss":0.0,"damage_taken":0.0,"relics_obtained":["Incense Burner"],"cards_obtained":["Regret"]},{"cards_removed":["Regret"],"damage_healed":0.0,"max_hp_gain":0.0,"max_hp_loss":0.0,"gold_gain":0.0,"event_name":"Golden Wing","player_choice":"Card Removal","floor":4.0,"gold_loss":0.0,"damage_taken":7.0},{"damage_healed":0.0,"max_hp_gain":0.0,"max_hp_loss":0.0,"gold_gain":0.0,"event_name":"Masked Bandits","player_choice":"Fought Bandits","floor":19.0,"gold_loss":0.0,"damage_taken":0.0},{"cards_removed":["Strike_Lin:ReiMu"],"damage_healed":0.0,"max_hp_gain":0.0,"max_hp_loss":0.0,"gold_gain":0.0,"event_name":"Beggar","player_choice":"Gave Gold","floor":20.0,"gold_loss":75.0,"damage_taken":0.0},{"damage_healed":0.0,"max_hp_gain":0.0,"max_hp_loss":0.0,"gold_gain":0.0,"event_name":"Ghosts","player_choice":"Ignored","floor":22.0,"gold_loss":0.0,"damage_taken":0.0},{"cards_removed":["Stagnation:ReiMu"],"damage_healed":0.0,"max_hp_gain":0.0,"max_hp_loss":0.0,"gold_gain":0.0,"event_name":"Falling","player_choice":"Removed Skill","floor":37.0,"gold_loss":0.0,"damage_taken":0.0},{"damage_healed":0.0,"max_hp_gain":0.0,"max_hp_loss":0.0,"gold_gain":0.0,"event_name":"Mysterious Sphere","player_choice":"Fight","floor":38.0,"gold_loss":0.0,"damage_taken":0.0}],"is_beta":false,"boss_relics":[{"not_picked":["aspiration:RitualDagger","hubris:BlackHole"],"picked":"aspiration:DefectSkillbook"},{"not_picked":["hubris:HollowSoul","Calling Bell"],"picked":"CrownOfHeavens:ReiMu"}],"items_purged_floors":[21],"is_endless":false,"potions_floor_spawned":[1,7,14,16,18,27,30,33,39,44],"ascension_level":0}}