{"host":"kh6fvhxn285ncg0o","time":1610574639,"event":{"mods":["Act Like it!","BaseMod","Colored Map","Friendly Minions","Keyboard Shortcuts","Minty Spire (QoL Compilation)","Quick Restart","Relic Stats","StSLib","SuperFastMode"],"gold_per_floor":[113,38,313,174,192,192,219,230,256,290,302,314,314],"floor_reached":12,"language":"KOR","playtime":268,"items_purged":["Strike_R","Strike_R"],"score":172,"play_id":"4d391583-45c6-454d-88a2-31625d6ebf3e","local_time":"20210114065039","is_ascension_mode":true,"campfire_choices":[{"data":"Fire Breathing","floor":6.0,"key":"SMITH"},{"data":"Body Slam","floor":11,"key":"SMITH"}],"circlet_count":0,"master_deck":["AscendersBane","Strike_R","Strike_R","Strike_R","Defend_R","Defend_R","Defend_R","Defend_R","Bash","Offering","Dropkick","Regret","Fire Breathing+1","Shrug It Off","Body Slam+1","Dark Embrace"],"relics":["Burning Blood","Smiling Mask","Toy Ornithopter","MawBank"],"acts_visited":["Exordium"],"potions_floor_usage":[10,10],"damage_taken":[{"damage":7.0,"enemies":"Cultist","floor":1.0,"turns":3.0},{"damage":18.0,"enemies":"Small Slimes","floor":5.0,"turns":3.0},{"damage":20.0,"enemies":"Gremlin Nob","floor":7.0,"turns":3.0},{"damage":11.0,"enemies":"Jaw Worm","floor":8.0,"turns":5.0},{"damage":19,"enemies":"Lagavulin","floor":10,"turns":6},{"damage":44,"enemies":"Gremlin Nob","floor":12,"turns":3}],"seed_played":"4832055013921047602","potions_obtained":[{"floor":7.0,"key":"Weak Potion"},{"floor":8.0,"key":"BlessingOfTheForge"}],"is_trial":false,"path_per_floor":["M","$","?","$","M","R","E","M","T","E","R","E"],"character_chosen":"IRONCLAD","items_purchased":["Fire Breathing"],"campfire_rested":0,"item_purchase_floors":[4],"current_hp_per_floor":[67,67,67,67,55,55,41,36,36,33,33,0,0],"gold":314,"neow_bonus":"THREE_RARE_CARDS","is_daily":false,"chose_seed":false,"campfire_upgraded":2,"win_rate":0.0,"timestamp":1610574639,"path_taken":["M","?","?","$","M","R","E","?","T","E","R","E"],"items_purchased_type":["Card"],"build_version":"2020-12-22","purchased_purges":2,"victory":false,"max_hp_per_floor":[68,68,68,68,68,68,68,68,68,68,68,68,68],"relic_stats":{"counters":[6,23],"Smiling Mask":0,"MawBank":24,"obtain_stats":[{"Smiling Mask":7,"MawBank":10,"Burning Blood":0,"Toy Ornithopter":9},{"Smiling Mask":3,"MawBank":5,"Burning Blood":0,"Toy Ornithopter":4},{"Smiling Mask":9,"MawBank":20,"Burning Blood":0,"Toy Ornithopter":14}],"Burning Blood":30,"Toy Ornithopter":10},"card_choices":[{"not_picked":["Limit Break","Juggernaut"],"picked":"Offering","floor":0.0},{"not_picked":["Headbutt","Flex"],"picked":"Dropkick","floor":1.0},{"not_picked":["Pommel Strike","Anger"],"picked":"Shrug It Off","floor":7.0},{"not_picked":["Twin Strike","Dropkick"],"picked":"Body Slam","floor":8.0},{"not_picked":["Intimidate","Blood for Blood"],"picked":"Dark Embrace","floor":10}],"player_experience":3437729,"relics_obtained":[{"floor":7.0,"key":"Smiling Mask"},{"floor":9.0,"key":"Toy Ornithopter"},{"floor":10,"key":"MawBank"}],"event_choices":[{"damage_healed":0.0,"max_hp_gain":0.0,"max_hp_loss":0.0,"gold_gain":275.0,"event_name":"Golden Shrine","player_choice":"Desecrate","floor":3.0,"gold_loss":0.0,"damage_taken":0.0,"cards_obtained":["Regret"]}],"is_beta":false,"boss_relics":[],"items_purged_floors":[2,4],"is_endless":false,"potions_floor_spawned":[7,8],"killed_by":"Gremlin Nob","ascension_level":20}}