{"host":"0cgp910o8339lr91","time":1610547154,"event":{"mods":["BaseMod","Block Reminder","Colored Map","Colored Powertips","Filter the Spire","Minty Spire (QoL Compilation)","Relic Stats","Slay-I","ojb\u0027s Better Paths Mod","ojb\u0027s Info Mod"],"gold_per_floor":[369,369,106,124,124,124,158,170,182,194,224,276,288,300,312,448,460,492,603,639,97,138,169,189,189,263,306,329,329,329,348,348,348,348],"floor_reached":33,"language":"ENG","playtime":4017,"items_purged":["Strike_B","Strike_B"],"score":491,"play_id":"5bf28681-d833-4af8-bab1-a981247394a0","local_time":"20210113151234","is_ascension_mode":true,"campfire_choices":[{"data":"Zap","floor":6,"key":"SMITH"},{"data":"Dualcast","floor":8,"key":"SMITH"},{"data":"Lockon","floor":10,"key":"SMITH"},{"data":"Sweeping Beam","floor":13,"key":"SMITH"},{"data":"Sweeping Beam","floor":15,"key":"SMITH"},{"data":"Seek","floor":25,"key":"SMITH"},{"data":"Blizzard","floor":29,"key":"SMITH"},{"data":"Creative AI","floor":32,"key":"SMITH"}],"circlet_count":0,"master_deck":["AscendersBane","Strike_B","Defend_B","Defend_B","Defend_B","Defend_B","Zap+1","Dualcast+1","Sweeping Beam+1","Lockon+1","Glacier","Sweeping Beam+1","Compile Driver","Creative AI+1","Hologram","Self Repair","Seek+1","Acrobatics","Backflip","Glacier","Blizzard+1"],"relics":["Cracked Core","Akabeko","Bloody Idol","MawBank","Gremlin Horn","Pantograph","Inserter","Anchor","PrismaticShard","Red Mask","Pear","Toxic Egg 2"],"acts_visited":["Exordium","TheCity"],"potions_floor_usage":[16,22,23,24,27],"damage_taken":[{"damage":13,"enemies":"Jaw Worm","floor":1,"turns":4},{"damage":0,"enemies":"2 Louse","floor":4,"turns":2},{"damage":10,"enemies":"3 Sentries","floor":7,"turns":4},{"damage":0,"enemies":"Small Slimes","floor":11,"turns":1},{"damage":6,"enemies":"Lagavulin","floor":12,"turns":5},{"damage":9,"enemies":"Slime Boss","floor":16,"turns":7},{"damage":14,"enemies":"Spheric Guardian","floor":18,"turns":5},{"damage":19,"enemies":"2 Thieves","floor":20,"turns":3},{"damage":0,"enemies":"Masked Bandits","floor":22,"turns":2},{"damage":9,"enemies":"Slavers","floor":23,"turns":2},{"damage":33,"enemies":"Snecko","floor":24,"turns":6},{"damage":3,"enemies":"Book of Stabbing","floor":27,"turns":6},{"damage":14,"enemies":"Chosen and Byrds","floor":28,"turns":7},{"damage":13,"enemies":"Shelled Parasite and Fungi","floor":31,"turns":10},{"damage":41,"enemies":"Collector","floor":33,"turns":5}],"seed_played":"-3443453897886015511","potions_obtained":[{"floor":1,"key":"Dexterity Potion"},{"floor":4,"key":"Swift Potion"},{"floor":11,"key":"SpeedPotion"},{"floor":20,"key":"EssenceOfDarkness"},{"floor":22,"key":"DistilledChaos"},{"floor":23,"key":"ColorlessPotion"},{"floor":31,"key":"Ancient Potion"}],"is_trial":false,"path_per_floor":["M","?","$","M","?","R","E","R","T","R","M","E","R","?","R","B",null,"M","?","M","$","?","E","M","R","T","E","M","R","?","M","R","B"],"character_chosen":"DEFECT","items_purchased":["Akabeko","Glacier","Anchor","Seek","PrismaticShard"],"campfire_rested":0,"item_purchase_floors":[3,3,21,21,21],"current_hp_per_floor":[55,55,55,55,55,55,45,45,45,45,45,39,39,39,39,54,61,47,47,28,28,35,43,17,17,17,21,14,14,14,13,13,0,0],"gold":348,"neow_bonus":"TWO_FIFTY_GOLD","is_daily":false,"chose_seed":false,"campfire_upgraded":8,"win_rate":0.0,"timestamp":1610547154,"path_taken":["M","?","$","M","?","R","E","R","T","R","M","E","R","?","R","BOSS","M","?","M","$","?","E","M","R","T","E","M","R","?","M","R","BOSS"],"items_purchased_type":["Relic","Card","Relic","Card","Relic"],"build_version":"2020-12-22","purchased_purges":2,"victory":false,"max_hp_per_floor":[68,68,68,68,63,63,63,63,63,63,63,63,63,63,63,63,63,63,63,63,63,63,73,73,73,73,73,73,73,73,73,73,73,73],"relic_stats":{"Inserter":[23],"Gremlin Horn":[10,10],"counters":[15,69],"Bloody Idol":5,"Pantograph":49,"MawBank":168,"obtain_stats":[{"Inserter":17,"Pear":23,"Gremlin Horn":9,"Golden Idol":5,"MawBank":7,"PrismaticShard":21,"Akabeko":3,"Anchor":21,"Pantograph":12,"Bloody Idol":30,"Red Mask":22,"Toxic Egg 2":27,"Cracked Core":0},{"Inserter":6,"Pear":10,"Gremlin Horn":3,"Golden Idol":2,"MawBank":3,"PrismaticShard":8,"Akabeko":1,"Anchor":8,"Pantograph":5,"Bloody Idol":13,"Red Mask":9,"Toxic Egg 2":12,"Cracked Core":0},{"Inserter":23,"Pear":35,"Gremlin Horn":10,"Golden Idol":6,"MawBank":10,"PrismaticShard":31,"Akabeko":4,"Anchor":31,"Pantograph":16,"Bloody Idol":54,"Red Mask":33,"Toxic Egg 2":47,"Cracked Core":0}]},"card_choices":[{"not_picked":["Rip and Tear","Streamline"],"picked":"Sweeping Beam","floor":1},{"not_picked":["Capacitor","Streamline"],"picked":"Sweeping Beam","floor":4},{"not_picked":["Heatsinks","Steam","Auto Shields"],"picked":"SKIP","floor":7},{"not_picked":["Lockon","Steam Power","Turbo"],"picked":"SKIP","floor":11},{"not_picked":["Hyperbeam","Blizzard"],"picked":"Compile Driver","floor":12},{"not_picked":["Hyperbeam","Thunder Strike"],"picked":"Creative AI","floor":16},{"not_picked":["Fusion","Rebound"],"picked":"Hologram","floor":18},{"not_picked":["Skim","Recycle"],"picked":"Self Repair","floor":20},{"not_picked":["Terror","Adaptation+1"],"picked":"Acrobatics","floor":22},{"not_picked":["Dagger Spray","Static Discharge"],"picked":"Backflip","floor":23},{"not_picked":["Wild Strike","Rupture"],"picked":"Glacier","floor":24},{"not_picked":["FlurryOfBlows","EmptyBody+1","Ghostly Armor+1"],"picked":"SKIP","floor":27},{"not_picked":["Melter+1","Infinite Blades"],"picked":"Blizzard","floor":28},{"not_picked":["Rage+1","Flying Knee","Stack+1"],"picked":"SKIP","floor":31}],"player_experience":1393315,"relics_obtained":[{"floor":7,"key":"MawBank"},{"floor":9,"key":"Gremlin Horn"},{"floor":12,"key":"Pantograph"},{"floor":22,"key":"Red Mask"},{"floor":23,"key":"Pear"},{"floor":27,"key":"Toxic Egg 2"}],"event_choices":[{"damage_healed":0,"gold_gain":0,"cards_transformed":["Strike_B"],"player_choice":"Change","damage_taken":0,"max_hp_gain":0,"max_hp_loss":0,"event_name":"Living Wall","floor":2,"gold_loss":0,"cards_obtained":["Lockon"]},{"damage_healed":0,"gold_gain":0,"player_choice":"Lose Max HP","damage_taken":0,"relics_obtained":["Golden Idol"],"max_hp_gain":0,"max_hp_loss":5,"event_name":"Golden Idol","floor":5,"gold_loss":0},{"damage_healed":0,"gold_gain":0,"player_choice":"Ignored","damage_taken":0,"max_hp_gain":0,"max_hp_loss":0,"event_name":"Liars Game","floor":14,"gold_loss":0},{"damage_healed":0,"gold_gain":99,"player_choice":"Stole From Cult","damage_taken":0,"max_hp_gain":0,"max_hp_loss":0,"event_name":"Nest","floor":19,"gold_loss":0},{"damage_healed":0,"gold_gain":0,"player_choice":"Fought Bandits","damage_taken":0,"max_hp_gain":0,"max_hp_loss":0,"event_name":"Masked Bandits","floor":22,"gold_loss":0},{"damage_healed":0,"gold_gain":0,"player_choice":"Gave Idol","damage_taken":0,"relics_obtained":["Bloody Idol"],"max_hp_gain":0,"max_hp_loss":0,"event_name":"Forgotten Altar","floor":30,"relics_lost":["Golden Idol"],"gold_loss":0}],"is_beta":false,"boss_relics":[{"not_picked":["Ectoplasm","Nuclear Battery"],"picked":"Inserter"}],"items_purged_floors":[3,21],"is_endless":false,"potions_floor_spawned":[1,4,11,12,20,22,23,31],"killed_by":"Collector","ascension_level":12}}