{"host":"fre309isb0zq7f4i","time":1610511352,"event":{"mods":["BaseMod","Beaked The Cultist","Downfall","Mad Scientist","Minty Spire (QoL Compilation)","Quick Restart","StSLib","The Bug Knight","The Construct","The Mystic","The Senshi","The Servant 0.9.4","The Witch"],"gold_per_floor":[115,127,140,156,174,174,174],"floor_reached":6,"language":"ENG","playtime":596,"items_purged":[],"score":40,"play_id":"77a7d28a-7d14-4ca1-900c-3dc8e8a7bc0a","local_time":"20210112211552","is_ascension_mode":false,"campfire_choices":[],"circlet_count":0,"master_deck":["HollowMod:NailStrikeStart","HollowMod:NailStrikeStart","HollowMod:NailStrikeStart","HollowMod:NailStrikeStart","HollowMod:QuickDashStart","HollowMod:QuickDashStart","HollowMod:QuickDashStart","HollowMod:QuickDashStart","HollowMod:FocusHealStart","HollowMod:PogoStrike","Madness","HollowMod:DescendingDark","HollowMod:ShadowDash","HollowMod:SoulMaster"],"relics":["HollowMod:VesselMask"],"acts_visited":["Exordium"],"potions_floor_usage":[3,5],"damage_taken":[{"damage":0,"enemies":"Small Slimes","floor":1,"turns":3},{"damage":2,"enemies":"Cultist","floor":2,"turns":3},{"damage":3,"enemies":"2 Louse","floor":3,"turns":2},{"damage":19,"enemies":"Looter","floor":4,"turns":3},{"damage":5,"enemies":"Red Slaver","floor":5,"turns":3},{"damage":55,"enemies":"Lagavulin","floor":6,"turns":7}],"seed_played":"776309311563966048","potions_obtained":[{"floor":2,"key":"Energy Potion"},{"floor":4,"key":"Guardian:BlockOnCardUsePotion"}],"is_trial":false,"path_per_floor":["M","M","M","M","M","E"],"character_chosen":"THE_BUGKNIGHT","items_purchased":[],"campfire_rested":0,"item_purchase_floors":[],"current_hp_per_floor":[75,73,70,51,46,0,0],"gold":174,"neow_bonus":"RANDOM_COLORLESS","is_daily":false,"chose_seed":false,"campfire_upgraded":0,"win_rate":0.0,"timestamp":1610511352,"path_taken":["M","M","M","M","M","E"],"items_purchased_type":[],"build_version":"2020-12-22","purchased_purges":0,"victory":false,"max_hp_per_floor":[75,75,75,75,75,75,75],"card_choices":[{"not_picked":["Purity","Deep Breath"],"picked":"Madness","floor":0},{"not_picked":["HollowMod:HuntersJournal","HollowMod:InfectedCysts"],"picked":"HollowMod:DescendingDark","floor":1},{"not_picked":["HollowMod:InfectedCysts","HollowMod:DashSlash","HollowMod:MawleksShell"],"picked":"SKIP","floor":2},{"not_picked":["HollowMod:CoiledNail","HollowMod:DoubleDash"],"picked":"HollowMod:ShadowDash","floor":3},{"not_picked":["HollowMod:BaldurShell","HollowMod:GoodIntentions","HollowMod:DreamGate"],"picked":"SKIP","floor":4},{"not_picked":["HollowMod:SiblingsSouls","HollowMod:InfectionAssault"],"picked":"HollowMod:SoulMaster","floor":5}],"player_experience":181055,"relics_obtained":[],"event_choices":[],"is_beta":false,"boss_relics":[],"items_purged_floors":[],"is_endless":false,"potions_floor_spawned":[2,4],"killed_by":"Lagavulin","ascension_level":0}}