{"host":"1q1wpq6df472foxy","time":1610521335,"event":{"mods":["BaseMod","DeckTracker","Highlight Path","Minty Spire (QoL Compilation)","Quick Restart","StSLib","SuperFastMode"],"gold_per_floor":[118,118,130,160,172,184,210,147,171,181,181,193,210,210,210,210,210],"floor_reached":16,"language":"KOR","playtime":324,"items_purged":["Strike_R"],"score":97,"play_id":"a68e5853-15d7-47a1-94f7-158f2868073c","local_time":"20210113160215","is_ascension_mode":true,"campfire_choices":[{"data":"Whirlwind","floor":11,"key":"SMITH"},{"data":"Sever Soul","floor":15,"key":"SMITH"}],"circlet_count":0,"master_deck":["Strike_R","Defend_R","Defend_R","Defend_R","Defend_R","Bash","Metallicize","Whirlwind+1","Sever Soul+1"],"relics":["Empty Cage","MawBank","Centennial Puzzle"],"acts_visited":["Exordium"],"potions_floor_usage":[16,16,16],"damage_taken":[{"damage":9,"enemies":"2 Louse","floor":1,"turns":4},{"damage":5,"enemies":"Jaw Worm","floor":4,"turns":4},{"damage":1,"enemies":"Cultist","floor":7,"turns":5},{"damage":0,"enemies":"3 Louse","floor":10,"turns":1},{"damage":13,"enemies":"Exordium Thugs","floor":12,"turns":2},{"damage":12,"enemies":"Exordium Wildlife","floor":13,"turns":3},{"damage":65,"enemies":"Hexaghost","floor":16,"turns":9}],"seed_played":"3337198653720771645","potions_obtained":[{"floor":4,"key":"EssenceOfSteel"},{"floor":10,"key":"ColorlessPotion"},{"floor":13,"key":"DistilledChaos"}],"is_trial":false,"path_per_floor":["M","?","?","M","?","$","M","$","T","M","R","M","M","?","R","B"],"character_chosen":"IRONCLAD","items_purchased":[],"campfire_rested":0,"item_purchase_floors":[],"current_hp_per_floor":[71,68,68,63,63,63,62,62,62,62,62,49,37,63,63,0,0],"gold":210,"neow_bonus":"BOSS_RELIC","is_daily":false,"chose_seed":false,"campfire_upgraded":2,"win_rate":0.0,"timestamp":1610521335,"path_taken":["M","?","?","?","?","?","M","$","T","M","R","M","?","?","R","BOSS"],"items_purchased_type":[],"build_version":"2020-12-22","purchased_purges":1,"victory":false,"max_hp_per_floor":[80,80,80,80,80,80,80,80,80,80,80,80,80,80,80,80,80],"card_choices":[{"not_picked":["Body Slam","Perfected Strike","Inflame"],"picked":"SKIP","floor":1},{"not_picked":["Thunderclap","Sentinel","Impervious"],"picked":"SKIP","floor":4},{"not_picked":["True Grit","Wild Strike"],"picked":"Whirlwind","floor":7},{"not_picked":["Clash","Perfected Strike","Blood for Blood"],"picked":"SKIP","floor":10},{"not_picked":["Perfected Strike","Rupture","Thunderclap"],"picked":"SKIP","floor":12},{"not_picked":["Warcry","Sever Soul","Armaments"],"picked":"SKIP","floor":13},{"not_picked":["Warcry","Armaments"],"picked":"Sever Soul","floor":13}],"player_experience":174204,"relics_obtained":[{"floor":9,"key":"Centennial Puzzle"}],"event_choices":[{"damage_healed":0,"gold_gain":0,"player_choice":"Success","damage_taken":3,"relics_obtained":["MawBank"],"max_hp_gain":0,"max_hp_loss":0,"event_name":"Scrap Ooze","floor":2,"gold_loss":0},{"damage_healed":0,"gold_gain":0,"cards_transformed":["Strike_R"],"player_choice":"Transformed","damage_taken":0,"max_hp_gain":0,"max_hp_loss":0,"event_name":"Transmorgrifier","floor":3,"gold_loss":0,"cards_obtained":["Metallicize"]},{"damage_healed":0,"gold_gain":0,"player_choice":"Ignored","damage_taken":0,"max_hp_gain":0,"max_hp_loss":0,"event_name":"Liars Game","floor":5,"gold_loss":0},{"damage_healed":26,"gold_gain":0,"player_choice":"Banana","damage_taken":0,"max_hp_gain":0,"max_hp_loss":0,"event_name":"Big Fish","floor":14,"gold_loss":0}],"is_beta":false,"boss_relics":[],"items_purged_floors":[8],"is_endless":false,"potions_floor_spawned":[4,10,13],"killed_by":"Hexaghost","ascension_level":1}}