{"host":"alk2ftu785mujiir","time":1610496277,"event":{"mods":["BaseMod","Colored Map","Downfall","Minty Spire (QoL Compilation)","StSLib"],"gold_per_floor":[99,399,418,43,43,108,108,33,65,77,77,92,118,218,232,328,328,253,253,253,138,158,176,225,243,243,277,277,289,289,77,91,91,91,91],"floor_reached":33,"language":"ENG","playtime":1926,"items_purged":["Slimebound:Icky","Guardian:Strike_Guardian","Guardian:Strike_Guardian"],"score":298,"play_id":"ba31a15a-73c7-47a8-a770-70f97a4aaa84","local_time":"20210112190437","is_ascension_mode":false,"campfire_choices":[{"data":"Guardian:TwinSlam","floor":1.0,"key":"SMITH"},{"floor":8,"key":"REST"},{"data":"Guardian:PiercingHide","floor":18,"key":"SMITH"},{"data":"Guardian:PolyBeam","floor":26,"key":"SMITH"},{"data":"Guardian:DonusPower","floor":28,"key":"SMITH"}],"circlet_count":0,"master_deck":["Guardian:Strike_Guardian","Guardian:Strike_Guardian","Guardian:Defend_Guardian","Guardian:Defend_Guardian","Guardian:Defend_Guardian","Guardian:Defend_Guardian","Guardian:CurlUp","Guardian:TwinSlam+1","Guardian:ChargeUp+1","Guardian:SpikerProtocol","Guardian:PiercingHide+1","Guardian:PrimingBeam","Guardian:ShieldCharger","Guardian:RollAttack","Guardian:BaubleBeam","Guardian:Gem_Blue","Guardian:GuardianWhirl","Guardian:ShieldSpikes+1","Guardian:DonusPower+1","Guardian:PolyBeam+1","Guardian:VentSteam+1","Guardian:HyperBeam_Guardian","Guardian:PrismaticBeam","Guardian:Gem_Green"],"relics":["Guardian:ModeShifter","Juzu Bracelet","Turnip","downfall:HeartBlessingBlue","Ornamental Fan","CaptainsWheel","SlaversCollar","downfall:HeartBlessingGreen","Orichalcum"],"acts_visited":["Exordium","TheCity"],"potions_floor_usage":[27,32],"damage_taken":[{"damage":6.0,"enemies":"Jaw Worm","floor":3.0,"turns":4.0},{"damage":7.0,"enemies":"downfall:FleeingMerchant","floor":4.0,"turns":4.0},{"damage":49.0,"enemies":"Gremlin Nob","floor":6.0,"turns":6.0},{"damage":4,"enemies":"3 Sentries","floor":9,"turns":9},{"damage":0,"enemies":"Cultist","floor":10,"turns":4},{"damage":0,"enemies":"2 Louse","floor":12,"turns":1},{"damage":6,"enemies":"Gremlin Nob","floor":13,"turns":4},{"damage":7,"enemies":"Exordium Thugs","floor":15,"turns":7},{"damage":39,"enemies":"downfall:Silent","floor":16,"turns":12},{"damage":0,"enemies":"downfall:FleeingMerchant","floor":21,"turns":4},{"damage":4,"enemies":"Chosen","floor":22,"turns":6},{"damage":0,"enemies":"Spheric Guardian","floor":23,"turns":5},{"damage":26,"enemies":"Snecko","floor":25,"turns":9},{"damage":26,"enemies":"Slavers","floor":27,"turns":6},{"damage":8,"enemies":"Centurion and Healer","floor":29,"turns":8},{"damage":0,"enemies":"downfall:FleeingMerchant","floor":31,"turns":4},{"damage":0,"enemies":"Sentry and Sphere","floor":32,"turns":1},{"damage":42,"enemies":"downfall:Watcher","floor":33,"turns":9}],"seed_played":"-7842937218732761763","potions_obtained":[{"floor":6.0,"key":"DistilledChaos"},{"floor":9,"key":"DuplicationPotion"},{"floor":13,"key":"SmokeBomb"},{"floor":27,"key":"FearPotion"}],"is_trial":false,"path_per_floor":["R","?","M","$","?","?","T","R","E","M","?","M","E","?","M","B",null,"R","?","?","$","M","M","T","M","R","E","R","M","?","$","M","B"],"character_chosen":"GUARDIAN","items_purchased":["Guardian:SpikerProtocol","Guardian:Gem_White","Juzu Bracelet","Guardian:PrismaticBeam"],"campfire_rested":1,"item_purchase_floors":[4,4,4,31],"current_hp_per_floor":[96,96,90,83,83,34,34,75,71,71,71,71,65,65,58,19,106,106,106,106,106,102,102,102,76,76,50,50,42,42,42,42,0,0,0],"gold":91,"neow_bonus":"TWENTY_PERCENT_HP_BONUS","is_daily":false,"chose_seed":false,"campfire_upgraded":4,"win_rate":0.0,"timestamp":1610496277,"path_taken":["R","?","M","$","?","?","T","R","E","M","?","M","E","?","M","BOSS","R","?","?","$","M","M","T","M","R","E","R","M","?","$","M","BOSS"],"items_purchased_type":["Card","Card","Relic","Card"],"build_version":"2020-12-22","purchased_purges":3,"victory":false,"max_hp_per_floor":[96,96,96,96,96,96,96,106,106,106,106,106,106,106,106,106,106,106,106,106,106,106,106,106,106,106,106,106,106,106,106,106,106,106,106],"card_choices":[{"not_picked":["Guardian:CrystalBeam","Guardian:Planning"],"picked":"Guardian:Gem_Cyan","floor":3.0},{"not_picked":["Guardian:Suspension","Guardian:BronzeArmor"],"picked":"Guardian:ChargeUp","floor":4.0},{"not_picked":["Guardian:CrystalBeam","Guardian:Gem_Red"],"picked":"Guardian:PiercingHide","floor":6.0},{"not_picked":["Guardian:WalkerClaw","Guardian:SpikerProtocol"],"picked":"Guardian:Gem_Green","floor":9},{"not_picked":["Guardian:Preprogram","Guardian:TemporalStrike"],"picked":"Guardian:PrimingBeam","floor":10},{"not_picked":["Guardian:Preprogram","Guardian:TemporalShield"],"picked":"Guardian:ShieldCharger","floor":12},{"not_picked":["Guardian:ChargeCore","Guardian:BronzeArmor","Guardian:Gem_Cyan"],"picked":"SKIP","floor":13},{"not_picked":["Guardian:TemporalStrike","Guardian:Gem_Red"],"picked":"Guardian:RollAttack","floor":15},{"not_picked":["Guardian:StasisStrike","Guardian:StasisField"],"picked":"Guardian:BaubleBeam","floor":16},{"not_picked":["Guardian:Gem_Purple","Guardian:Gem_Green"],"picked":"Guardian:GuardianWhirl","floor":21},{"not_picked":["Guardian:Recover","Guardian:Gem_Red"],"picked":"Guardian:ShieldSpikes+1","floor":22},{"not_picked":["Guardian:VentSteam","Guardian:DecasProtection"],"picked":"Guardian:DonusPower","floor":23},{"not_picked":["Guardian:Gem_Yellow","Guardian:Gem_Purple"],"picked":"Guardian:PolyBeam","floor":25},{"not_picked":["Guardian:ShieldSpikes","Guardian:Reroute","Guardian:MultiBeam"],"picked":"SKIP","floor":27},{"not_picked":["Guardian:Gem_Blue","Guardian:BronzeArmor"],"picked":"Guardian:VentSteam+1","floor":29},{"not_picked":["Guardian:ShieldCharger+1","Guardian:FloatingOrbs","Guardian:TemporalShield"],"picked":"SKIP","floor":31},{"not_picked":["Guardian:ArmoredProtocol","Guardian:EvasiveProtocol"],"picked":"Guardian:Gem_Green","floor":32}],"player_experience":1750842,"relics_obtained":[{"floor":6.0,"key":"Turnip"},{"floor":9,"key":"Ornamental Fan"},{"floor":13,"key":"CaptainsWheel"},{"floor":24,"key":"Orichalcum"},{"floor":27,"key":"Bottled Tornado"}],"event_choices":[{"damage_healed":0.0,"max_hp_gain":0.0,"max_hp_loss":0.0,"gold_gain":0.0,"event_name":"NoteForYourself","player_choice":"Ignored","floor":5.0,"gold_loss":0.0,"damage_taken":0.0},{"damage_healed":0,"gold_gain":0,"player_choice":"Grow","damage_taken":0,"max_hp_gain":0,"max_hp_loss":0,"event_name":"Living Wall","floor":11,"gold_loss":0,"cards_upgraded":["Guardian:ChargeUp"]},{"damage_healed":0,"gold_gain":100,"player_choice":"Gold","damage_taken":0,"max_hp_gain":0,"max_hp_loss":0,"event_name":"Wheel of Change","floor":14,"gold_loss":0}],"is_beta":false,"boss_relics":[{"not_picked":["Snecko Eye","Runic Dome"],"picked":"SlaversCollar"}],"items_purged_floors":[4,21,31],"is_endless":false,"potions_floor_spawned":[6,9,13,16,22,27,29],"killed_by":"downfall:Watcher","ascension_level":0}}