{"host":"0hb9w7uizu7y13wj","time":1610559860,"event":{"mods":["Act Like it!","Aspiration","BaseMod","BetterRewards","Colored Map","Conspire","Downfall","Energized Spire","FTL Soundtrack","Friendly Minions","Halation","Hubris","Infinite Spire","Minty Spire (QoL Compilation)","Quick Restart","Replay The Spire","StSLib","Synergy Search","The Factory","The Hierophant","The Jungle","The Poker Player","Trackpad","everything is the same but u backflip on backflip","vexMod"],"gold_per_floor":[132,132,132,149,99,109,109],"floor_reached":6,"language":"ENG","playtime":161,"items_purged":[],"score":68,"play_id":"e82255bf-0f43-4a85-9649-7d45b940a576","local_time":"20210113174420","is_ascension_mode":true,"campfire_choices":[],"circlet_count":0,"master_deck":["AscendersBane","Strike_R","Strike_R","Strike_R","Strike_R","Strike_R","Defend_R","Defend_R","Defend_R","Defend_R","Bash","HandOfGreed","Inflame","expansioncontent:DashGenerateEvil","ReplayTheSpireMod:Limb From Limb","Pommel Strike","conspire:SpireCoStock"],"relics":["Burning Blood","Pondfish Scales","trackpad:HandOfMidas","Another Sword"],"acts_visited":["Exordium"],"potions_floor_usage":[6,6],"damage_taken":[{"damage":1.0,"enemies":"Cultist","floor":1.0,"turns":3.0},{"damage":7.0,"enemies":"Jaw Worm","floor":4.0,"turns":2.0},{"damage":26,"enemies":"Nightmare","floor":6,"turns":5}],"seed_played":"-6953908912666601288","potions_obtained":[{"floor":1.0,"key":"Languid Potion"},{"floor":4.0,"key":"Ancient Potion"}],"is_trial":false,"path_per_floor":["M","T","?","M","?","NM"],"character_chosen":"IRONCLAD","items_purchased":["HandOfGreed","Pondfish Scales","Inflame","expansioncontent:DashGenerateEvil","Fruit Juice","ReplayTheSpireMod:Limb From Limb"],"campfire_rested":0,"item_purchase_floors":[0,0,0,0,0,0],"current_hp_per_floor":[31,31,31,30,30,4,4],"gold":109,"neow_bonus":"","is_daily":false,"chose_seed":false,"campfire_upgraded":0,"win_rate":0.0,"timestamp":1610559860,"path_taken":["M","?","?","M","?","E"],"items_purchased_type":["Card","Relic","Card","Card","Potion","Card"],"build_version":"2020-12-22","purchased_purges":0,"victory":false,"max_hp_per_floor":[80,80,80,80,80,80,80],"card_choices":[{"not_picked":["Sentinel","Perfected Strike","Massacre"],"picked":"SKIP","floor":1.0},{"not_picked":["Limit Break","Flame Barrier"],"picked":"Pommel Strike","floor":4.0}],"player_experience":935751,"relics_obtained":[],"event_choices":[{"damage_healed":0.0,"max_hp_gain":0.0,"max_hp_loss":0.0,"gold_gain":0.0,"event_name":"Shining Light","player_choice":"Ignored","floor":3.0,"gold_loss":0.0,"damage_taken":0.0},{"damage_healed":0.0,"max_hp_gain":0.0,"max_hp_loss":0.0,"gold_gain":0.0,"event_name":"conspire:Investor","player_choice":"Invest 1","floor":5.0,"gold_loss":0.0,"damage_taken":0.0}],"is_beta":false,"boss_relics":[],"items_purged_floors":[],"is_endless":false,"potions_floor_spawned":[1,4],"killed_by":"Nightmare","ascension_level":20}}