{"host":"vh33hu3wddwn6yt6","time":1610571685,"event":{"mods":["AchievementEnabler","Act Like it!","Aspiration","BaseMod","Better Altar","Better Match","Better Note","Better Sensory Stone","Better Skull","Better Third Choice","BetterRewards","Downfall","Hermit","Hubris","Infinite Spire","Minty Spire (QoL Compilation)","Permanent Neow","Replay The Spire","Shade Mod","Shop Mod","Spicy Shops","StSLib","SuperFastMode","The Blackbeard","The Necromancer","The Runesmith","The Servant 0.9.4","TheBandit","Wandering Minibosses"],"gold_per_floor":[99,84,84,103,113,163,186,201,230,5,16,41,41,60,78,176,176,176,196,296,296,308,321,321,356,356,376,376,408,428,438,457,457,457],"floor_reached":33,"language":"DEU","playtime":670,"items_purged":[],"score":394,"play_id":"7083be19-e072-4ccc-bb2b-6444a86e1584","local_time":"20210113220125","is_ascension_mode":true,"campfire_choices":[{"floor":1.0,"key":"RECALL"},{"floor":10.0,"key":"REST"},{"data":"Spin","floor":13,"key":"SMITH"},{"data":"InstantArmor","floor":18,"key":"SMITH"},{"data":"DoubleEdge","floor":26,"key":"SMITH"}],"circlet_count":0,"master_deck":["Strike_S","Strike_S","Strike_S","Strike_S","Defend_S","Defend_S","Defend_S","KidneyShot","Exchange","InstantArmor+1","Spin+1","Luminosity","Desolation","DoubleEdge+1","Unruled","Spin","Sadistic Nature","Specialist","SpecialFormula","MurderousAura"],"relics":["Uniform","Replay:Wax Seal","Akabeko","downfall:HeartBlessingRed","downfall:HeartBlessingGreen","downfall:HeartBlessingBlue","Blue Candle","aspiration:PoetsPen_weak","hubris:SphereOfDissonance","Letter Opener","StoneMask","ReplayTheSpireMod:ShopPack","Replay:WaspNest"],"acts_visited":["Exordium","TheCity"],"potions_floor_usage":[16,16,29,30,32,33,33],"damage_taken":[{"damage":0.0,"enemies":"downfall:FleeingMerchant","floor":2.0,"turns":4.0},{"damage":2.0,"enemies":"2 Louse","floor":4.0,"turns":3.0},{"damage":0.0,"enemies":"Cultist","floor":5.0,"turns":4.0},{"damage":4.0,"enemies":"Small Slimes","floor":8.0,"turns":2.0},{"damage":44.0,"enemies":"Lagavulin","floor":9.0,"turns":9.0},{"damage":0,"enemies":"Blue Slaver","floor":11,"turns":1},{"damage":6,"enemies":"3 Sentries","floor":12,"turns":6},{"damage":0,"enemies":"Red Slaver","floor":14,"turns":2},{"damage":3,"enemies":"Gremlin Gang","floor":15,"turns":2},{"damage":16,"enemies":"downfall:Defect","floor":16,"turns":4},{"damage":0,"enemies":"Chosen","floor":19,"turns":2},{"damage":0,"enemies":"3 Byrds","floor":22,"turns":3},{"damage":17,"enemies":"Snake Plant","floor":23,"turns":3},{"damage":0,"enemies":"Replay:Snechameleon","floor":25,"turns":2},{"damage":1,"enemies":"Cultist and Chosen","floor":27,"turns":2},{"damage":0,"enemies":"Book of Stabbing","floor":29,"turns":3},{"damage":0,"enemies":"Chosen and Byrds","floor":30,"turns":3},{"damage":0,"enemies":"Snecko","floor":31,"turns":2},{"damage":13,"enemies":"Snake Plant","floor":32,"turns":2},{"damage":75,"enemies":"downfall:Ironclad","floor":33,"turns":4}],"seed_played":"-5530127804814895450","potions_obtained":[{"floor":4.0,"key":"Energy Potion"},{"floor":11,"key":"hexamod:EctoCoolerPotion"},{"floor":12,"key":"Ancient Potion"},{"floor":15,"key":"ColorlessPotion"},{"floor":16,"key":"Reflective Coating"},{"floor":25,"key":"SkillPotion"},{"floor":29,"key":"Dexterity Potion"},{"floor":30,"key":"Doom Potion"},{"floor":31,"key":"Dexterity Potion"},{"floor":32,"key":"BlessingOfTheForge"}],"is_trial":false,"path_per_floor":["R","$","?","M","M","T","T","M","E","R","M","E","R","M","M","B",null,"R","M","?","?","M","M","T","E","R","M","AVR","E","M","M","M","B"],"character_chosen":"THE_SERVANT","items_purchased":[],"campfire_rested":1,"item_purchase_floors":[],"current_hp_per_floor":[71,71,71,69,69,69,69,65,21,55,55,49,49,49,46,30,81,81,81,81,81,81,64,64,64,64,63,63,66,72,75,65,0,0],"gold":457,"neow_bonus":"TEN_PERCENT_HP_BONUS","is_daily":false,"chose_seed":false,"campfire_upgraded":3,"win_rate":0.0,"timestamp":1610571685,"path_taken":["R","$","?","M","?","?","T","M","E","R","M","E","R","M","M","BOSS","R","M","?","?","M","?","T","E","R","M","AVR","E","M","M","M","BOSS"],"items_purchased_type":[],"build_version":"2020-12-22","purchased_purges":0,"victory":false,"max_hp_per_floor":[71,71,71,71,71,71,71,71,71,81,81,81,81,81,81,81,81,81,81,81,81,81,81,81,81,81,81,81,82,84,85,86,86,86],"card_choices":[{"not_picked":["Orbit","Rewind","Desolation"],"picked":"SKIP","floor":2.0},{"not_picked":["ShatteredReality","TimeWarp"],"picked":"InstantArmor","floor":4.0},{"not_picked":["Manipulate","Read","SilverBlades"],"picked":"SKIP","floor":5.0},{"not_picked":["Defy","Sabotage"],"picked":"Spin","floor":8.0},{"not_picked":["Deadline","Potential"],"picked":"Luminosity","floor":9.0},{"not_picked":["Starlight","Alleviate"],"picked":"Desolation","floor":11},{"not_picked":["FastForward","SurpressingFire","DancingSilver"],"picked":"SKIP","floor":12},{"not_picked":["Misdirection","FastForward"],"picked":"DoubleEdge","floor":14},{"not_picked":["SilverBlades","Moonlight","WasteNot"],"picked":"SKIP","floor":15},{"not_picked":["Rewind","BestPractice"],"picked":"Unruled","floor":19},{"not_picked":["Potential","Starlight","Snipe"],"picked":"SKIP","floor":22},{"not_picked":["Starlight","Advance","Unruled"],"picked":"SKIP","floor":23},{"not_picked":["Moondial","Collapse+1","Revamp"],"picked":"SKIP","floor":25},{"not_picked":["Rearm","Rewind+1"],"picked":"Spin","floor":27},{"not_picked":["Secret Weapon","expansioncontent:QuickStudy"],"picked":"Sadistic Nature","floor":28},{"not_picked":["expansioncontent:AwakenDeath","expansioncontent:Hexaburn"],"picked":"Specialist","floor":28},{"not_picked":["TheWorld","Revamp"],"picked":"SpecialFormula","floor":29},{"not_picked":["TimeWarp+1","Gouge","Starlight"],"picked":"SKIP","floor":30},{"not_picked":["FanOfKnives+1","Unruled+1"],"picked":"MurderousAura","floor":31},{"not_picked":["Rearm","Potential","Gouge"],"picked":"SKIP","floor":32}],"player_experience":629436,"relics_obtained":[{"floor":7.0,"key":"Replay:Wax Seal"},{"floor":9.0,"key":"Akabeko"},{"floor":12,"key":"Blue Candle"},{"floor":24,"key":"hubris:SphereOfDissonance"},{"floor":25,"key":"Letter Opener"},{"floor":29,"key":"Replay:WaspNest"}],"event_choices":[{"cards_removed":["Defend_S"],"damage_healed":0.0,"max_hp_gain":0.0,"max_hp_loss":0.0,"gold_gain":0.0,"event_name":"Purifier","player_choice":"Purged","floor":3.0,"gold_loss":0.0,"damage_taken":0.0},{"damage_healed":0,"gold_gain":0,"player_choice":"Ignored","damage_taken":0,"max_hp_gain":0,"max_hp_loss":0,"event_name":"betterNote:BetterNote","floor":21,"gold_loss":0,"cards_obtained":["Defend_S"]}],"is_beta":false,"boss_relics":[{"not_picked":["hubris:Stopwatch","Coffee Dripper"],"picked":"aspiration:PoetsPen_weak"}],"items_purged_floors":[],"is_endless":false,"potions_floor_spawned":[4,11,12,14,15,16,25,29,30,31,32],"killed_by":"downfall:Ironclad","ascension_level":1}}