{"host":"fq1bpa5mgr3rtgnr","time":1610511622,"event":{"mods":["AchievementEnabler","BaseMod","Colored Map","Colored Powertips","Highlight Path","Minty Spire (QoL Compilation)","Relic Stats","StSLib","The Animator"],"gold_per_floor":[109,109,40,40,54,87,125,125,125,168,186,186,208,233,233,340,390,420,420,112,27,45,45,65,102,147,147,177,213,213,232,232,346,346,382,402,624,677,116,116,181,181,181,181,230,87,97,97],"floor_reached":47,"language":"ENG","playtime":4910,"items_purged":["animator:Strike","animator:Strike"],"score":654,"play_id":"fe23adae-966c-4fc4-8e30-c868271d5793","local_time":"20210112232022","is_ascension_mode":false,"campfire_choices":[{"data":"animator:Saitama","floor":8,"key":"SMITH"},{"data":"animator:MetalKnight","floor":12,"key":"SMITH"},{"data":"animator:Shion","floor":15,"key":"SMITH"},{"data":"animator:Verdia","floor":23,"key":"SMITH"},{"data":"animator:Evileye","floor":27,"key":"SMITH"},{"data":"animator:Chris","floor":32,"key":"SMITH"},{"floor":40,"key":"REST"},{"floor":42,"key":"REST"},{"floor":44,"key":"REST"}],"circlet_count":0,"master_deck":["animator:Strike_Konosuba","animator:Defend_Konosuba","animator:Strike","animator:Defend","animator:Defend+1","animator:Defend","animator:Kazuma","animator:Aqua","animator:ElricEdward+1","animator:Chris+1","Decay","animator:Shion+1","animator:Saitama+1","animator:Vanir","animator:MetalKnight+1","animator:WinryRockbell","animator:YunYun","animator:Ainz","animator:Hans","animator:Verdia+1","animator:Evileye+1","animator:OrikoMikuni","animator:Shion","animator:Kaijin+1","animator:Sonic","animator:Rimuru","animator:KyokoSakura","animator:Chris","animator:Elesis"],"relics":["animator:LivingPicture","animator:TheMissingPiece","NeowsBlessing","Anchor","Paper Frog","Happy Flower","Tiny House","Nunchaku","Vajra","animator:WornHelmet","Tiny Chest","Ancient Tea Set","Red Mask","Darkstone Periapt","Velvet Choker","Akabeko","Bird Faced Urn","animator:ShionDessert","Ginger","Orichalcum","Pantograph","Bag of Marbles"],"acts_visited":["Exordium","TheCity","TheBeyond"],"potions_floor_usage":[10,25,28,28,28,36,41],"damage_taken":[{"damage":0,"enemies":"Cultist","floor":1,"turns":1},{"damage":0,"enemies":"Jaw Worm","floor":5,"turns":1},{"damage":0,"enemies":"Gremlin Nob","floor":6,"turns":1},{"damage":2,"enemies":"Small Slimes","floor":7,"turns":4},{"damage":0,"enemies":"3 Sentries","floor":10,"turns":19},{"damage":0,"enemies":"Blue Slaver","floor":11,"turns":3},{"damage":1,"enemies":"2 Fungi Beasts","floor":13,"turns":4},{"damage":0,"enemies":"Exordium Thugs","floor":14,"turns":4},{"damage":0,"enemies":"Slime Boss","floor":16,"turns":6},{"damage":0,"enemies":"Spheric Guardian","floor":18,"turns":3},{"damage":0,"enemies":"Shell Parasite","floor":22,"turns":5},{"damage":0,"enemies":"Centurion and Healer","floor":24,"turns":6},{"damage":16,"enemies":"Book of Stabbing","floor":25,"turns":6},{"damage":21,"enemies":"Gremlin Leader","floor":28,"turns":6},{"damage":9,"enemies":"Masked Bandits","floor":29,"turns":4},{"damage":3,"enemies":"Cultist and Chosen","floor":31,"turns":6},{"damage":37,"enemies":"Automaton","floor":33,"turns":12},{"damage":0,"enemies":"3 Shapes","floor":35,"turns":5},{"damage":60,"enemies":"3 Darklings","floor":36,"turns":5},{"damage":39,"enemies":"Nemesis","floor":41,"turns":7},{"damage":28,"enemies":"Giant Head","floor":45,"turns":9},{"damage":38,"enemies":"Spire Growth","floor":47,"turns":3}],"seed_played":"5931057729159807470","potions_obtained":[{"floor":1,"key":"Explosive Potion"},{"floor":6,"key":"Explosive Potion"},{"floor":14,"key":"Weak Potion"},{"floor":17,"key":"Regen Potion"},{"floor":18,"key":"Swift Potion"},{"floor":25,"key":"Explosive Potion"},{"floor":29,"key":"ColorlessPotion"},{"floor":35,"key":"BlessingOfTheForge"},{"floor":36,"key":"PowerPotion"}],"is_trial":false,"path_per_floor":["M","T","$","?","M","E","M","R","T","E","M","R","M","M","R","B",null,"M","?","$","?","M","R","M","E","T","R","E","?","T","M","R","B",null,"M","M","?","T","$","R","E","R","T","R","E","$","M"],"character_chosen":"THE_ANIMATOR","items_purchased":["animator:Chris","Nunchaku","animator:Evileye","animator:OrikoMikuni","Bird Faced Urn","animator:ShionDessert","Bag of Marbles"],"campfire_rested":3,"item_purchase_floors":[3,20,20,20,39,39,46],"current_hp_per_floor":[66,66,66,66,66,66,66,66,66,66,66,66,66,67,67,67,72,72,72,72,72,72,72,72,56,56,56,51,44,44,41,41,6,72,72,12,12,12,12,33,4,25,25,46,26,26,0,0],"gold":97,"neow_bonus":"THREE_ENEMY_KILL","is_daily":false,"chose_seed":false,"campfire_upgraded":6,"win_rate":0.0,"timestamp":1610511622,"path_taken":["M","?","$","?","M","E","?","R","T","E","M","R","M","M","R","BOSS","M","?","$","?","?","R","M","E","T","R","E","?","?","M","R","BOSS","M","M","?","?","$","R","E","R","T","R","E","$","M"],"items_purchased_type":["Card","Relic","Card","Card","Relic","Relic","Relic"],"build_version":"2020-12-22","purchased_purges":2,"victory":false,"max_hp_per_floor":[66,66,66,66,66,66,66,66,66,66,66,66,66,67,67,67,72,72,72,72,72,72,72,72,72,72,72,72,72,72,72,72,72,72,72,72,72,72,72,72,72,72,72,72,72,72,72,72],"relic_stats":{"Darkstone Periapt":0,"Nunchaku":[14],"Happy Flower":[31],"counters":[22,120],"Bird Faced Urn":[14],"Pantograph":0,"Tiny Chest":1,"Ginger":[3],"Orichalcum":[6],"obtain_stats":[{"Darkstone Periapt":30,"animator:ShionDessert":39,"Tiny House":17,"NeowsBlessing":0,"Happy Flower":10,"animator:TheMissingPiece":0,"Vajra":21,"Velvet Choker":34,"Ginger":41,"animator:WornHelmet":25,"Orichalcum":43,"Ancient Tea Set":28,"Akabeko":38,"Anchor":2,"Nunchaku":20,"Bird Faced Urn":39,"Pantograph":45,"Tiny Chest":26,"animator:LivingPicture":0,"Red Mask":29,"Bag of Marbles":46,"Paper Frog":6},{"Darkstone Periapt":15,"animator:ShionDessert":19,"Tiny House":9,"NeowsBlessing":0,"Happy Flower":5,"animator:TheMissingPiece":0,"Vajra":10,"Velvet Choker":17,"Ginger":20,"animator:WornHelmet":13,"Orichalcum":20,"Ancient Tea Set":14,"Akabeko":19,"Anchor":1,"Nunchaku":10,"Bird Faced Urn":19,"Pantograph":21,"Tiny Chest":13,"animator:LivingPicture":0,"Red Mask":15,"Bag of Marbles":21,"Paper Frog":3},{"Darkstone Periapt":73,"animator:ShionDessert":101,"Tiny House":43,"NeowsBlessing":0,"Happy Flower":26,"animator:TheMissingPiece":0,"Vajra":46,"Velvet Choker":91,"Ginger":108,"animator:WornHelmet":63,"Orichalcum":108,"Ancient Tea Set":69,"Akabeko":101,"Anchor":1,"Nunchaku":46,"Bird Faced Urn":101,"Pantograph":117,"Tiny Chest":63,"animator:LivingPicture":0,"Red Mask":73,"Bag of Marbles":117,"Paper Frog":3}]},"card_choices":[{"not_picked":["animator:SuzuneAmano","animator:MaesHughes"],"picked":"animator:ElricEdward","floor":1},{"not_picked":["animator:Benimaru","animator:Ara"],"picked":"animator:Shion","floor":5},{"not_picked":["animator:Entoma","animator:Shion"],"picked":"animator:Saitama","floor":6},{"not_picked":["animator:Kazuma","animator:Aqua"],"picked":"animator:Vanir","floor":7},{"not_picked":["animator:Kazuma","animator:Millim"],"picked":"animator:MetalKnight","floor":10},{"not_picked":["animator:Ciel","animator:Hakurou","animator:SayakaMiki"],"picked":"SKIP","floor":11},{"not_picked":["animator:Shion","animator:GazelDwargon"],"picked":"animator:WinryRockbell","floor":13},{"not_picked":["animator:Mitsurugi","animator:Darkness"],"picked":"animator:YunYun","floor":14},{"not_picked":["animator:Greed","animator:Shizu"],"picked":"animator:Ainz","floor":16},{"not_picked":["animator:Tatsumaki+1","animator:Sonic"],"picked":"animator:Hans","floor":18},{"not_picked":["animator:Mitsurugi","animator:RoyMustang"],"picked":"animator:Shion","floor":22},{"not_picked":["animator:Shuna+1","animator:Evileye"],"picked":"animator:Kaijin+1","floor":24},{"not_picked":["animator:Tatsumaki","animator:Melzalgald"],"picked":"animator:Sonic","floor":25},{"not_picked":["animator:YuiTsuruno","animator:Souei","animator:Boros"],"picked":"SKIP","floor":28},{"not_picked":["animator:Cocytus+1","animator:Ara","animator:Millim"],"picked":"SKIP","floor":31},{"not_picked":["animator:Wiz","animator:Eris"],"picked":"animator:Rimuru","floor":33},{"not_picked":["animator:Chung+1","animator:Mitsurugi+1"],"picked":"animator:KyokoSakura","floor":35},{"not_picked":["animator:Darkness","animator:Mitsurugi"],"picked":"animator:Chris","floor":36},{"not_picked":["animator:Hakurou","animator:Vanir+1"],"picked":"animator:Elesis","floor":41},{"not_picked":["animator:Demiurge","animator:Raven","animator:Father"],"picked":"SKIP","floor":45}],"player_experience":388885,"relics_obtained":[{"floor":2,"key":"Anchor"},{"floor":6,"key":"Paper Frog"},{"floor":10,"key":"Happy Flower"},{"floor":25,"key":"animator:WornHelmet"},{"floor":26,"key":"Tiny Chest"},{"floor":28,"key":"Ancient Tea Set"},{"floor":29,"key":"Red Mask"},{"floor":30,"key":"Darkstone Periapt"},{"floor":38,"key":"Akabeko"},{"floor":41,"key":"Ginger"},{"floor":43,"key":"Orichalcum"},{"floor":45,"key":"Pantograph"}],"event_choices":[{"damage_healed":0,"gold_gain":0,"player_choice":"Cursed","damage_taken":0,"max_hp_gain":0,"max_hp_loss":0,"event_name":"Wheel of Change","floor":4,"gold_loss":0,"cards_obtained":["Decay"]},{"damage_healed":0,"gold_gain":0,"player_choice":"Read","damage_taken":0,"max_hp_gain":0,"max_hp_loss":0,"event_name":"The Library","floor":19,"gold_loss":0,"cards_obtained":["animator:Verdia"]},{"damage_healed":0,"gold_gain":0,"player_choice":"Obtained Relic","damage_taken":0,"relics_obtained":["Vajra"],"max_hp_gain":0,"max_hp_loss":0,"event_name":"Addict","floor":21,"gold_loss":85},{"damage_healed":0,"gold_gain":0,"player_choice":"Fought Bandits","damage_taken":0,"max_hp_gain":0,"max_hp_loss":0,"event_name":"Masked Bandits","floor":29,"gold_loss":0},{"damage_healed":0,"gold_gain":222,"player_choice":"Wore Mask","damage_taken":0,"max_hp_gain":0,"max_hp_loss":0,"event_name":"Tomb of Lord Red Mask","floor":37,"gold_loss":0}],"is_beta":false,"boss_relics":[{"not_picked":["animator:CursedBlade","Sozu"],"picked":"Tiny House"},{"not_picked":["SacredBark","Fusion Hammer"],"picked":"Velvet Choker"}],"items_purged_floors":[20,39],"is_endless":false,"potions_floor_spawned":[1,6,14,18,25,29,35,36],"killed_by":"Spire Growth","ascension_level":0}}