{"host":"utcbn1j9ebmpc40m","time":1610574496,"event":{"mods":["BaseMod","Better Match","GifTheSpireLib","Minty Spire (QoL Compilation)","Poor People Problems","StSLib","SuperFastMode","The IronCluck"],"gold_per_floor":[116,116,116,116,41,41,85,85,85,120,134,155,190,265,265,265,265],"floor_reached":16,"language":"ENG","playtime":451,"items_purged":["Regret"],"score":174,"play_id":"409c0bd0-8a60-44b2-8f69-d20fd6d5d257","local_time":"20210113164816","is_ascension_mode":true,"campfire_choices":[{"floor":6,"key":"REST"},{"floor":8,"key":"REST"},{"floor":15,"key":"REST"}],"circlet_count":0,"master_deck":["AscendersBane","Strike_G","Strike_G","Strike_G","Strike_G","Defend_G","Defend_G","Defend_G","Defend_G","Defend_G","Survivor","Neutralize","Blade Dance","Injury","Cloak And Dagger","Eviscerate","PiercingWail+1","Blur+1","Acrobatics+1","Backflip+1","Dodge and Roll+1"],"relics":["WristBlade","Golden Idol","Dream Catcher","Toxic Egg 2","Bottled Lightning","Snake Skull","Paper Crane"],"acts_visited":["Exordium"],"potions_floor_usage":[10],"damage_taken":[{"damage":3,"enemies":"2 Louse","floor":1,"turns":3},{"damage":35,"enemies":"Lagavulin","floor":7,"turns":6},{"damage":2,"enemies":"Gremlin Nob","floor":10,"turns":3},{"damage":0,"enemies":"Small Slimes","floor":11,"turns":4},{"damage":0,"enemies":"Cultist","floor":12,"turns":3},{"damage":14,"enemies":"3 Sentries","floor":13,"turns":8},{"damage":51,"enemies":"Hexaghost","floor":16,"turns":16}],"seed_played":"1751157497681687559","potions_obtained":[{"floor":7,"key":"DuplicationPotion"}],"is_trial":false,"path_per_floor":["M","?","?","?","$","R","E","R","T","E","M","M","E","?","R","B"],"character_chosen":"THE_SILENT","items_purchased":[],"campfire_rested":3,"item_purchase_floors":[],"current_hp_per_floor":[60,53,53,53,53,70,35,56,56,54,54,54,40,29,50,0,0],"gold":265,"neow_bonus":"BOSS_RELIC","is_daily":false,"chose_seed":false,"campfire_upgraded":0,"win_rate":0.0,"timestamp":1610574496,"path_taken":["M","?","?","?","$","R","E","R","T","E","M","M","E","?","R","BOSS"],"items_purchased_type":[],"build_version":"2020-12-22","purchased_purges":1,"victory":false,"max_hp_per_floor":[70,70,70,70,70,70,70,70,70,70,70,70,70,70,70,70,70],"card_choices":[{"not_picked":["Sucker Punch","Noxious Fumes"],"picked":"Blade Dance","floor":1},{"not_picked":["Choke","Underhanded Strike"],"picked":"Cloak And Dagger","floor":6},{"not_picked":["Poisoned Stab","Predator"],"picked":"Eviscerate","floor":7},{"not_picked":["Glass Knife","Deadly Poison+1"],"picked":"PiercingWail+1","floor":8},{"not_picked":["PiercingWail+1","Underhanded Strike"],"picked":"Blur+1","floor":10},{"not_picked":["Underhanded Strike","Dagger Throw"],"picked":"Acrobatics+1","floor":11},{"not_picked":["Outmaneuver+1","Flying Knee"],"picked":"Backflip+1","floor":12},{"not_picked":["Poisoned Stab","Setup+1","Outmaneuver+1"],"picked":"SKIP","floor":13},{"not_picked":["Acrobatics+1","Deadly Poison+1"],"picked":"Dodge and Roll+1","floor":15}],"player_experience":473812,"relics_obtained":[{"floor":7,"key":"Toxic Egg 2"},{"floor":9,"key":"Bottled Lightning"},{"floor":10,"key":"Snake Skull"},{"floor":13,"key":"Paper Crane"}],"event_choices":[{"cards_removed":["Strike_G"],"damage_healed":0,"gold_gain":0,"player_choice":"Card Removal","damage_taken":7,"max_hp_gain":0,"max_hp_loss":0,"event_name":"Golden Wing","floor":2,"gold_loss":0},{"damage_healed":0,"gold_gain":0,"player_choice":"Take Wound","damage_taken":0,"relics_obtained":["Golden Idol"],"max_hp_gain":0,"max_hp_loss":0,"event_name":"Golden Idol","floor":3,"gold_loss":0,"cards_obtained":["Injury"]},{"damage_healed":0,"gold_gain":0,"player_choice":"Box","damage_taken":0,"relics_obtained":["Dream Catcher"],"max_hp_gain":0,"max_hp_loss":0,"event_name":"Big Fish","floor":4,"gold_loss":0,"cards_obtained":["Regret"]},{"damage_healed":0,"gold_gain":75,"player_choice":"Gather Gold","damage_taken":11,"max_hp_gain":0,"max_hp_loss":0,"event_name":"World of Goop","floor":14,"gold_loss":0}],"is_beta":false,"boss_relics":[],"items_purged_floors":[5],"is_endless":false,"potions_floor_spawned":[7],"killed_by":"Hexaghost","ascension_level":10}}