{"host":"5yoj846f700ld8qy","time":1610570893,"event":{"mods":["AchievementEnabler","BaseMod","Better Altar","Better Match","Better Note","Better Sensory Stone","Better Skull","Better Third Choice","Colored Map","Colored Powertips","Minty Spire (QoL Compilation)","StSLib"],"gold_per_floor":[113,113,15,33,46,46,79,79,102,102,102,67,101,119,119,193,193,209,259,270,8,24,34,44,44,44,69,89,89,4,14,14,88,88,98,26,351,362,362,362,378,378,378,64,64,64,64,64,64],"floor_reached":48,"language":"ENG","playtime":3124,"items_purged":["Strike_R"],"score":802,"play_id":"04844941-7358-4f97-a250-53337d2197ba","local_time":"20210113224813","is_ascension_mode":true,"campfire_choices":[{"data":"Searing Blow+1","floor":6.0,"key":"SMITH"},{"data":"True Grit","floor":8.0,"key":"SMITH"},{"data":"Searing Blow+2","floor":10.0,"key":"SMITH"},{"floor":15.0,"key":"REST"},{"floor":25,"key":"REST"},{"data":"Double Tap","floor":29,"key":"SMITH"},{"floor":32,"key":"REST"},{"floor":40,"key":"REST"},{"floor":42,"key":"REST"}],"circlet_count":0,"master_deck":["AscendersBane","Strike_R+1","Strike_R","Strike_R","Strike_R","Defend_R","Defend_R","Defend_R","Defend_R","Bash+1","Perfected Strike","Searing Blow+3","Finesse","True Grit+1","Uppercut","Double Tap+1","Rage","Battle Trance","Flame Barrier","Burning Pact","Demon Form","Havoc+1","Reaper","Ghostly Armor+1","Dual Wield","Dropkick","Fire Breathing"],"relics":["Burning Blood","Whetstone","Red Skull","Omamori","Gremlin Horn","Calling Bell","MealTicket","Letter Opener","TungstenRod","Oddly Smooth Stone","White Beast Statue","Peace Pipe","Champion Belt","Sozu","Old Coin","Pantograph","Mummified Hand","Darkstone Periapt"],"acts_visited":["Exordium","TheCity","TheBeyond"],"potions_floor_usage":[16,18,22,24,27,27,28,31,33,37],"damage_taken":[{"damage":10.0,"enemies":"Small Slimes","floor":1.0,"turns":3.0},{"damage":4.0,"enemies":"Cultist","floor":4.0,"turns":3.0},{"damage":6.0,"enemies":"2 Louse","floor":5.0,"turns":3.0},{"damage":40.0,"enemies":"Lagavulin","floor":7.0,"turns":7.0},{"damage":33.0,"enemies":"3 Sentries","floor":13.0,"turns":7.0},{"damage":16.0,"enemies":"Large Slime","floor":14.0,"turns":3.0},{"damage":32,"enemies":"Hexaghost","floor":16,"turns":7},{"damage":12,"enemies":"3 Byrds","floor":18,"turns":5},{"damage":25,"enemies":"Shell Parasite","floor":20,"turns":5},{"damage":17,"enemies":"Chosen and Byrds","floor":22,"turns":6},{"damage":18,"enemies":"Cultist and Chosen","floor":23,"turns":4},{"damage":8,"enemies":"Snecko","floor":24,"turns":4},{"damage":24,"enemies":"Slavers","floor":27,"turns":5},{"damage":11,"enemies":"Centurion and Healer","floor":28,"turns":8},{"damage":18,"enemies":"Cultist and Chosen","floor":31,"turns":5},{"damage":34,"enemies":"Champ","floor":33,"turns":8},{"damage":30,"enemies":"3 Shapes","floor":35,"turns":5},{"damage":9,"enemies":"Mind Bloom Boss Battle","floor":37,"turns":6},{"damage":49,"enemies":"3 Darklings","floor":38,"turns":4},{"damage":50,"enemies":"Transient","floor":41,"turns":5},{"damage":72,"enemies":"Giant Head","floor":48,"turns":7}],"seed_played":"4392373026612016800","potions_obtained":[{"floor":13.0,"key":"GamblersBrew"},{"floor":16,"key":"ColorlessPotion"},{"floor":18,"key":"Explosive Potion"},{"floor":24,"key":"EntropicBrew"},{"floor":27,"key":"EssenceOfSteel"},{"floor":28,"key":"Fire Potion"},{"floor":31,"key":"Regen Potion"},{"floor":33,"key":"DuplicationPotion"}],"is_trial":false,"path_per_floor":["M","?","$","M","M","R","E","R","T","R","?","?","E","M","R","B",null,"M","?","M","$","M","M","M","R","T","E","M","R","?","M","R","B",null,"M","$","?","M","?","R","M","R","T","$","?","?","T","E"],"character_chosen":"IRONCLAD","items_purchased":["Finesse","Oddly Smooth Stone","Flame Barrier","Dual Wield","Mummified Hand","Fire Breathing"],"campfire_rested":5,"item_purchase_floors":[3,21,21,36,44,44],"current_hp_per_floor":[64,64,64,66,66,66,32,32,32,32,32,50,23,13,35,9,59,53,53,34,49,38,26,24,46,46,28,23,23,23,11,33,20,61,51,66,70,45,45,67,23,45,45,60,60,60,60,0,0],"gold":64,"neow_bonus":"THREE_CARDS","is_daily":false,"chose_seed":false,"campfire_upgraded":4,"win_rate":0.0,"timestamp":1610570893,"path_taken":["M","?","?","?","M","R","E","R","T","R","?","?","E","M","R","BOSS","M","?","?","$","M","M","M","R","T","E","M","R","?","M","R","BOSS","M","$","?","M","?","R","M","R","T","$","?","?","?","E"],"items_purchased_type":["Card","Relic","Card","Card","Relic","Card"],"build_version":"2020-12-22","purchased_purges":1,"victory":false,"max_hp_per_floor":[75,75,75,75,75,75,75,75,75,75,75,75,75,75,75,75,75,75,75,75,75,75,75,75,75,75,75,75,75,75,75,75,75,75,75,75,75,75,75,75,75,75,75,75,71,71,71,71,71],"card_choices":[{"not_picked":["Armaments","Shrug It Off"],"picked":"Perfected Strike","floor":0.0},{"not_picked":["Havoc","Burning Pact"],"picked":"Searing Blow","floor":1.0},{"not_picked":["Clash","Body Slam","Thunderclap"],"picked":"SKIP","floor":4.0},{"not_picked":["Twin Strike","Clash"],"picked":"Clothesline","floor":5.0},{"not_picked":["Body Slam","Perfected Strike"],"picked":"True Grit","floor":7.0},{"not_picked":["Infernal Blade","Sword Boomerang"],"picked":"Uppercut","floor":13.0},{"not_picked":["Clash","Havoc","Searing Blow"],"picked":"SKIP","floor":14.0},{"not_picked":["Immolate","Demon Form"],"picked":"Double Tap","floor":16},{"not_picked":["Reckless Charge","Combust"],"picked":"Rage","floor":18},{"not_picked":["Feel No Pain","Cleave+1"],"picked":"Battle Trance","floor":20},{"not_picked":["Havoc","Dual Wield"],"picked":"Burning Pact","floor":22},{"not_picked":["Warcry","Perfected Strike","Burning Pact"],"picked":"SKIP","floor":23},{"not_picked":["Heavy Blade","Twin Strike","Clothesline+1"],"picked":"SKIP","floor":24},{"not_picked":["Shockwave","Inflame"],"picked":"Demon Form","floor":27},{"not_picked":["Thunderclap","Twin Strike"],"picked":"Havoc+1","floor":28},{"not_picked":["Rupture","Hemokinesis+1","Disarm"],"picked":"SKIP","floor":31},{"not_picked":["Berserk","Barricade"],"picked":"Reaper","floor":33},{"not_picked":["Fire Breathing","Clothesline"],"picked":"Ghostly Armor+1","floor":35},{"not_picked":["True Grit","Wild Strike"],"picked":"Dropkick","floor":37},{"not_picked":["Perfected Strike","Body Slam","Clash"],"picked":"SKIP","floor":38},{"not_picked":["Wild Strike+1","Clash","Blood for Blood+1"],"picked":"SKIP","floor":41}],"player_experience":394430,"relics_obtained":[{"floor":7.0,"key":"Whetstone"},{"floor":9.0,"key":"Red Skull"},{"floor":13.0,"key":"Gremlin Horn"},{"floor":17,"key":"MealTicket"},{"floor":17,"key":"Letter Opener"},{"floor":17,"key":"TungstenRod"},{"floor":26,"key":"White Beast Statue"},{"floor":27,"key":"Peace Pipe"},{"floor":37,"key":"Old Coin"},{"floor":43,"key":"Pantograph"},{"floor":47,"key":"Darkstone Periapt"}],"event_choices":[{"damage_healed":0.0,"max_hp_gain":0.0,"max_hp_loss":0.0,"gold_gain":0.0,"event_name":"Upgrade Shrine","player_choice":"Upgraded","floor":2.0,"gold_loss":0.0,"damage_taken":0.0,"cards_upgraded":["Searing Blow"]},{"damage_healed":0.0,"max_hp_gain":0.0,"max_hp_loss":0.0,"gold_gain":0.0,"event_name":"Dead Adventurer","player_choice":"Searched \u00271\u0027 times","floor":11.0,"gold_loss":0.0,"damage_taken":0.0,"relics_obtained":["Omamori"]},{"damage_healed":18.0,"max_hp_gain":0.0,"max_hp_loss":0.0,"gold_gain":0.0,"event_name":"The Cleric","player_choice":"Healed","floor":12.0,"gold_loss":35.0,"damage_taken":0.0},{"damage_healed":0,"gold_gain":50,"player_choice":"Pray","damage_taken":0,"max_hp_gain":0,"max_hp_loss":0,"event_name":"Golden Shrine","floor":19,"gold_loss":0},{"damage_healed":0,"gold_gain":0,"player_choice":"Obtained Relic","damage_taken":0,"relics_obtained":["Champion Belt"],"max_hp_gain":0,"max_hp_loss":0,"event_name":"Addict","floor":30,"gold_loss":85},{"damage_healed":0,"gold_gain":0,"player_choice":"Fight","damage_taken":0,"max_hp_gain":0,"max_hp_loss":0,"event_name":"MindBloom","floor":37,"gold_loss":0},{"cards_removed":["Clothesline"],"damage_healed":0,"gold_gain":0,"player_choice":"Removed Attack","damage_taken":0,"max_hp_gain":0,"max_hp_loss":0,"event_name":"Falling","floor":39,"gold_loss":0},{"damage_healed":0,"gold_gain":0,"player_choice":"Max HP","damage_taken":0,"max_hp_gain":0,"max_hp_loss":4,"event_name":"Winding Halls","floor":45,"gold_loss":0},{"damage_healed":0,"gold_gain":0,"player_choice":"Ignored","damage_taken":0,"max_hp_gain":0,"max_hp_loss":0,"event_name":"Mysterious Sphere","floor":46,"gold_loss":0}],"is_beta":false,"boss_relics":[{"not_picked":["Philosopher\u0027s Stone","SlaversCollar"],"picked":"Calling Bell"},{"not_picked":["Fusion Hammer","Runic Pyramid"],"picked":"Sozu"}],"items_purged_floors":[21],"is_endless":false,"potions_floor_spawned":[13,16,18,24,27,28,31,33,35,37,38,41],"killed_by":"Giant Head","ascension_level":15}}