{"host":"4id8injl4bo2b6ih","time":1610564766,"event":{"mods":["Act Like it!","BaseMod","Better Third Choice","Colored Map","Downfall","Friendly Minions","Hermit","Highlight Path","Ironclad Rager","Minty Spire (QoL Compilation)","Relic Stats","Robot Space Explorer","Shop Mod","Spicy Shops","StSLib"],"gold_per_floor":[99,109,120,295,745,670,670,670,670,670,687,702,721,733,749,853,853,853,872,892,892,892,892],"floor_reached":22,"language":"ENG","playtime":1278,"items_purged":[],"score":178,"play_id":"8ffae26a-6a96-48ee-801f-72c2fa870eba","local_time":"20210113200606","is_ascension_mode":false,"campfire_choices":[{"floor":1.0,"key":"RECALL"},{"data":"hermit:Midnight","floor":6.0,"key":"SMITH"},{"data":"hermit:EyeOfTheStorm","floor":8.0,"key":"SMITH"},{"data":"hermit:Snapshot","floor":10.0,"key":"SMITH"},{"data":"hermit:BodyArmor","floor":18,"key":"SMITH"}],"circlet_count":0,"master_deck":["hermit:Snapshot+1","hermit:Covet","expansioncontent:ChargeUp","hermit:EyeOfTheStorm+1","hermit:Midnight+1","Slimebound:Icky","Slimebound:Icky","Slimebound:Icky","hermit:PistolWhip","hermit:Snipe","hermit:PistolWhip","hermit:RoundhouseKick","hermit:FinalCanter","hermit:EyeOfTheStorm","hermit:BodyArmor+1","hermit:Glare","hermit:LuckOfTheDraw","hermit:SprayPray","hermit:Horror","hermit:CursedWeapon","hermit:HoleUp+1","hermit:LoneWolf","Necronomicurse"],"relics":["hermit:Momento","downfall:HeartBlessingRed","Meat on the Bone","Pandora\u0027s Box","Necronomicon"],"acts_visited":["Exordium","TheCity"],"potions_floor_usage":[16,16],"damage_taken":[{"damage":1.0,"enemies":"Cultist","floor":2.0,"turns":4.0},{"damage":10.0,"enemies":"Small Slimes","floor":3.0,"turns":4.0},{"damage":12.0,"enemies":"Jaw Worm","floor":11.0,"turns":3.0},{"damage":1.0,"enemies":"3 Louse","floor":12.0,"turns":2.0},{"damage":0.0,"enemies":"Blue Slaver","floor":13.0,"turns":2.0},{"damage":14.0,"enemies":"Exordium Wildlife","floor":14.0,"turns":4.0},{"damage":14.0,"enemies":"Gremlin Gang","floor":15.0,"turns":5.0},{"damage":29,"enemies":"downfall:Watcher","floor":16,"turns":10},{"damage":2,"enemies":"Shell Parasite","floor":19,"turns":1},{"damage":2,"enemies":"Spheric Guardian","floor":20,"turns":3},{"damage":68,"enemies":"Cultist and Chosen","floor":22,"turns":6}],"seed_played":"6296767664579672875","potions_obtained":[{"floor":12.0,"key":"PowerPotion"},{"floor":13.0,"key":"EssenceOfSteel"},{"floor":16,"key":"Regen Potion"},{"floor":19,"key":"Swift Potion"}],"is_trial":false,"path_per_floor":["R","M","M","?","?","R","T","R","?","R","M","M","M","M","M","B",null,"R","M","M","?","M"],"character_chosen":"HERMIT","items_purchased":[],"campfire_rested":0,"item_purchase_floors":[],"current_hp_per_floor":[75,74,64,64,64,64,64,64,64,64,52,51,51,49,47,30,75,75,73,71,55,0,0],"gold":892,"neow_bonus":"RANDOM_COLORLESS","is_daily":false,"chose_seed":false,"campfire_upgraded":4,"win_rate":0.0,"timestamp":1610564766,"path_taken":["R","M","?","?","?","R","T","R","?","R","M","M","M","M","M","BOSS","R","M","M","?","M"],"items_purchased_type":[],"build_version":"2020-12-22","purchased_purges":0,"victory":false,"max_hp_per_floor":[75,75,75,75,75,75,75,75,75,75,75,75,75,75,75,75,75,75,75,75,75,75,75],"relic_stats":{"counters":[11,44],"Pandora\u0027s Box":["hermit:FinalCanter","hermit:EyeOfTheStorm","hermit:BodyArmor","hermit:Glare","hermit:LuckOfTheDraw","hermit:SprayPray","hermit:Horror","hermit:CursedWeapon"],"Necronomicon":[0],"obtain_stats":[{"downfall:HeartBlessingRed":6,"Pandora\u0027s Box":17,"Necronomicon":21,"hermit:Momento":0,"Meat on the Bone":7},{"downfall:HeartBlessingRed":2,"Pandora\u0027s Box":8,"Necronomicon":10,"hermit:Momento":0,"Meat on the Bone":2},{"downfall:HeartBlessingRed":8,"Pandora\u0027s Box":34,"Necronomicon":38,"hermit:Momento":0,"Meat on the Bone":8}],"Meat on the Bone":36},"card_choices":[{"not_picked":["Finesse","Jack Of All Trades"],"picked":"expansioncontent:ChargeUp","floor":0.0},{"not_picked":["hermit:LuckOfTheDraw","hermit:Snipe"],"picked":"hermit:EyeOfTheStorm","floor":2.0},{"not_picked":["hermit:ItchyTrigger","hermit:BodyArmor"],"picked":"hermit:Midnight","floor":3.0},{"not_picked":["hermit:HoleUp","hermit:GhostlyPresence"],"picked":"hermit:PistolWhip","floor":11.0},{"not_picked":["hermit:Ricochet","hermit:Midnight","hermit:HoleUp"],"picked":"SKIP","floor":12.0},{"not_picked":["hermit:HighCaliber","hermit:EyeOfTheStorm"],"picked":"hermit:Snipe","floor":13.0},{"not_picked":["hermit:Ricochet","hermit:WideOpen"],"picked":"hermit:PistolWhip","floor":14.0},{"not_picked":["hermit:Misfire","hermit:Snipe","hermit:Roulette"],"picked":"SKIP","floor":15.0},{"not_picked":["hermit:EternalForm","hermit:OverwhelmingPower"],"picked":"hermit:RoundhouseKick","floor":16},{"not_picked":["hermit:PistolWhip","hermit:LuckOfTheDraw"],"picked":"hermit:HoleUp+1","floor":19},{"not_picked":["hermit:ItchyTrigger+1","hermit:Cheat"],"picked":"hermit:LoneWolf","floor":20}],"player_experience":416602,"relics_obtained":[{"floor":7.0,"key":"Meat on the Bone"},{"floor":21,"key":"Necronomicon"}],"event_choices":[{"cards_removed":["Doubt"],"damage_healed":0.0,"max_hp_gain":0.0,"max_hp_loss":0.0,"gold_gain":0.0,"event_name":"The Cleric","player_choice":"Card Removal","floor":9.0,"gold_loss":0.0,"damage_taken":0.0}],"is_beta":false,"boss_relics":[{"not_picked":["Coffee Dripper","Snecko Eye"],"picked":"Pandora\u0027s Box"}],"items_purged_floors":[],"is_endless":false,"potions_floor_spawned":[12,13,16,19],"killed_by":"Cultist and Chosen","ascension_level":0}}