{"host":"g1wmg2w41xhsnw8g","time":1610569771,"event":{"mods":["2.2 Compatiblity","Act Like it!","Aspiration","BaseMod","Better Altar","Better Match","Better Note","Better Sensory Stone","Better Skull","Better Third Choice","BetterRewards","Booster Modes","CapriCore","Colored Map","Colored Powertips","Defuse TimeMaze Blight","Displayed Cursed Tome","Evolution","Fox Events","Friendly Minions","GifTheSpireLib","Good Game Mod","Googly Eyes","Infinite Spire","Magitek Elite","Minty Spire (QoL Compilation)","Red Circlet Mod","Relic Sorter","SCP261 Mod","Shop Mod","Spicy Shops","StSLib","The Bug Knight","The Sage","Transform Curses","Wandering Minibosses","????"],"gold_per_floor":[116,66,66,84,99,99,99,99],"floor_reached":7,"language":"ENG","playtime":421,"items_purged":[],"score":93,"play_id":"cd528592-d9b0-4441-ace5-c643d42f222f","local_time":"20210113152931","daily_mods":["SealedDeck","Specialized","Heirloom","Elite Swarm"],"is_ascension_mode":true,"campfire_choices":[],"circlet_count":0,"master_deck":["HollowMod:VengefulSpirit","HollowMod:VengefulSpirit","HollowMod:VengefulSpirit","HollowMod:VengefulSpirit","HollowMod:MawleksShell","HollowMod:InfectionAssault","HollowMod:SiblingsSouls","HollowMod:InfectedAttack","HollowMod:DescendingDark","HollowMod:InfectedAttack","HollowMod:TaintedHusks","HollowMod:LifebloodCocoon","HollowMod:HuntersJournal","HollowMod:PureVessel","Collect+1","HollowMod:CycloneSlash","HollowMod:LuriensSpire","HollowMod:GoodIntentions","Injury"],"relics":["HollowMod:VesselMask","REME:ComplimentaryCards","EVO:Axolotl","Mango","Golden Idol"],"acts_visited":["Exordium"],"potions_floor_usage":[],"damage_taken":[{"damage":21,"enemies":"Jaw Worm","floor":1,"turns":3},{"damage":17,"enemies":"Small Slimes","floor":4,"turns":3},{"damage":16,"enemies":"Cultist","floor":5,"turns":3},{"damage":44,"enemies":"Gremlin Nob","floor":7,"turns":3}],"seed_played":"4007543194902073099","potions_obtained":[{"floor":4,"key":"Dexterity Potion"}],"is_trial":true,"path_per_floor":["M","?","?","M","M","?","E"],"character_chosen":"THE_BUGKNIGHT","items_purchased":[],"campfire_rested":0,"item_purchase_floors":[],"current_hp_per_floor":[69,69,69,52,36,36,0,0],"gold":99,"neow_bonus":"","is_daily":false,"chose_seed":false,"campfire_upgraded":0,"win_rate":0.0,"timestamp":1610569771,"path_taken":["M","?","?","?","M","?","E"],"items_purchased_type":[],"build_version":"2020-12-22","purchased_purges":0,"victory":false,"max_hp_per_floor":[90,90,90,90,90,90,90,90],"card_choices":[{"not_picked":["HollowMod:MawleksShell","HollowMod:VengefulSpirit"],"picked":"HollowMod:CycloneSlash","floor":1},{"not_picked":["HollowMod:VengefulVoid","HollowMod:SiblingsSouls"],"picked":"HollowMod:LuriensSpire","floor":4},{"not_picked":["HollowMod:FastStrike","HollowMod:HowlingWraiths"],"picked":"HollowMod:GoodIntentions","floor":5}],"player_experience":924755,"relics_obtained":[],"event_choices":[{"cards_removed":["HollowMod:VengefulSpirit"],"damage_healed":0,"gold_gain":0,"player_choice":"Card Removal","damage_taken":0,"max_hp_gain":0,"max_hp_loss":0,"event_name":"The Cleric","floor":2,"gold_loss":50},{"damage_healed":0,"gold_gain":0,"player_choice":"Upgraded","damage_taken":0,"max_hp_gain":0,"max_hp_loss":0,"event_name":"Upgrade Shrine","floor":3,"gold_loss":0,"cards_upgraded":["Collect"]},{"damage_healed":0,"gold_gain":0,"player_choice":"Take Wound","damage_taken":0,"relics_obtained":["Golden Idol"],"max_hp_gain":0,"max_hp_loss":0,"event_name":"Golden Idol","floor":6,"gold_loss":0,"cards_obtained":["Injury"]}],"is_beta":false,"boss_relics":[],"items_purged_floors":[],"is_endless":false,"potions_floor_spawned":[4],"killed_by":"Gremlin Nob","ascension_level":1}}