{"host":"5padt50u07xd1iby","time":1610538829,"event":{"mods":["AchievementEnabler","Aspiration","BaseMod","Colored Map","Colored Powertips","Conspire","Dark Map","Downfall","Hubris","Minty Spire (QoL Compilation)","Replay The Spire","Retaliation","Shop Mod","StSLib","SuperFastMode","The Blue Laboratory","everything is the same but u backflip on backflip"],"gold_per_floor":[116,126,53,69,69,98,98,78,78,109,126,126,26,26,26,26,26,135,135,172,172,191,217,217,217,249,249,271,271],"floor_reached":29,"language":"ENG","playtime":2140,"items_purged":[],"score":256,"play_id":"10a29038-34ec-4ed9-8889-200c8ae16fe9","local_time":"20210113125349","is_ascension_mode":false,"campfire_choices":[{"floor":7,"key":"REST"},{"data":"ReplayTheSpireMod:Dual Polarity","floor":17,"key":"SMITH"},{"floor":25,"key":"REST"}],"circlet_count":0,"master_deck":["Strike_B","Strike_B","Strike_B","Strike_B","Defend_B","Defend_B","Defend_B","Defend_B","Zap","Dualcast","ReplayTheSpireMod:Dual Polarity+1","Melter","Melter","Redo+1","Conserve Battery","Steam","Amplify","conspire:SpireCoStock","conspire:SpireCoStock","hubris:SpecializedCircuitry","Tempest","Ball Lightning+1","Go for the Eyes+1"],"relics":["Cracked Core","Orichalcum","Bottled Flame","hubris:Teleporter","Peace Pipe","conspire:SpecialSausage","hubris:Reverence","conspire:IceCreamScoop","conspire:BottledYoYo"],"acts_visited":["Exordium","TheCity"],"potions_floor_usage":[18,18,18],"damage_taken":[{"damage":5,"enemies":"Jaw Worm","floor":1,"turns":4},{"damage":5,"enemies":"Small Slimes","floor":2,"turns":4},{"damage":2,"enemies":"conspire:RoseBush","floor":4,"turns":3},{"damage":25,"enemies":"3 Sentries","floor":6,"turns":6},{"damage":21,"enemies":"Lagavulin","floor":10,"turns":5},{"damage":7,"enemies":"Exordium Thugs","floor":11,"turns":4},{"damage":36,"enemies":"Fading Forest","floor":18,"turns":11},{"damage":15,"enemies":"Chosen","floor":20,"turns":6},{"damage":0,"enemies":"Spheric Guardian","floor":23,"turns":1},{"damage":19,"enemies":"Snecko","floor":24,"turns":5},{"damage":24,"enemies":"Chosen and Byrds","floor":27,"turns":5},{"damage":55,"enemies":"Book of Stabbing","floor":29,"turns":6}],"seed_played":"-355204036789726287","potions_obtained":[{"floor":1,"key":"Block Potion"},{"floor":8,"key":"Doom Potion"},{"floor":11,"key":"SkillPotion"},{"floor":24,"key":"blueLaboratory:PolymorphPotion"},{"floor":27,"key":"Ancient Potion"}],"is_trial":false,"path_per_floor":["M","M","$","M","?","E","R","?","T","E","M","T","?","$","R_BF","PTL","R","B",null,"M","?","M","M","R","T","M","T","E"],"character_chosen":"DEFECT","items_purchased":["Melter"],"campfire_rested":2,"item_purchase_floors":[3],"current_hp_per_floor":[77,72,72,70,70,45,69,69,69,48,41,41,41,41,41,41,41,21,82,67,67,67,48,72,72,48,48,0,0],"gold":271,"neow_bonus":"TEN_PERCENT_HP_BONUS","is_daily":false,"chose_seed":false,"campfire_upgraded":1,"win_rate":0.0,"timestamp":1610538829,"path_taken":["M","M","$","M","?","E","R","?","T","E","?","?","?","?","R_BF","PTL","R","BOSS","M","?","M","M","R","?","M","T","E"],"items_purchased_type":["Card"],"build_version":"2020-12-22","purchased_purges":0,"victory":false,"max_hp_per_floor":[82,82,82,82,82,82,82,82,82,82,82,82,82,82,82,82,82,82,82,82,82,82,82,82,82,82,82,82,82],"card_choices":[{"not_picked":["Darkness","Barrage"],"picked":"ReplayTheSpireMod:Dual Polarity","floor":1},{"not_picked":["Streamline","Steam"],"picked":"Melter","floor":2},{"not_picked":["Cold Snap","BasicCrystalCard"],"picked":"Redo","floor":4},{"not_picked":["ReplaySort","BasicCrystalCard"],"picked":"Conserve Battery","floor":6},{"not_picked":["Hologram","Sweeping Beam"],"picked":"Steam","floor":10},{"not_picked":["Ball Lightning","Sweeping Beam"],"picked":"Amplify","floor":11},{"not_picked":["Amplify","ReplayRNGCard"],"picked":"hubris:SpecializedCircuitry","floor":18},{"not_picked":["Steam","Hologram"],"picked":"Tempest","floor":20},{"not_picked":["Coolheaded","Chaos","Leap"],"picked":"SKIP","floor":23},{"not_picked":["Consume","Panic Button+1"],"picked":"Ball Lightning+1","floor":24},{"not_picked":["Gash","Blizzard"],"picked":"Go for the Eyes+1","floor":27}],"player_experience":70381,"relics_obtained":[{"floor":6,"key":"Orichalcum"},{"floor":9,"key":"Bottled Flame"},{"floor":10,"key":"hubris:Teleporter"},{"floor":12,"key":"Peace Pipe"},{"floor":26,"key":"conspire:IceCreamScoop"},{"floor":28,"key":"conspire:BottledYoYo"}],"event_choices":[{"damage_healed":0,"gold_gain":0,"player_choice":"Grow","damage_taken":0,"max_hp_gain":0,"max_hp_loss":0,"event_name":"Living Wall","floor":5,"gold_loss":0,"cards_upgraded":["Redo"]},{"damage_healed":0,"gold_gain":0,"player_choice":"Bought 1 Potion","damage_taken":0,"max_hp_gain":0,"max_hp_loss":0,"event_name":"The Woman in Blue","floor":8,"gold_loss":0},{"damage_healed":0,"gold_gain":0,"player_choice":"Invest 2","damage_taken":0,"max_hp_gain":0,"max_hp_loss":0,"event_name":"conspire:Investor","floor":13,"gold_loss":0}],"is_beta":false,"boss_relics":[{"not_picked":["hubris:HollowSoul","Replay:Bronze Core"],"picked":"conspire:SpecialSausage"}],"items_purged_floors":[],"is_endless":false,"potions_floor_spawned":[1,11,24,27],"killed_by":"Book of Stabbing","ascension_level":0}}