{"host":"J","time":1610527393,"event":{"mods":["BaseMod","Better Third Choice","Minty Spire (QoL Compilation)","StSLib"],"gold_per_floor":[109,127,137,148,148,174,185,211,236,236,246,246,260,294,294,366,366,382,398,398,162,162,162,194,210,210,135,135,135],"floor_reached":28,"language":"ENG","playtime":946,"items_purged":["Strike_P"],"score":520,"play_id":"a378abac-99fa-4ead-baf4-8f1faff2c43a","local_time":"20210113094313","is_ascension_mode":true,"campfire_choices":[{"floor":10.0,"key":"REST"},{"floor":15.0,"key":"REST"},{"data":"Apotheosis","floor":23,"key":"SMITH"}],"circlet_count":0,"master_deck":["AscendersBane","Strike_P+1","Defend_P+1","Defend_P+1","Defend_P+1","Defend_P+1","Eruption+1","Vigilance","SandsOfTime","ThirdEye","FlurryOfBlows","Vengeance","CarveReality","Halt","Apotheosis+1","EmptyFist","Conclude","Vault","FearNoEvil","FearNoEvil","FlyingSleeves","Study","WaveOfTheHand"],"relics":["PureWater","Bag of Preparation","Question Card","Potion Belt","Strawberry","Cursed Key","OrangePellets","Art of War","Ice Cream"],"acts_visited":["Exordium","TheCity"],"potions_floor_usage":[24],"damage_taken":[{"damage":0.0,"enemies":"Small Slimes","floor":1.0,"turns":2.0},{"damage":0.0,"enemies":"Jaw Worm","floor":2.0,"turns":4.0},{"damage":3.0,"enemies":"2 Louse","floor":3.0,"turns":4.0},{"damage":6.0,"enemies":"Large Slime","floor":4.0,"turns":3.0},{"damage":22.0,"enemies":"3 Sentries","floor":6.0,"turns":10.0},{"damage":6.0,"enemies":"Exordium Wildlife","floor":7.0,"turns":4.0},{"damage":23.0,"enemies":"Lagavulin","floor":8.0,"turns":5.0},{"damage":1.0,"enemies":"2 Fungi Beasts","floor":11.0,"turns":3.0},{"damage":4.0,"enemies":"Looter","floor":13.0,"turns":3.0},{"damage":12.0,"enemies":"3 Sentries","floor":14.0,"turns":5.0},{"damage":14.0,"enemies":"The Guardian","floor":16.0,"turns":8.0},{"damage":0,"enemies":"Chosen","floor":18,"turns":3},{"damage":17,"enemies":"3 Byrds","floor":19,"turns":5},{"damage":14,"enemies":"Slavers","floor":24,"turns":4},{"damage":19,"enemies":"Snecko","floor":25,"turns":4},{"damage":14,"enemies":"Colosseum Slavers","floor":28,"turns":1}],"seed_played":"-8333988045218723081","potions_obtained":[{"floor":1.0,"key":"BottledMiracle"},{"floor":3.0,"key":"Block Potion"},{"floor":8.0,"key":"Fire Potion"},{"floor":11.0,"key":"Swift Potion"},{"floor":13.0,"key":"PowerPotion"},{"floor":16.0,"key":"Explosive Potion"},{"floor":19,"key":"BlessingOfTheForge"},{"floor":24,"key":"BottledMiracle"}],"is_trial":false,"path_per_floor":["M","M","M","M","?","E","M","E","T","R","M","?","M","E","R","B",null,"M","M","?","$","?","R","E","M","T","?","?"],"character_chosen":"WATCHER","items_purchased":["OrangePellets"],"campfire_rested":2,"item_purchase_floors":[21],"current_hp_per_floor":[61,61,58,52,52,30,24,1,1,21,20,20,16,11,33,19,61,61,44,44,44,44,44,30,11,11,11,0,0],"gold":135,"neow_bonus":"RANDOM_COMMON_RELIC","is_daily":false,"chose_seed":false,"campfire_upgraded":1,"win_rate":0.0,"timestamp":1610527393,"path_taken":["M","M","M","M","?","E","M","E","T","R","M","?","M","E","R","BOSS","M","M","?","$","?","R","E","M","T","?","?"],"items_purchased_type":["Relic"],"build_version":"2020-12-18","purchased_purges":1,"victory":false,"max_hp_per_floor":[68,68,68,68,68,68,68,68,68,68,68,68,68,75,75,75,75,75,75,75,75,75,75,75,75,75,75,75,75],"card_choices":[{"not_picked":["Prostrate","Sanctity"],"picked":"SandsOfTime","floor":1.0},{"not_picked":["BowlingBash","EmptyMind"],"picked":"ThirdEye","floor":2.0},{"not_picked":["Crescendo","Nirvana","JustLucky"],"picked":"SKIP","floor":3.0},{"not_picked":["EmptyMind","Prostrate","JustLucky"],"picked":"SKIP","floor":4.0},{"not_picked":["ReachHeaven","Evaluate"],"picked":"FlurryOfBlows","floor":6.0},{"not_picked":["ClearTheMind","EmptyMind","Adaptation"],"picked":"Vengeance","floor":7.0},{"not_picked":["Pray","Indignation","JustLucky","Alpha"],"picked":"SKIP","floor":8.0},{"not_picked":["Adaptation","Prostrate","Consecrate"],"picked":"CarveReality","floor":10.0},{"not_picked":["SashWhip","Evaluate","FlyingSleeves"],"picked":"Halt","floor":11.0},{"not_picked":["CarveReality","SignatureMove","FlurryOfBlows"],"picked":"EmptyFist","floor":13.0},{"not_picked":["LikeWater","BowlingBash","DeceiveReality"],"picked":"Conclude","floor":14.0},{"not_picked":["MasterReality","DevaForm","LessonLearned"],"picked":"Vault","floor":16.0},{"not_picked":["ClearTheMind","LikeWater","EmptyBody+1"],"picked":"FearNoEvil","floor":18},{"not_picked":["FlurryOfBlows","EmptyBody","EmptyFist"],"picked":"FearNoEvil","floor":19},{"not_picked":["SashWhip","InnerPeace","BowlingBash","FearNoEvil"],"picked":"SKIP","floor":24},{"not_picked":["Halt","Crescendo","WheelKick"],"picked":"WaveOfTheHand","floor":25}],"player_experience":1088817,"relics_obtained":[{"floor":6.0,"key":"Question Card"},{"floor":8.0,"key":"Dream Catcher"},{"floor":9.0,"key":"Potion Belt"},{"floor":14.0,"key":"Strawberry"},{"floor":24,"key":"Art of War"},{"floor":26,"key":"Ice Cream"}],"event_choices":[{"damage_healed":0.0,"max_hp_gain":0.0,"max_hp_loss":0.0,"gold_gain":0.0,"event_name":"Living Wall","player_choice":"Grow","floor":5.0,"gold_loss":0.0,"damage_taken":0.0,"cards_upgraded":["Eruption"]},{"damage_healed":20.0,"max_hp_gain":0.0,"max_hp_loss":68.0,"gold_gain":0.0,"event_name":"betterThird:BetterShining","player_choice":"Protect","floor":12.0,"gold_loss":1.0,"damage_taken":0.0},{"damage_healed":0,"gold_gain":0,"cards_transformed":["Strike_P","Strike_P"],"player_choice":"Became Test Subject","damage_taken":0,"max_hp_gain":0,"max_hp_loss":0,"event_name":"Drug Dealer","floor":20,"gold_loss":0,"cards_obtained":["FlyingSleeves","Study"]},{"damage_healed":0,"gold_gain":0,"player_choice":"Simplicity","damage_taken":0,"max_hp_gain":0,"max_hp_loss":5,"event_name":"betterThird:BetterWriting","floor":22,"gold_loss":0},{"cards_removed":["Doubt"],"damage_healed":0,"gold_gain":0,"player_choice":"Gave Gold","damage_taken":0,"max_hp_gain":0,"max_hp_loss":0,"event_name":"Beggar","floor":27,"gold_loss":75},{"damage_healed":0,"gold_gain":0,"player_choice":"Fight","damage_taken":0,"max_hp_gain":0,"max_hp_loss":0,"event_name":"Colosseum","floor":28,"gold_loss":0}],"is_beta":true,"boss_relics":[{"not_picked":["VioletLotus","SacredBark"],"picked":"Cursed Key"}],"items_purged_floors":[21],"is_endless":false,"potions_floor_spawned":[1,3,8,11,13,16,19,24,25],"killed_by":"Colosseum Slavers","ascension_level":20}}