{"host":"d1za9dvx43o9v494","time":1610566643,"event":{"mods":["2.2 Compatiblity","BaseMod","Better-Laid Plans","Colored Map","Downfall","Emptier Cage","Minty Spire (QoL Compilation)","Permanent Neow","StSLib"],"gold_per_floor":[199,216,366,366,380,392,392,392,292,324,334,234,560,113,131,236,236,236,249,265,279,118,134,134,152,236,236,136,136,136,211,231,326,326,326,342,359,371,371,371,371,386,400,125,125,151,162,193,210,210,210,238,756,756,756,756],"floor_reached":57,"language":"ENG","playtime":3778,"items_purged":["bronze:Strike","bronze:Strike","Shame","bronze:Defend"],"score":1401,"play_id":"49b323ab-89a0-425c-bfe1-427a22d4f40d","local_time":"20210113223723","is_ascension_mode":true,"campfire_choices":[{"floor":1,"key":"RECALL"},{"data":"bronze:FollowUp","floor":9,"key":"SMITH"},{"data":"bronze:SpaghettiCode","floor":12,"key":"SMITH"},{"data":"bronze:InfiniteLoop","floor":18,"key":"SMITH"},{"data":"bronze:ThunderWave","floor":28,"key":"SMITH"},{"data":"bronze:Goto","floor":30,"key":"SMITH"},{"data":"bronze:HyperBeam","floor":35,"key":"SMITH"},{"data":"bronze:ForLoop","floor":45,"key":"SMITH"},{"floor":54,"key":"REST"}],"circlet_count":0,"master_deck":["bronze:Defend","bronze:Defend","bronze:Defend+1","bronze:Replicate","bronze:Goto+1","bronze:FollowUp+1","bronze:Separator","bronze:SpaghettiCode+1","bronze:DelayedSlice+1","bronze:ChosenStrike+1","bronze:InfiniteLoop+1","bronze:ThunderWave+1","bronze:ForLoop+1","bronze:Constructor+1","bronze:HyperBeam+1","bronze:ChosenStrike","bronze:Format+1","bronze:ForLoop+1","expansioncontent:PrepareCrush+1","bronze:Philosophize+1","bronze:AlphaBuild","bronze:Boost+1","bronze:Repulsor+1"],"relics":["bronze:BronzeCore","Dead Branch","Kunai","Spirit Poop","downfall:HeartBlessingRed","downfall:HeartBlessingGreen","Old Coin","Happy Flower","Philosopher\u0027s Stone","Guardian:PocketSentry","champ:Barbells","downfall:RedIOU","downfall:HeartBlessingBlue","Toxic Egg 2","Cursed Key","HornCleat","TheAbacus","Frozen Egg 2","PreservedInsect","Anchor","champ:DeflectingBracers"],"acts_visited":["Exordium","TheCity","TheBeyond","TheEnding"],"potions_floor_usage":[14,15,15,16,16,21,22,37,38,48,56,56],"damage_taken":[{"damage":0,"enemies":"2 Louse","floor":2,"turns":3},{"damage":6,"enemies":"Jaw Worm","floor":5,"turns":4},{"damage":1,"enemies":"Cultist","floor":6,"turns":3},{"damage":19,"enemies":"Gremlin Nob","floor":10,"turns":4},{"damage":18,"enemies":"Lots of Slimes","floor":11,"turns":4},{"damage":0,"enemies":"Lagavulin","floor":13,"turns":3},{"damage":0,"enemies":"downfall:FleeingMerchant","floor":14,"turns":4},{"damage":0,"enemies":"Exordium Wildlife","floor":15,"turns":2},{"damage":17,"enemies":"ArchetypeAct1Statuses","floor":16,"turns":5},{"damage":0,"enemies":"3 Byrds","floor":19,"turns":3},{"damage":0,"enemies":"Spheric Guardian","floor":20,"turns":1},{"damage":0,"enemies":"3 Cultists","floor":21,"turns":3},{"damage":20,"enemies":"downfall:FleeingMerchant","floor":22,"turns":4},{"damage":7,"enemies":"Snake Plant","floor":23,"turns":3},{"damage":0,"enemies":"Centurion and Healer","floor":25,"turns":4},{"damage":0,"enemies":"downfall:FleeingMerchant","floor":26,"turns":2},{"damage":0,"enemies":"Snecko","floor":32,"turns":2},{"damage":7,"enemies":"downfall:Silent","floor":33,"turns":6},{"damage":4,"enemies":"Orb Walker","floor":36,"turns":2},{"damage":8,"enemies":"3 Shapes","floor":37,"turns":2},{"damage":0,"enemies":"Transient","floor":38,"turns":5},{"damage":0,"enemies":"3 Darklings","floor":42,"turns":3},{"damage":0,"enemies":"Spire Growth","floor":43,"turns":3},{"damage":0,"enemies":"Nemesis","floor":46,"turns":5},{"damage":0,"enemies":"Maw","floor":47,"turns":5},{"damage":25,"enemies":"Giant Head","floor":48,"turns":6},{"damage":0,"enemies":"Transient","floor":49,"turns":1},{"damage":0,"enemies":"downfall:Defect","floor":50,"turns":6},{"damage":77,"enemies":"downfall:CharBossMerchant","floor":52,"turns":8},{"damage":22,"enemies":"downfall:NeowBoss","floor":55,"turns":11},{"damage":27,"enemies":"downfall:NeowBossFinal","floor":56,"turns":5}],"seed_played":"-251364491577922789","potions_obtained":[{"floor":10,"key":"sneckomod:MuddlingPotion"},{"floor":11,"key":"EntropicBrew"},{"floor":19,"key":"Strength Potion"},{"floor":20,"key":"Fire Potion"},{"floor":25,"key":"sneckomod:MuddlingPotion"},{"floor":36,"key":"EssenceOfSteel"},{"floor":38,"key":"Fruit Juice"},{"floor":47,"key":"bronze:BurnAndBuffPotion"},{"floor":52,"key":"Strength Potion"}],"is_trial":false,"path_per_floor":["R","M","?","T","M","M","T","?","R","E","M","R","E","$","M","B",null,"R","M","M","M","$","M","T","M","$","?","R","?","R","T","M","B",null,"R","M","M","M","?","?","T","M","M","$","R","E","M","E","M","B",null,"E","$","R","B","B",null],"character_chosen":"THE_AUTOMATON","items_purchased":["bronze:ChosenStrike","Happy Flower","bronze:InfiniteLoop","Guardian:PocketSentry","champ:Barbells","TheAbacus","champ:DeflectingBracers","bronze:Repulsor+1"],"campfire_rested":1,"item_purchase_floors":[14,14,14,22,26,44,53,53],"current_hp_per_floor":[70,70,70,70,64,63,63,63,63,44,26,26,26,26,26,9,70,70,70,70,70,50,43,43,43,43,43,53,53,53,53,53,46,80,80,76,68,73,73,73,73,73,73,73,73,73,73,48,48,48,85,8,8,33,11,14],"gold":756,"neow_bonus":"HUNDRED_GOLD","is_daily":false,"chose_seed":false,"campfire_upgraded":7,"win_rate":0.0,"timestamp":1610566643,"path_taken":["R","M","?","?","M","M","T","?","R","E","M","R","E","$","M","BOSS","R","M","M","?","$","M","T","?","$","?","R","?","R","?","M","BOSS","R","M","M","M","?","?","T","M","M","$","R","E","?","E","M","BOSS","E","$","R","BOSS","BOSS"],"items_purchased_type":["Card","Relic","Card","Relic","Relic","Relic","Relic","Card"],"build_version":"2020-12-22","purchased_purges":4,"victory":true,"max_hp_per_floor":[70,70,70,70,70,70,70,70,70,70,70,70,70,70,70,70,70,70,70,70,70,70,70,70,70,70,70,80,80,80,80,80,80,80,80,80,80,85,85,85,85,85,85,85,85,85,85,85,85,85,85,85,85,85,85,85],"card_choices":[{"not_picked":["bronze:BitShift","bronze:Frontload"],"picked":"bronze:FollowUp","floor":2},{"not_picked":["bronze:CutThrough","bronze:BitShift"],"picked":"bronze:Separator","floor":5},{"not_picked":["bronze:Turbo","bronze:WildBeam","bronze:Backtrace"],"picked":"SKIP","floor":6},{"not_picked":["bronze:WhirlingStrike","bronze:DigitalCarnage"],"picked":"bronze:SpaghettiCode","floor":10},{"not_picked":["bronze:Fortify","bronze:DigitalCarnage"],"picked":"bronze:DelayedSlice","floor":11},{"not_picked":["bronze:Refactor","bronze:CutThrough","bronze:OilSpill"],"picked":"SKIP","floor":13},{"not_picked":["bronze:Overheat","bronze:OilSpill","bronze:ItsAFeature"],"picked":"SKIP","floor":14},{"not_picked":["bronze:BronzeOrb","bronze:BuggyMess","bronze:Separator"],"picked":"SKIP","floor":15},{"not_picked":["bronze:SpaghettiCode","bronze:InfiniteLoop"],"picked":"bronze:ThunderWave","floor":16},{"not_picked":["bronze:CutThrough","bronze:OilSpill"],"picked":"bronze:ForLoop","floor":19},{"not_picked":["bronze:Allocate","bronze:Fortify+1","bronze:BitShift"],"picked":"SKIP","floor":20},{"not_picked":["bronze:Shield","bronze:CutThrough+1"],"picked":"bronze:Constructor+1","floor":21},{"not_picked":["bronze:Fortify","bronze:FollowUp","bronze:Philosophize"],"picked":"SKIP","floor":22},{"not_picked":["bronze:Overload","bronze:Branch","bronze:Overheat+1"],"picked":"SKIP","floor":23},{"not_picked":["bronze:ChosenStrike","bronze:Invalidate","bronze:Hardcode"],"picked":"SKIP","floor":25},{"not_picked":["bronze:WildBeam","bronze:Flail+1"],"picked":"bronze:HyperBeam","floor":26},{"not_picked":["bronze:GetLatest+1","bronze:BitShift+1","bronze:DigitalCarnage"],"picked":"SKIP","floor":32},{"not_picked":["bronze:Verify","bronze:ThunderWave"],"picked":"bronze:Format+1","floor":33},{"not_picked":["bronze:Flail+1","bronze:CloningBeam","bronze:Deprecate+1"],"picked":"SKIP","floor":36},{"not_picked":["bronze:DelayedSlice+1","bronze:Frontload+1","bronze:Overheat+1"],"picked":"SKIP","floor":37},{"not_picked":["bronze:Frontload+1","bronze:BuggyMess+1"],"picked":"bronze:ForLoop+1","floor":38},{"not_picked":["expansioncontent:AwakenDeath","expansioncontent:GuardianWhirl"],"picked":"expansioncontent:PrepareCrush+1","floor":39},{"not_picked":["bronze:Safeguard+1","bronze:Flail","bronze:CutThrough"],"picked":"SKIP","floor":42},{"not_picked":["bronze:Deprecate+1","bronze:GetLatest+1"],"picked":"bronze:Philosophize+1","floor":43},{"not_picked":["bronze:CloningBeam","bronze:GetLatest+1","bronze:Flail+1"],"picked":"SKIP","floor":46},{"not_picked":["bronze:BitShift+1","bronze:DelayedGuard+1"],"picked":"bronze:AlphaBuild","floor":47},{"not_picked":["bronze:Invalidate+1","bronze:Separator"],"picked":"bronze:Boost+1","floor":48},{"not_picked":["bronze:Fortify+1","bronze:Turbo+1","bronze:GetLatest+1"],"picked":"SKIP","floor":49},{"not_picked":["bronze:FollowUp","bronze:Refactor+1","bronze:BuggyMess+1"],"picked":"SKIP","floor":52}],"player_experience":703890,"relics_obtained":[{"floor":4,"key":"Dead Branch"},{"floor":7,"key":"Kunai"},{"floor":10,"key":"Dream Catcher"},{"floor":13,"key":"Old Coin"},{"floor":31,"key":"Toxic Egg 2"},{"floor":41,"key":"HornCleat"},{"floor":46,"key":"Frozen Egg 2"},{"floor":48,"key":"PreservedInsect"},{"floor":52,"key":"Anchor"}],"event_choices":[{"cards_removed":["downfall:Icky"],"damage_healed":0,"gold_gain":0,"player_choice":"Offered Curse","damage_taken":0,"relics_obtained":["Spirit Poop"],"max_hp_gain":0,"max_hp_loss":0,"event_name":"Bonfire Elementals","floor":8,"gold_loss":0}],"is_beta":false,"boss_relics":[{"not_picked":["expansioncontent:StudyCardRelic","Fusion Hammer"],"picked":"Philosopher\u0027s Stone"},{"not_picked":["Astrolabe","Runic Dome"],"picked":"Cursed Key"}],"items_purged_floors":[14,26,44,53],"is_endless":false,"potions_floor_spawned":[10,11,19,20,25,36,38,47,52],"ascension_level":1}}