{"host":"xsuxkwaivmtd234a","time":1610552502,"event":{"mods":["BaseMod","Colored Map","Filter the Spire","Minty Spire (QoL Compilation)","Relic Stats","StSLib"],"gold_per_floor":[110,110,110,125,145,171,171,185,185,213,232,260,271,290,290,386,386,406,406,425,56,56,56,83,97,120,151,166,166,566,577,577,675,675,688,1687,1687,1739,1739,1765,1765,1131,1131,787,807,821,220,238,238,238,238,238,10,41,41],"floor_reached":56,"language":"ENG","playtime":17310,"items_purged":["Strike_R","Strike_R","Strike_R","Strike_R"],"score":1436,"play_id":"1033ff9a-cfbe-4a2f-92e3-0359afff9c7f","local_time":"20210113104142","is_ascension_mode":true,"campfire_choices":[{"data":"Bash","floor":7.0,"key":"SMITH"},{"data":"Anger","floor":15.0,"key":"SMITH"},{"data":"Shockwave","floor":23.0,"key":"SMITH"},{"data":"Fire Breathing","floor":29.0,"key":"SMITH"},{"data":"Uppercut","floor":32.0,"key":"SMITH"},{"data":"Normality","floor":41,"key":"PURGE"},{"floor":49,"key":"RECALL"},{"data":"Power Through","floor":52,"key":"SMITH"}],"circlet_count":0,"master_deck":["Strike_R","Defend_R","Defend_R+1","Defend_R","Bash+1","Shrug It Off","Cleave+1","Anger+1","Battle Trance","Shockwave+1","Corruption","Feed+1","Reaper","Armaments+1","Intimidate+1","Entrench+1","Exhume+1","Fire Breathing+1","Uppercut+1","Power Through+1","Whirlwind","Disarm","Entrench+1","Entrench","Feel No Pain","Clothesline+1","Power Through+1","Headbutt+1","Feel No Pain","Headbutt+1"],"relics":["Velvet Choker","Gremlin Horn","Mummified Hand","Darkstone Periapt","Peace Pipe","Snecko Eye","PreservedInsect","ClockworkSouvenir","Charon\u0027s Ashes","Omamori","Mercury Hourglass","Old Coin","Matryoshka","Calling Bell","Orichalcum","White Beast Statue","Ice Cream","Incense Burner","Vajra","Letter Opener","Bottled Tornado","Thread and Needle","Orrery","Bronze Scales","War Paint","Medical Kit","Potion Belt","Whetstone","Blue Candle"],"acts_visited":["TheBeyond","TheEnding"],"potions_floor_usage":[38,46,55,55,55,55,55,55,55,55,55,55],"damage_taken":[{"damage":0.0,"enemies":"Small Slimes","floor":1.0,"turns":3.0},{"damage":0.0,"enemies":"Cultist","floor":4.0,"turns":2.0},{"damage":2.0,"enemies":"2 Louse","floor":5.0,"turns":2.0},{"damage":23.0,"enemies":"Lagavulin","floor":6.0,"turns":6.0},{"damage":5.0,"enemies":"Looter","floor":8.0,"turns":2.0},{"damage":8.0,"enemies":"Gremlin Nob","floor":10.0,"turns":3.0},{"damage":0.0,"enemies":"3 Louse","floor":11.0,"turns":3.0},{"damage":9.0,"enemies":"3 Sentries","floor":12.0,"turns":2.0},{"damage":0.0,"enemies":"Lots of Slimes","floor":13.0,"turns":1.0},{"damage":13.0,"enemies":"Blue Slaver","floor":14.0,"turns":4.0},{"damage":0.0,"enemies":"Slime Boss","floor":16.0,"turns":4.0},{"damage":21.0,"enemies":"Spheric Guardian","floor":18.0,"turns":5.0},{"damage":5.0,"enemies":"3 Byrds","floor":20.0,"turns":4.0},{"damage":11.0,"enemies":"Slavers","floor":24.0,"turns":4.0},{"damage":8.0,"enemies":"3 Cultists","floor":25.0,"turns":4.0},{"damage":16.0,"enemies":"Book of Stabbing","floor":27.0,"turns":5.0},{"damage":1.0,"enemies":"Snecko","floor":28.0,"turns":4.0},{"damage":7.0,"enemies":"Colosseum Slavers","floor":30.0,"turns":3.0},{"damage":0.0,"enemies":"Colosseum Nobs","floor":30.0,"turns":4.0},{"damage":10.0,"enemies":"Snake Plant","floor":31.0,"turns":3.0},{"damage":31.0,"enemies":"Collector","floor":33.0,"turns":9.0},{"damage":6,"enemies":"Orb Walker","floor":35,"turns":4},{"damage":36,"enemies":"2 Orb Walkers","floor":38,"turns":4},{"damage":14,"enemies":"Giant Head","floor":40,"turns":7},{"damage":3,"enemies":"3 Darklings","floor":45,"turns":3},{"damage":0,"enemies":"Writhing Mass","floor":46,"turns":5},{"damage":0,"enemies":"4 Shapes","floor":48,"turns":2},{"damage":32,"enemies":"Time Eater","floor":50,"turns":17},{"damage":0,"enemies":"Shield and Spear","floor":54,"turns":6},{"damage":91,"enemies":"The Heart","floor":55,"turns":11}],"seed_played":"4372809329313889921","potions_obtained":[{"floor":5.0,"key":"LiquidMemories"},{"floor":6.0,"key":"Strength Potion"},{"floor":10.0,"key":"PowerPotion"},{"floor":12.0,"key":"DistilledChaos"},{"floor":14.0,"key":"SpeedPotion"},{"floor":18.0,"key":"BlessingOfTheForge"},{"floor":25.0,"key":"Fire Potion"},{"floor":30.0,"key":"PowerPotion"},{"floor":33.0,"key":"LiquidBronze"},{"floor":35,"key":"Fruit Juice"},{"floor":38,"key":"ColorlessPotion"},{"floor":45,"key":"PowerPotion"},{"floor":46,"key":"SteroidPotion"},{"floor":48,"key":"EntropicBrew"},{"floor":54,"key":"Weak Potion"}],"is_trial":false,"path_per_floor":["M","$","?","M","M","E","R","M","T","E","M","E","M","M","R","B",null,"M","?","M","$","?","R","E","M","T","E","M","R","?","M","R","B",null,"M","?","?","?","T","E","R","$","T","$","M","M","$","M","R","B",null,"R","$","E","B",null],"character_chosen":"IRONCLAD","items_purchased":["PreservedInsect","ClockworkSouvenir","Thread and Needle","Disarm","Orrery","Feel No Pain","War Paint","Power Through","Medical Kit","Potion Belt","EssenceOfSteel","Feel No Pain","Whetstone"],"campfire_rested":0,"item_purchase_floors":[21,21,42,42,42,44,44,47,47,47,47,53,53],"current_hp_per_floor":[80,80,80,80,78,55,55,50,50,42,42,33,33,23,23,26,86,71,71,79,79,61,61,62,69,69,57,66,66,74,73,73,49,118,117,123,118,111,111,97,97,97,97,97,115,115,115,118,118,93,126,126,126,130,46],"gold":41,"neow_bonus":"BOSS_RELIC","is_daily":false,"chose_seed":false,"campfire_upgraded":6,"win_rate":0.0,"timestamp":1610552502,"path_taken":["M","$","?","M","M","E","R","?","T","E","M","E","M","M","R","BOSS","M","?","M","$","?","R","E","M","T","E","M","R","?","M","R","BOSS","M","?","?","?","?","E","R","$","T","$","M","M","$","M","R","BOSS","R","$","E","BOSS"],"items_purchased_type":["Relic","Relic","Relic","Card","Relic","Card","Relic","Card","Relic","Relic","Potion","Card","Relic"],"build_version":"2020-12-22","purchased_purges":4,"victory":true,"max_hp_per_floor":[80,80,80,80,80,80,80,80,80,80,80,80,80,83,83,86,86,89,89,92,92,97,97,101,104,104,108,111,111,114,118,118,118,118,118,124,118,123,123,123,123,123,123,123,123,123,123,126,126,126,126,126,126,130,130],"relic_stats":{"Darkstone Periapt":6,"Gremlin Horn":[7,7],"counters":[9,59],"Blue Candle":[0],"PreservedInsect":193,"Charon\u0027s Ashes":[206],"Letter Opener":[52],"Whetstone":["Feed","Cleave"],"Orichalcum":[84],"War Paint":["Exhume","Defend_R"],"Medical Kit":[6],"Mercury Hourglass":[201],"Peace Pipe":1,"Mummified Hand":[40],"Bronze Scales":[273],"Snecko Eye":[99,106,88,101],"obtain_stats":[{"Darkstone Periapt":0,"Ice Cream":34,"Gremlin Horn":0,"Vajra":39,"Incense Burner":38,"Whetstone":53,"Bottled Tornado":40,"ClockworkSouvenir":0,"Old Coin":0,"Matryoshka":0,"Mummified Hand":0,"Potion Belt":47,"Blue Candle":54,"Velvet Choker":0,"Thread and Needle":42,"PreservedInsect":0,"Charon\u0027s Ashes":0,"Omamori":0,"Letter Opener":39,"Orichalcum":34,"War Paint":44,"Medical Kit":47,"White Beast Statue":34,"Mercury Hourglass":0,"Peace Pipe":0,"Calling Bell":34,"Bronze Scales":43,"Snecko Eye":0,"Orrery":42},{"Darkstone Periapt":0,"Ice Cream":0,"Gremlin Horn":0,"Vajra":2,"Incense Burner":2,"Whetstone":7,"Bottled Tornado":3,"ClockworkSouvenir":0,"Old Coin":0,"Matryoshka":0,"Mummified Hand":0,"Potion Belt":5,"Blue Candle":8,"Velvet Choker":0,"Thread and Needle":3,"PreservedInsect":0,"Charon\u0027s Ashes":0,"Omamori":0,"Letter Opener":2,"Orichalcum":0,"War Paint":3,"Medical Kit":5,"White Beast Statue":0,"Mercury Hourglass":0,"Peace Pipe":0,"Calling Bell":0,"Bronze Scales":3,"Snecko Eye":0,"Orrery":3},{"Darkstone Periapt":0,"Ice Cream":0,"Gremlin Horn":0,"Vajra":8,"Incense Burner":8,"Whetstone":42,"Bottled Tornado":15,"ClockworkSouvenir":0,"Old Coin":0,"Matryoshka":0,"Mummified Hand":0,"Potion Belt":23,"Blue Candle":48,"Velvet Choker":0,"Thread and Needle":15,"PreservedInsect":0,"Charon\u0027s Ashes":0,"Omamori":0,"Letter Opener":8,"Orichalcum":0,"War Paint":15,"Medical Kit":23,"White Beast Statue":0,"Mercury Hourglass":0,"Peace Pipe":0,"Calling Bell":0,"Bronze Scales":15,"Snecko Eye":0,"Orrery":15}]},"card_choices":[{"not_picked":["Flex","Infernal Blade"],"picked":"Shrug It Off","floor":1.0},{"not_picked":["Entrench","Shrug It Off"],"picked":"Cleave","floor":4.0},{"not_picked":["Havoc","Perfected Strike"],"picked":"Anger","floor":5.0},{"not_picked":["Warcry","Wild Strike"],"picked":"Battle Trance","floor":6.0},{"not_picked":["Clothesline","Headbutt"],"picked":"Shockwave","floor":8.0},{"not_picked":["Cleave","True Grit"],"picked":"Corruption","floor":10.0},{"not_picked":["Havoc","Body Slam","Rampage"],"picked":"SKIP","floor":11.0},{"not_picked":["Inflame","Havoc"],"picked":"Feed","floor":12.0},{"not_picked":["Pummel","Shockwave","Bloodletting"],"picked":"SKIP","floor":13.0},{"not_picked":["Twin Strike","Iron Wave","Body Slam"],"picked":"SKIP","floor":14.0},{"not_picked":["Barricade","Feed"],"picked":"Reaper","floor":16.0},{"not_picked":["Wild Strike","Thunderclap","Anger"],"picked":"SKIP","floor":18.0},{"not_picked":["Clash","Clothesline+1"],"picked":"Armaments+1","floor":20.0},{"not_picked":["Warcry+1","Dropkick"],"picked":"Intimidate+1","floor":24.0},{"not_picked":["Clash","Pommel Strike+1"],"picked":"Entrench+1","floor":25.0},{"not_picked":["Havoc","Flex"],"picked":"Exhume","floor":27.0},{"not_picked":["Blood for Blood","Carnage"],"picked":"Fire Breathing","floor":28.0},{"not_picked":["Headbutt","Shrug It Off"],"picked":"Uppercut","floor":30.0},{"not_picked":["Cleave","Whirlwind","Clash+1"],"picked":"SKIP","floor":31.0},{"not_picked":["Heavy Blade","Wild Strike"],"picked":"Power Through+1","floor":35},{"not_picked":["Body Slam+1","Dual Wield+1"],"picked":"Whirlwind","floor":40},{"not_picked":["Corruption","Armaments+1"],"picked":"Entrench+1","floor":42},{"not_picked":["Burning Pact+1","Infernal Blade+1"],"picked":"Entrench","floor":42},{"not_picked":["Perfected Strike","Carnage"],"picked":"Clothesline+1","floor":45},{"not_picked":["Sword Boomerang","Whirlwind+1","Hemokinesis+1"],"picked":"SKIP","floor":46},{"not_picked":["Carnage+1","Bludgeon"],"picked":"Headbutt+1","floor":48},{"not_picked":["Cleave+1","Sentinel"],"picked":"Headbutt+1","floor":54}],"player_experience":1143690,"relics_obtained":[{"floor":6.0,"key":"Gremlin Horn"},{"floor":9.0,"key":"Mummified Hand"},{"floor":10.0,"key":"Darkstone Periapt"},{"floor":12.0,"key":"Peace Pipe"},{"floor":24.0,"key":"Charon\u0027s Ashes"},{"floor":26.0,"key":"Omamori"},{"floor":27.0,"key":"Mercury Hourglass"},{"floor":30.0,"key":"Old Coin"},{"floor":30.0,"key":"Matryoshka"},{"floor":34,"key":"Orichalcum"},{"floor":34,"key":"White Beast Statue"},{"floor":34,"key":"Ice Cream"},{"floor":38,"key":"Incense Burner"},{"floor":39,"key":"Vajra"},{"floor":39,"key":"Letter Opener"},{"floor":40,"key":"Bottled Tornado"},{"floor":43,"key":"Bronze Scales"},{"floor":54,"key":"Blue Candle"}],"event_choices":[{"cards_removed":["Defend_R"],"damage_healed":0.0,"max_hp_gain":0.0,"max_hp_loss":0.0,"gold_gain":0.0,"event_name":"Purifier","player_choice":"Purged","floor":3.0,"gold_loss":0.0,"damage_taken":0.0},{"damage_healed":0.0,"max_hp_gain":0.0,"max_hp_loss":0.0,"gold_gain":0.0,"event_name":"Vampires","player_choice":"Ignored","floor":19.0,"gold_loss":0.0,"damage_taken":0.0},{"damage_healed":0.0,"max_hp_gain":5.0,"max_hp_loss":0.0,"gold_gain":0.0,"event_name":"Forgotten Altar","player_choice":"Shed Blood","floor":22.0,"gold_loss":0.0,"damage_taken":23.0},{"damage_healed":0.0,"max_hp_gain":0.0,"max_hp_loss":0.0,"gold_gain":0.0,"event_name":"Colosseum","player_choice":"Fight","floor":30.0,"gold_loss":0.0,"damage_taken":0.0},{"damage_healed":0.0,"max_hp_gain":0.0,"max_hp_loss":0.0,"gold_gain":0.0,"event_name":"Colosseum","player_choice":"Fought Nobs","floor":30.0,"gold_loss":0.0,"damage_taken":0.0},{"damage_healed":0,"gold_gain":999,"player_choice":"Gold","damage_taken":0,"max_hp_gain":0,"max_hp_loss":0,"event_name":"MindBloom","floor":36,"gold_loss":0,"cards_obtained":["Normality","Normality"]},{"damage_healed":0,"gold_gain":0,"player_choice":"Max HP","damage_taken":0,"max_hp_gain":0,"max_hp_loss":6,"event_name":"Winding Halls","floor":37,"gold_loss":0},{"damage_healed":0,"gold_gain":0,"player_choice":"Fight","damage_taken":0,"max_hp_gain":0,"max_hp_loss":0,"event_name":"Mysterious Sphere","floor":38,"gold_loss":0}],"is_beta":false,"boss_relics":[{"not_picked":["SlaversCollar","Empty Cage"],"picked":"Snecko Eye"},{"not_picked":["Philosopher\u0027s Stone","Black Star"],"picked":"Calling Bell"}],"items_purged_floors":[21,42,44,47],"is_endless":false,"potions_floor_spawned":[5,6,10,12,14,18,25,30,30,31,33,35,38,40,45,46,48,54],"ascension_level":1}}