{"host":"h26iowzi6bk5r55d","time":1610548875,"event":{"mods":["ATMod(阿瑾Mod)","Arknights The Spire","Aspiration","BaseMod","Colored Powertips","Conspire","Downfall","Hermit","KomeijiMod","Luminous","Marisa（F雨　魔理沙）","Minty Spire (QoL Compilation)","Relic Stats","Replay The Spire","RumiaBox-露米娅的神秘盒子","SIMod","StSLib","The Administrix","The Marked","TheVelvet","WarShipGirlsR/战舰少女R mod","Yakumo Yukari mod","Youmu（魂魄妖梦）","[地精首领爬塔]The Maniac","vexMod","【遗物卡牌】REMEMod","残留之物"],"gold_per_floor":[110,127,127,127,127,127,141,66,66,100,100,120,140,159,159,257,257,267,278,292,304,0,0,0,0,0,0,19,19,36,36,36,133,133,151,0,0,0,0,35,35,35,35,49,49,75,95,128,128,128],"floor_reached":51,"language":"ZHS","playtime":3857,"items_purged":["Injury"],"score":610,"play_id":"e8decde5-4ad5-400b-876c-163a04736ce3","local_time":"20210113224115","is_ascension_mode":false,"campfire_choices":[{"data":"rmod:diamondstrike","floor":11,"key":"SMITH"},{"floor":15,"key":"DIG"},{"data":"rmod:secretscript","floor":23,"key":"SMITH"},{"data":"rmod:expedition","floor":25,"key":"SMITH"},{"data":"rmod:expedition+1","floor":27,"key":"SMITH"},{"data":"rmod:expedition+2","floor":29,"key":"SMITH"},{"floor":32,"key":"REST"},{"data":"rmod:lonelyqueen","floor":41,"key":"SMITH"},{"data":"AT_DarkMatter","floor":45,"key":"SMITH"},{"data":"rmod:defend","floor":49,"key":"SMITH"}],"circlet_count":0,"master_deck":["rmod:strick","rmod:strick","rmod:strick","rmod:strick","rmod:defend","rmod:defend","rmod:defend","rmod:defend+1","rmod:basicallowance+1","rmod:maingunfire","AT_DarkMatter+1","rmod:luckystar","rmod:lonelyqueen+1","rmod:basicallowance+1","rmod:diamondstrike+1","rmod:secretscript+1","rmod:firesupport","rmod:saltedfish+1","rmod:circuitoustactics+1","rmod:unsinkable+1","rmod:slowdown+1","rmod:expedition+3","rmod:windflower+1","rmod:ridicule+1","rmod:ridicule+1","rmod:advancebysurprise+1"],"relics":["rmod:firstchargereward","REME_ComplimentaryCards","AT_ATBox","NeowsBlessing","Toxic Egg 2","PreservedInsect","AT_Kusabimaru","AT_ChloranthyRing","rmod:monthlycard","ReplayTheSpireMod:Lightbulb","Matryoshka","Runic Dome","Ccalipers","Replay:Baseball","aspiration:StickyExplosives","aspiration:FetidBarrel","FossilizedHelix"],"acts_visited":["Exordium","TheCity","TheBeyond"],"potions_floor_usage":[16,30,33,50,50,50],"damage_taken":[{"damage":0,"enemies":"Cultist","floor":1,"turns":1},{"damage":0,"enemies":"Jaw Worm","floor":2,"turns":1},{"damage":0,"enemies":"Small Slimes","floor":7,"turns":1},{"damage":14,"enemies":"Lagavulin","floor":10,"turns":6},{"damage":3,"enemies":"Blue Slaver","floor":12,"turns":2},{"damage":0,"enemies":"Large Slime","floor":13,"turns":2},{"damage":5,"enemies":"Exordium Wildlife","floor":14,"turns":3},{"damage":26,"enemies":"The Guardian","floor":16,"turns":8},{"damage":3,"enemies":"3 Byrds","floor":18,"turns":6},{"damage":0,"enemies":"2 Thieves","floor":19,"turns":1},{"damage":11,"enemies":"Shelled Parasite and Fungi","floor":20,"turns":6},{"damage":0,"enemies":"Cultist and Chosen","floor":21,"turns":6},{"damage":19,"enemies":"Snecko","floor":28,"turns":7},{"damage":11,"enemies":"3 Cultists","floor":30,"turns":5},{"damage":31,"enemies":"Champ","floor":33,"turns":8},{"damage":2,"enemies":"Orb Walker","floor":35,"turns":3},{"damage":0,"enemies":"Giant Head","floor":40,"turns":3},{"damage":0,"enemies":"3 Darklings","floor":44,"turns":4},{"damage":26,"enemies":"Nemesis","floor":46,"turns":3},{"damage":2,"enemies":"Sphere and 2 Shapes","floor":47,"turns":2},{"damage":13,"enemies":"Giant Head","floor":48,"turns":4},{"damage":0,"enemies":"Replay:Hell Engine","floor":50,"turns":10}],"seed_played":"2652535135192269638","potions_obtained":[{"floor":10,"key":"Weak Potion"},{"floor":13,"key":"LiquidMemories"},{"floor":14,"key":"Reflective Coating"},{"floor":19,"key":"DuplicationPotion"},{"floor":22,"key":"Adrenaline Potion"},{"floor":33,"key":"champ:CounterPotion"},{"floor":40,"key":"EssenceOfSteel"}],"is_trial":false,"path_per_floor":["M","M","?","?","T","?","M","$","T","E","R","M","M","M","R","B",null,"M","M","M","M","?","R","?","R","T","R","M","R","M","$","R","B",null,"M","$","?","$","?","E","R","$","T","M","R","E","M","E","R","B",null],"character_chosen":"PRAEFECT","items_purchased":["rmod:ridicule+1"],"campfire_rested":1,"item_purchase_floors":[36],"current_hp_per_floor":[75,75,75,75,81,81,81,81,81,67,67,64,64,59,59,33,81,78,78,67,67,67,67,67,67,67,67,48,48,37,37,61,30,81,79,79,79,79,79,79,79,79,79,79,79,53,51,38,38,38],"gold":128,"neow_bonus":"THREE_ENEMY_KILL","is_daily":false,"chose_seed":false,"campfire_upgraded":8,"win_rate":0.0,"timestamp":1610548875,"path_taken":["M","M","?","?","?","?","M","$","T","E","R","M","M","M","R","BOSS","M","?","M","M","?","R","?","R","T","R","M","R","M","$","R","BOSS","M","$","?","$","?","E","R","$","T","M","R","E","M","E","R","BOSS"],"items_purchased_type":["Card"],"build_version":"2020-12-22","purchased_purges":1,"victory":true,"max_hp_per_floor":[75,75,75,75,81,81,81,81,81,81,81,81,81,81,81,81,81,81,81,81,81,81,81,81,81,81,81,81,81,81,81,81,81,81,81,81,81,81,81,81,81,81,81,81,81,81,81,81,81,81],"relic_stats":{"counters":[22,92],"PreservedInsect":325,"obtain_stats":[{"AT_ChloranthyRing":15,"aspiration:StickyExplosives":43,"AT_ATBox":0,"NeowsBlessing":0,"aspiration:FetidBarrel":46,"vexMod:BerryBomb":5,"PreservedInsect":9,"Runic Dome":34,"Replay:Baseball":43,"AT_Kusabimaru":10,"Matryoshka":26,"Ccalipers":40,"rmod:firstchargereward":0,"Toxic Egg 2":4,"ReplayTheSpireMod:Lightbulb":22,"FossilizedHelix":48,"REME_ComplimentaryCards":0,"rmod:monthlycard":17},{"AT_ChloranthyRing":7,"aspiration:StickyExplosives":17,"AT_ATBox":0,"NeowsBlessing":0,"aspiration:FetidBarrel":19,"vexMod:BerryBomb":2,"PreservedInsect":3,"Runic Dome":15,"Replay:Baseball":17,"AT_Kusabimaru":4,"Matryoshka":12,"Ccalipers":17,"rmod:firstchargereward":0,"Toxic Egg 2":2,"ReplayTheSpireMod:Lightbulb":12,"FossilizedHelix":21,"REME_ComplimentaryCards":0,"rmod:monthlycard":8},{"AT_ChloranthyRing":16,"aspiration:StickyExplosives":69,"AT_ATBox":0,"NeowsBlessing":0,"aspiration:FetidBarrel":76,"vexMod:BerryBomb":2,"PreservedInsect":3,"Runic Dome":63,"Replay:Baseball":69,"AT_Kusabimaru":9,"Matryoshka":43,"Ccalipers":69,"rmod:firstchargereward":0,"Toxic Egg 2":2,"ReplayTheSpireMod:Lightbulb":43,"FossilizedHelix":82,"REME_ComplimentaryCards":0,"rmod:monthlycard":24}]},"card_choices":[{"not_picked":["rmod:victimresponsibility","rmod:aviationdawn"],"picked":"rmod:luckystar","floor":1},{"not_picked":["rmod:aluminumsupply","rmod:luckystar"],"picked":"rmod:lonelyqueen","floor":2},{"not_picked":["rmod:victimresponsibility+1","rmod:advancebysurprise+1","rmod:sl+1"],"picked":"SKIP","floor":7},{"not_picked":["rmod:smokecover+1","rmod:fletcherpendant"],"picked":"rmod:diamondstrike","floor":10},{"not_picked":["rmod:garrisonisland","rmod:slowdown+1","rmod:aviationdawn+1"],"picked":"SKIP","floor":12},{"not_picked":["rmod:firesupport","rmod:supportescort+1"],"picked":"rmod:secretscript","floor":13},{"not_picked":["rmod:diamondstrike","rmod:wolves"],"picked":"rmod:firesupport","floor":14},{"not_picked":["rmod:highspeedmaneuver+1","rmod:abidefaith"],"picked":"rmod:saltedfish+1","floor":16},{"not_picked":["rmod:intelligenceanalysis","rmod:supportescort+1"],"picked":"rmod:circuitoustactics+1","floor":18},{"not_picked":["rmod:intelligenceanalysis+1","rmod:steelsupply+1"],"picked":"rmod:unsinkable+1","floor":19},{"not_picked":["rmod:aviationdawn+1","rmod:luckystar+1","rmod:diamondstrike"],"picked":"SKIP","floor":20},{"not_picked":["rmod:steelsupply+1","rmod:victimresponsibility+1"],"picked":"rmod:tearstotiara","floor":21},{"not_picked":["rmod:intelligenceanalysis","rmod:steelsupply+1"],"picked":"rmod:slowdown+1","floor":22},{"not_picked":["rmod:capitalist+1","rmod:diamondstrike","rmod:sl+1"],"picked":"SKIP","floor":28},{"not_picked":["rmod:aviationdawn+1","rmod:robin+1"],"picked":"rmod:windflower+1","floor":30},{"not_picked":["rmod:fletcher","rmod:saltedfish+1"],"picked":"rmod:ridicule+1","floor":33},{"not_picked":["rmod:salvage+1","rmod:sl+1","rmod:victimresponsibility+1"],"picked":"SKIP","floor":35},{"not_picked":["rmod:aviationdawn+1","rmod:luckystar","rmod:unsinkable+1"],"picked":"SKIP","floor":40},{"not_picked":["rmod:slowdown+1","rmod:ring+1","rmod:aluminumsupply+1"],"picked":"SKIP","floor":44},{"not_picked":["rmod:fletcherpendant+1","rmod:diamondstrike+1"],"picked":"rmod:advancebysurprise+1","floor":46},{"not_picked":["rmod:guardianhero+1","rmod:circuitoustactics+1","rmod:supportescort+1"],"picked":"SKIP","floor":47},{"not_picked":["rmod:diaomin+1","rmod:saltedfish+1","rmod:supportescort+1"],"picked":"SKIP","floor":48}],"player_experience":385207,"relics_obtained":[{"floor":5,"key":"vexMod:BerryBomb"},{"floor":9,"key":"PreservedInsect"},{"floor":10,"key":"AT_Kusabimaru"},{"floor":15,"key":"AT_ChloranthyRing"},{"floor":22,"key":"ReplayTheSpireMod:Lightbulb"},{"floor":26,"key":"Matryoshka"},{"floor":40,"key":"Ccalipers"},{"floor":43,"key":"Replay:Baseball"},{"floor":43,"key":"aspiration:StickyExplosives"},{"floor":46,"key":"aspiration:FetidBarrel"},{"floor":48,"key":"FossilizedHelix"}],"event_choices":[{"damage_healed":0,"gold_gain":0,"player_choice":"Read","damage_taken":0,"max_hp_gain":0,"max_hp_loss":0,"event_name":"The Library","floor":24,"gold_loss":0,"cards_obtained":["rmod:expedition"]},{"cards_removed":["rmod:tearstotiara"],"damage_healed":0,"gold_gain":0,"player_choice":"Removed Attack","damage_taken":0,"max_hp_gain":0,"max_hp_loss":0,"event_name":"Falling","floor":37,"gold_loss":0}],"is_beta":false,"boss_relics":[{"not_picked":["Pandora\u0027s Box","conspire:SpecialSausage"],"picked":"rmod:monthlycard"},{"not_picked":["Cursed Key","conspire:SeveredTorchhead"],"picked":"Runic Dome"}],"items_purged_floors":[8],"is_endless":false,"potions_floor_spawned":[10,13,14,19,20,33,40,48],"ascension_level":0}}