{"host":"eejrqhjknvwl59ep","time":1610522632,"event":{"mods":["BaseMod","Downfall","Hubris","Infinite Spire","Minty Spire (QoL Compilation)","StSLib"],"gold_per_floor":[119,119,119,119,119,144,174,124,147,158,108,138,88,15,15,112,112,127,127,47,122,141,91,40,40,40,40,40,55,89,122,72,175,175,186,204,221,221,241,271,306,306,306,323,273,288,238,287,237,237],"floor_reached":51,"language":"ENG","playtime":2113,"items_purged":[],"score":957,"play_id":"58702251-fd0e-4404-bf1d-c6683694c6b5","local_time":"20210113082352","daily_mods":["SealedDeck","Heirloom","Time Dilation","Flight"],"is_ascension_mode":false,"campfire_choices":[{"data":"Slimebound:Nibble","floor":8,"key":"SMITH"},{"data":"Slimebound:GrowthPunch","floor":11,"key":"SMITH"},{"data":"Slimebound:SplitMire","floor":13,"key":"SMITH"},{"data":"Slimebound:AcidTongue","floor":15,"key":"SMITH"},{"data":"Slimebound:MassFeed","floor":23,"key":"SMITH"},{"data":"Slimebound:SpikyOuterGoop","floor":25,"key":"SMITH"},{"data":"Slimebound:RainOfGoop","floor":27,"key":"SMITH"},{"data":"Slimebound:SplitMire","floor":32,"key":"SMITH"},{"data":"Slimebound:SplitMire","floor":45,"key":"SMITH"},{"data":"Slimebound:SplitMire","floor":47,"key":"SMITH"},{"data":"Slimebound:ComboTackle","floor":49,"key":"SMITH"}],"circlet_count":0,"master_deck":["Slimebound:ComboTackle+1","Slimebound:LeadByExample+1","Slimebound:SplitMire+1","Slimebound:HungryTackle","Slimebound:RollThrough","Slimebound:RainOfGoop+1","Slimebound:SplitMire+1","Slimebound:GrowthPunch+1","Slimebound:SlimeSpikes","Slimebound:Nibble+1","Slimebound:FirmFortitude","Slimebound:SlimeSpikes","Slimebound:SplitMire+1","Slimebound:AcidTongue+1","Slimebound:MassFeed+1","Slimebound:ViciousTackle+1","Slimebound:SpikyOuterGoop+1","Slimebound:SlimeSpikes+1","Slimebound:LeechingTouch","Slimebound:MegaLick+1","Slimebound:OneTwoCombo+1","Slimebound:Recycling+1","Slimebound:SplitMire+1","Slimebound:LeechingTouch+1","Slimebound:Replication+1","Slimebound:SplitMire+1","Slimebound:SplitMire+1","Slimebound:SlimeBarrage+1","Slimebound:HauntingLick+1"],"relics":["Slimebound:AbsorbEndCombat","infinitespire:Joker Card","Slimebound:GreedOozeRelic","hubris:Towel","Bag of Preparation","Mummified Hand","Smiling Mask","Calipers","Sozu","Nloth\u0027s Gift","Molten Egg 2","Slimebound:AggressiveSlimeRelic","Coffee Dripper","Du-Vu Doll","hexamod:BolsterEngine","Anchor","infinitespire:BottledMercury","Mango"],"acts_visited":["Exordium","TheCity","TheBeyond"],"potions_floor_usage":[50],"damage_taken":[{"damage":8,"enemies":"2 Louse","floor":1,"turns":2},{"damage":28,"enemies":"Lagavulin","floor":6,"turns":4},{"damage":3,"enemies":"Gremlin Nob","floor":7,"turns":2},{"damage":14,"enemies":"Small Slimes","floor":10,"turns":2},{"damage":29,"enemies":"Lagavulin","floor":12,"turns":3},{"damage":17,"enemies":"The Guardian","floor":16,"turns":5},{"damage":4,"enemies":"Chosen","floor":18,"turns":2},{"damage":10,"enemies":"3 Byrds","floor":22,"turns":2},{"damage":4,"enemies":"Snake Plant","floor":29,"turns":2},{"damage":4,"enemies":"Gremlin Leader","floor":30,"turns":4},{"damage":8,"enemies":"Book of Stabbing","floor":31,"turns":3},{"damage":5,"enemies":"Champ","floor":33,"turns":6},{"damage":22,"enemies":"3 Darklings","floor":35,"turns":3},{"damage":18,"enemies":"Orb Walker","floor":36,"turns":3},{"damage":16,"enemies":"Maw","floor":37,"turns":4},{"damage":40,"enemies":"Transient","floor":39,"turns":5},{"damage":20,"enemies":"Giant Head","floor":40,"turns":5},{"damage":12,"enemies":"Reptomancer","floor":41,"turns":3},{"damage":17,"enemies":"3 Darklings","floor":44,"turns":2},{"damage":12,"enemies":"4 Shapes","floor":46,"turns":2},{"damage":26,"enemies":"2 Orb Walkers","floor":48,"turns":2},{"damage":70,"enemies":"Time Eater","floor":50,"turns":5}],"seed_played":"1635066373751263095","potions_obtained":[{"floor":6,"key":"Ancient Potion"},{"floor":7,"key":"Weak Potion"},{"floor":16,"key":"Ancient Potion"}],"is_trial":true,"path_per_floor":["M","?","?","?","?","E","E","R","T","M","R","E","R","$","R","B",null,"M","?","$","?","M","R","$","R","T","R","?","M","E","E","R","B",null,"M","M","M","T","M","E","E","?","T","M","R","M","R","?","R","B",null],"character_chosen":"SLIMEBOUND","items_purchased":["Slimebound:AcidTongue","Slimebound:SpikyOuterGoop","Slimebound:LeechingTouch"],"campfire_rested":0,"item_purchase_floors":[14,20,24],"current_hp_per_floor":[60,60,60,60,60,44,53,53,53,51,51,40,40,40,40,45,60,60,60,60,54,56,56,56,56,56,56,56,60,60,60,60,60,60,58,60,62,62,64,64,60,60,60,68,68,72,72,86,86,78],"gold":237,"neow_bonus":"","is_daily":false,"chose_seed":false,"campfire_upgraded":11,"win_rate":0.0,"timestamp":1610522632,"path_taken":["M","?","?","?","?","E","E","R","T","?","R","E","R","$","R","BOSS","M","?","$","?","?","R","?","R","T","R","?","M","E","E","R","BOSS","M","?","?","?","?","E","E","?","T","?","R","M","R","?","R","BOSS"],"items_purchased_type":["Card","Card","Card"],"build_version":"2020-12-22","purchased_purges":0,"victory":true,"max_hp_per_floor":[60,60,60,60,60,60,60,60,60,60,60,60,60,60,60,60,60,60,60,60,60,60,60,60,60,60,60,60,60,60,60,60,60,60,60,64,64,64,64,64,64,64,64,68,68,72,72,90,90,94],"card_choices":[{"not_picked":["Slimebound:ComboTackle","Slimebound:SplitLeeching","Slimebound:Grow"],"picked":"SKIP","floor":1},{"not_picked":["Slimebound:LeechingTouch","Slimebound:GoopSpray"],"picked":"Slimebound:FirmFortitude","floor":6},{"not_picked":["Slimebound:FlameTackle","Slimebound:SamplingLick","Slimebound:SplitAcid"],"picked":"SKIP","floor":7},{"not_picked":["Slimebound:MegaLick","Slimebound:RollThrough"],"picked":"Slimebound:SlimeSpikes","floor":10},{"not_picked":["Slimebound:DivideAndConquer","Slimebound:GrowthPunch"],"picked":"Slimebound:SplitMire","floor":12},{"not_picked":["Slimebound:Teamwork","Slimebound:OneTwoCombo"],"picked":"Slimebound:MassFeed","floor":16},{"not_picked":["Slimebound:MegaLick","Slimebound:SplitBruiser"],"picked":"Slimebound:ViciousTackle+1","floor":18},{"not_picked":["Slimebound:SplitMire","Slimebound:SlimeTap"],"picked":"Slimebound:SlimeSpikes+1","floor":22},{"not_picked":["Slimebound:ForwardTackle","Slimebound:DivideAndConquer"],"picked":"Slimebound:MegaLick+1","floor":29},{"not_picked":["Slimebound:DuplicatedForm","Slimebound:DouseInSlime"],"picked":"Slimebound:OneTwoCombo+1","floor":30},{"not_picked":["Slimebound:GrowthPunch+1","Slimebound:Replication","Slimebound:FirmFortitude"],"picked":"SKIP","floor":31},{"not_picked":["Slimebound:DuplicatedForm","Slimebound:Teamwork"],"picked":"Slimebound:Recycling","floor":33},{"not_picked":["Slimebound:ItLooksTasty+1","Slimebound:Prepare"],"picked":"Slimebound:SplitMire","floor":35},{"not_picked":["Slimebound:Replication","Slimebound:PressTheAttack+1","Slimebound:HungryTackle+1"],"picked":"SKIP","floor":36},{"not_picked":["Slimebound:Schlurp+1","Slimebound:ViciousTackle+1"],"picked":"Slimebound:LeechingTouch+1","floor":37},{"not_picked":["Slimebound:GoopSpray","Slimebound:Dissolve"],"picked":"Slimebound:Replication+1","floor":39},{"not_picked":["Slimebound:SlimeBrawl+1","Slimebound:DisruptingSlam+1"],"picked":"Slimebound:SplitMire+1","floor":40},{"not_picked":["Slimebound:Equalize+1","Slimebound:LeechEnergy+1","Slimebound:DisruptingSlam+1"],"picked":"SKIP","floor":41},{"not_picked":["Slimebound:ItLooksTasty+1","Slimebound:GoopSpray"],"picked":"Slimebound:SplitMire+1","floor":44},{"not_picked":["Slimebound:FlameTackle+1","Slimebound:HungryTackle+1"],"picked":"Slimebound:SlimeBarrage+1","floor":46},{"not_picked":["Slimebound:SlimeTap","Slimebound:LeechingTouch+1"],"picked":"Slimebound:HauntingLick+1","floor":48}],"player_experience":250655,"relics_obtained":[{"floor":6,"key":"Bag of Preparation"},{"floor":7,"key":"Mummified Hand"},{"floor":9,"key":"Smiling Mask"},{"floor":12,"key":"Calipers"},{"floor":26,"key":"hubris:DeckOfHolding"},{"floor":30,"key":"Molten Egg 2"},{"floor":31,"key":"Slimebound:AggressiveSlimeRelic"},{"floor":38,"key":"Du-Vu Doll"},{"floor":40,"key":"hexamod:BolsterEngine"},{"floor":41,"key":"Anchor"},{"floor":43,"key":"infinitespire:BottledMercury"},{"floor":48,"key":"Mango"}],"event_choices":[{"damage_healed":0,"gold_gain":0,"player_choice":"Upgraded","damage_taken":0,"max_hp_gain":0,"max_hp_loss":0,"event_name":"Upgrade Shrine","floor":5,"gold_loss":0,"cards_upgraded":["Slimebound:LeadByExample"]},{"damage_healed":0,"gold_gain":0,"player_choice":"Bought 0 Potions","damage_taken":0,"max_hp_gain":0,"max_hp_loss":0,"event_name":"The Woman in Blue","floor":19,"gold_loss":0},{"damage_healed":0,"gold_gain":75,"player_choice":"Touch","damage_taken":6,"max_hp_gain":0,"max_hp_loss":0,"event_name":"FaceTrader","floor":21,"gold_loss":0},{"damage_healed":0,"gold_gain":0,"player_choice":"Traded Relic","damage_taken":0,"relics_obtained":["Nloth\u0027s Gift"],"max_hp_gain":0,"max_hp_loss":0,"event_name":"N\u0027loth","floor":28,"relics_lost":["hubris:DeckOfHolding"],"gold_loss":0},{"damage_healed":0,"gold_gain":0,"player_choice":"Forge","damage_taken":0,"max_hp_gain":0,"max_hp_loss":0,"event_name":"Accursed Blacksmith","floor":42,"gold_loss":0,"cards_upgraded":["Slimebound:Recycling"]},{"damage_healed":0,"gold_gain":0,"player_choice":"Fight","damage_taken":0,"max_hp_gain":0,"max_hp_loss":0,"event_name":"Mysterious Sphere","floor":48,"gold_loss":0}],"is_beta":false,"boss_relics":[{"not_picked":["sneckomod:SneckoTalon","Cursed Key"],"picked":"Sozu"},{"not_picked":["infinitespire:Cupcake","hubris:GrandSneckoEye"],"picked":"Coffee Dripper"}],"items_purged_floors":[],"is_endless":false,"potions_floor_spawned":[6,7,16,30,39,41,44,48],"ascension_level":0}}