{"host":"dpbezu80jg8zk7un","time":1610535562,"event":{"mods":["BaseMod","Colored Map","Colored Powertips","Custom Start","DeckTracker","Minty Spire (QoL Compilation)","Quick Restart","StSLib","SuperFastMode"],"gold_per_floor":[112,122,122,122,122,122,451,461,461,461,493,510,530,194,194,269,269,286,211,261,273,283,312,312,312,357,369,233,247,261,281,281,281,281],"floor_reached":33,"language":"KOR","playtime":743,"items_purged":[],"score":608,"play_id":"b3b0cd18-bf72-405c-b51a-f639777171b1","local_time":"20210113195922","is_ascension_mode":true,"campfire_choices":[{"floor":6,"key":"REST"},{"data":"Battle Trance","floor":15,"key":"SMITH"},{"floor":25,"key":"REST"},{"data":"Shockwave","floor":32,"key":"SMITH"}],"circlet_count":0,"master_deck":["AscendersBane","Strike_R","Strike_R+1","Strike_R","Strike_R","Strike_R","Defend_R","Defend_R","Defend_R","Defend_R","Pommel Strike+1","Perfected Strike+1","Uppercut+1","Battle Trance+1","Flame Barrier","Carnage+1","Twin Strike+1","Double Tap","Thunderclap+1","Wild Strike+1","Iron Wave+1","Pommel Strike+1","Shockwave+1","Reckless Charge+1"],"relics":["Black Blood","NeowsBlessing","Molten Egg 2","Old Coin","Bronze Scales","CaptainsWheel","Anchor","PreservedInsect","Lantern"],"acts_visited":["Exordium","TheCity"],"potions_floor_usage":[16,21,33,33],"damage_taken":[{"damage":0.0,"enemies":"Jaw Worm","floor":1.0,"turns":1.0},{"damage":0.0,"enemies":"Small Slimes","floor":2.0,"turns":1.0},{"damage":0,"enemies":"3 Sentries","floor":7,"turns":1},{"damage":0,"enemies":"2 Louse","floor":8,"turns":2},{"damage":6,"enemies":"Gremlin Nob","floor":11,"turns":3},{"damage":3,"enemies":"Looter","floor":12,"turns":2},{"damage":8,"enemies":"Large Slime","floor":13,"turns":4},{"damage":37,"enemies":"Hexaghost","floor":16,"turns":5},{"damage":0,"enemies":"3 Byrds","floor":18,"turns":3},{"damage":0,"enemies":"2 Thieves","floor":21,"turns":4},{"damage":3,"enemies":"Snake Plant","floor":22,"turns":3},{"damage":53,"enemies":"Book of Stabbing","floor":23,"turns":5},{"damage":1,"enemies":"Snecko","floor":27,"turns":4},{"damage":0,"enemies":"Centurion and Healer","floor":29,"turns":4},{"damage":23,"enemies":"Snake Plant","floor":30,"turns":3},{"damage":21,"enemies":"3 Cultists","floor":31,"turns":5},{"damage":65,"enemies":"Collector","floor":33,"turns":7}],"seed_played":"-5211663056530669506","potions_obtained":[{"floor":8,"key":"BlessingOfTheForge"},{"floor":11,"key":"ColorlessPotion"},{"floor":13,"key":"Dexterity Potion"},{"floor":16,"key":"Regen Potion"},{"floor":18,"key":"Block Potion"},{"floor":23,"key":"Dexterity Potion"}],"is_trial":false,"path_per_floor":["M","M","?","?","?","R","E","M","T","?","E","M","M","$","R","B",null,"M","?","?","M","M","E","?","R","T","M","$","M","M","M","R","B"],"character_chosen":"IRONCLAD","items_purchased":["Double Tap","Anchor","Pommel Strike+1","Shockwave"],"campfire_rested":2,"item_purchase_floors":[14,14,28,28],"current_hp_per_floor":[74,75,52,52,26,48,54,60,60,60,60,63,61,61,61,30,64,75,75,75,75,75,34,13,37,37,48,48,60,49,40,40,0,0],"gold":281,"neow_bonus":"THREE_ENEMY_KILL","is_daily":false,"chose_seed":false,"campfire_upgraded":2,"win_rate":0.0,"timestamp":1610535562,"path_taken":["M","M","?","?","?","R","E","M","T","?","E","M","M","$","R","BOSS","M","?","?","M","M","E","?","R","T","?","$","M","?","M","R","BOSS"],"items_purchased_type":["Card","Relic","Card","Card"],"build_version":"2020-12-22","purchased_purges":0,"victory":false,"max_hp_per_floor":[75,75,75,75,75,75,75,75,75,75,75,75,75,75,75,75,75,75,75,75,75,75,75,80,80,80,80,80,80,80,80,80,80,80],"card_choices":[{"not_picked":["Armaments","Rampage"],"picked":"Pommel Strike","floor":1.0},{"not_picked":["True Grit","Body Slam"],"picked":"Perfected Strike","floor":2.0},{"not_picked":["Inflame","Warcry"],"picked":"Uppercut+1","floor":7},{"not_picked":["Clash+1","Feel No Pain"],"picked":"Battle Trance","floor":8},{"not_picked":["Clothesline+1","Bloodletting"],"picked":"Flame Barrier","floor":11},{"not_picked":["Flex","True Grit"],"picked":"Carnage+1","floor":12},{"not_picked":["Armaments","Sever Soul+1"],"picked":"Twin Strike+1","floor":13},{"not_picked":["Entrench","Battle Trance+1","Inflame"],"picked":"SKIP","floor":18},{"not_picked":["Cleave+1","Thunderclap+1","Disarm"],"picked":"SKIP","floor":21},{"not_picked":["Cleave+1","Disarm"],"picked":"Thunderclap+1","floor":21},{"not_picked":["Cleave+1","Thunderclap+1"],"picked":"Wild Strike+1","floor":22},{"not_picked":["Heavy Blade+1","Dark Embrace","Body Slam+1"],"picked":"SKIP","floor":23},{"not_picked":["Clash+1","Fire Breathing"],"picked":"Iron Wave+1","floor":27},{"not_picked":["Inflame","Entrench","Burning Pact"],"picked":"SKIP","floor":29},{"not_picked":["Body Slam+1","Heavy Blade+1"],"picked":"Reckless Charge+1","floor":30},{"not_picked":["Body Slam+1","Anger+1","Juggernaut"],"picked":"SKIP","floor":31}],"player_experience":2874935,"relics_obtained":[{"floor":7,"key":"Old Coin"},{"floor":9,"key":"Bronze Scales"},{"floor":11,"key":"CaptainsWheel"},{"floor":23,"key":"PreservedInsect"},{"floor":26,"key":"Lantern"}],"event_choices":[{"damage_healed":0.0,"max_hp_gain":0.0,"max_hp_loss":0.0,"gold_gain":0.0,"event_name":"Shining Light","player_choice":"Entered Light","floor":3.0,"gold_loss":0.0,"damage_taken":23.0,"cards_upgraded":["Perfected Strike","Strike_R"]},{"damage_healed":0,"gold_gain":0,"player_choice":"Grow","damage_taken":0,"max_hp_gain":0,"max_hp_loss":0,"event_name":"Living Wall","floor":4,"gold_loss":0,"cards_upgraded":["Pommel Strike"]},{"damage_healed":0,"gold_gain":0,"player_choice":"Success","damage_taken":26,"relics_obtained":["Molten Egg 2"],"max_hp_gain":0,"max_hp_loss":0,"event_name":"Scrap Ooze","floor":5,"gold_loss":0},{"damage_healed":0,"gold_gain":0,"player_choice":"Ignored","damage_taken":0,"max_hp_gain":0,"max_hp_loss":0,"event_name":"Liars Game","floor":10,"gold_loss":0},{"cards_removed":["Bash"],"damage_healed":0,"gold_gain":0,"player_choice":"Gave Gold","damage_taken":0,"max_hp_gain":0,"max_hp_loss":0,"event_name":"Beggar","floor":19,"gold_loss":75},{"damage_healed":0,"gold_gain":50,"player_choice":"Stole From Cult","damage_taken":0,"max_hp_gain":0,"max_hp_loss":0,"event_name":"Nest","floor":20,"gold_loss":0},{"damage_healed":0,"gold_gain":0,"player_choice":"Shed Blood","damage_taken":26,"max_hp_gain":5,"max_hp_loss":0,"event_name":"Forgotten Altar","floor":24,"gold_loss":0}],"is_beta":false,"boss_relics":[{"not_picked":["Busted Crown","Sozu"],"picked":"Black Blood"}],"items_purged_floors":[],"is_endless":false,"potions_floor_spawned":[8,11,13,16,18,23,29],"killed_by":"Collector","ascension_level":20}}