{"host":"oehe2dxjvdgux73m","time":1610554320,"event":{"mods":["AchievementEnabler","BaseMod","Colored Map","Colored Powertips","DeckTracker","Keyboard Shortcuts","Minty Spire (QoL Compilation)","Permanent Neow","Quick Restart","StSLib","SuperFastMode"],"gold_per_floor":[119,137,147,160,179,179,192,222,270,48,65,65,77,77,77,202,202,188,188,88,107,107,107,143,143,169,169,169,169],"floor_reached":28,"language":"KOR","playtime":906,"items_purged":["Defend_R","Defend_R"],"score":339,"play_id":"fe3df628-1104-44ce-8556-8ca46ed10850","local_time":"20210114011200","is_ascension_mode":true,"campfire_choices":[{"floor":6.0,"key":"REST"},{"floor":12.0,"key":"REST"},{"data":"Perfected Strike","floor":15.0,"key":"SMITH"},{"data":"Bash","floor":23.0,"key":"SMITH"}],"circlet_count":0,"master_deck":["Strike_R","Strike_R","Strike_R","Strike_R","Strike_R","Defend_R","Bash+1","Perfected Strike+1","Pommel Strike","Ghostly Armor","Shrug It Off","Shrug It Off","Second Wind","Brutality","Twin Strike+1","Pommel Strike","Wild Strike","Burning Pact+1"],"relics":["Burning Blood","Champion Belt","Sundial","Oddly Smooth Stone","Blood Vial","Golden Idol","Empty Cage","CaptainsWheel","Juzu Bracelet","Singing Bowl"],"acts_visited":["Exordium","TheCity"],"potions_floor_usage":[25],"damage_taken":[{"damage":4.0,"enemies":"Cultist","floor":1.0,"turns":3.0},{"damage":9.0,"enemies":"2 Louse","floor":2.0,"turns":3.0},{"damage":11.0,"enemies":"Jaw Worm","floor":3.0,"turns":4.0},{"damage":35.0,"enemies":"Gremlin Gang","floor":4.0,"turns":5.0},{"damage":7.0,"enemies":"Looter","floor":5.0,"turns":4.0},{"damage":8.0,"enemies":"3 Louse","floor":7.0,"turns":4.0},{"damage":28.0,"enemies":"Gremlin Nob","floor":8.0,"turns":4.0},{"damage":15.0,"enemies":"Exordium Wildlife","floor":11.0,"turns":5.0},{"damage":0.0,"enemies":"Blue Slaver","floor":13.0,"turns":3.0},{"damage":27.0,"enemies":"The Guardian","floor":16.0,"turns":12.0},{"damage":22.0,"enemies":"2 Thieves","floor":18.0,"turns":4.0},{"damage":16.0,"enemies":"3 Byrds","floor":21.0,"turns":7.0},{"damage":17.0,"enemies":"Slavers","floor":24.0,"turns":8.0},{"damage":0,"enemies":"Shelled Parasite and Fungi","floor":25,"turns":1},{"damage":44,"enemies":"Gremlin Leader","floor":28,"turns":2}],"seed_played":"7830421901363053221","potions_obtained":[{"floor":3.0,"key":"SmokeBomb"},{"floor":8.0,"key":"DistilledChaos"},{"floor":11.0,"key":"Explosive Potion"},{"floor":16.0,"key":"LiquidMemories"},{"floor":21.0,"key":"HeartOfIron"}],"is_trial":false,"path_per_floor":["M","M","M","M","M","R","M","E","T","$","M","R","M","?","R","B",null,"M","?","$","M","?","R","E","M","T","?","E"],"character_chosen":"IRONCLAD","items_purchased":["Blood Vial"],"campfire_rested":2,"item_purchase_floors":[10],"current_hp_per_floor":[53,50,45,16,15,39,37,15,15,15,8,32,40,40,40,21,61,47,47,47,39,39,39,30,38,38,38,0,0],"gold":169,"neow_bonus":"ONE_RARE_RELIC","is_daily":false,"chose_seed":false,"campfire_upgraded":2,"win_rate":0.0,"timestamp":1610554320,"path_taken":["M","M","?","M","M","R","M","E","T","$","M","R","M","?","R","BOSS","M","?","$","?","?","R","E","M","T","?","E"],"items_purchased_type":["Relic"],"build_version":"2020-12-22","purchased_purges":2,"victory":false,"max_hp_per_floor":[80,80,80,80,80,80,80,80,80,80,80,80,80,74,74,74,74,74,74,74,74,74,74,74,74,74,74,74,74],"card_choices":[{"not_picked":["Iron Wave","Seeing Red"],"picked":"Inflame","floor":1.0},{"not_picked":["Armaments","Wild Strike"],"picked":"Perfected Strike","floor":2.0},{"not_picked":["Flame Barrier","Perfected Strike"],"picked":"Pommel Strike","floor":3.0},{"not_picked":["Bloodletting","True Grit"],"picked":"Ghostly Armor","floor":4.0},{"not_picked":["Heavy Blade","Clash","Ghostly Armor"],"picked":"SKIP","floor":5.0},{"not_picked":["Armaments","Dropkick"],"picked":"Shrug It Off","floor":7.0},{"not_picked":["Fire Breathing","Inflame"],"picked":"Shrug It Off","floor":8.0},{"not_picked":["Fiend Fire","Heavy Blade"],"picked":"Second Wind","floor":11.0},{"not_picked":["Second Wind","Infernal Blade","Cleave"],"picked":"SKIP","floor":13.0},{"not_picked":["Immolate","Limit Break"],"picked":"Brutality","floor":16.0},{"not_picked":["Ghostly Armor","Metallicize+1"],"picked":"Twin Strike+1","floor":18.0},{"not_picked":["Perfected Strike","Dark Embrace"],"picked":"Wild Strike","floor":21.0},{"not_picked":["Armaments","Twin Strike"],"picked":"Burning Pact+1","floor":24.0}],"player_experience":166236,"relics_obtained":[{"floor":8.0,"key":"Sundial"},{"floor":9.0,"key":"Oddly Smooth Stone"},{"floor":24.0,"key":"CaptainsWheel"},{"floor":26,"key":"Juzu Bracelet"}],"event_choices":[{"damage_healed":0.0,"max_hp_gain":0.0,"max_hp_loss":6.0,"gold_gain":0.0,"event_name":"Golden Idol","player_choice":"Lose Max HP","floor":14.0,"gold_loss":0.0,"damage_taken":0.0,"relics_obtained":["Golden Idol"]},{"damage_healed":0.0,"max_hp_gain":0.0,"max_hp_loss":0.0,"gold_gain":0.0,"event_name":"Duplicator","player_choice":"Copied","floor":19.0,"gold_loss":0.0,"damage_taken":0.0,"cards_obtained":["Pommel Strike"]},{"damage_healed":0.0,"max_hp_gain":0.0,"max_hp_loss":0.0,"gold_gain":0.0,"event_name":"Vampires","player_choice":"Ignored","floor":22.0,"gold_loss":0.0,"damage_taken":0.0},{"damage_healed":0,"gold_gain":0,"player_choice":"Opened","damage_taken":0,"relics_obtained":["Singing Bowl"],"max_hp_gain":0,"max_hp_loss":0,"event_name":"The Mausoleum","floor":27,"gold_loss":0}],"is_beta":false,"boss_relics":[{"not_picked":["Coffee Dripper","Busted Crown"],"picked":"Empty Cage"}],"items_purged_floors":[10,20],"is_endless":false,"potions_floor_spawned":[3,8,11,16,21,25],"killed_by":"Gremlin Leader","ascension_level":8}}