{"host":"v9ordiuf4xzdpttp","time":1610507139,"event":{"mods":["AchievementEnabler","Act Like it!","AlwaysNeverKeys","Aspiration","Bard","Bartender","BaseMod","Better Third Choice","Better Vampires","BetterRewards","CCEM","Colored Map","Conspire","Dio Mod","Downfall","Energized Spire","Filter the Spire","Gold Saver","GungeonMod","Halation","Hubris","Hunter ??","Infinite Spire","Ironclad Rager","Jedi Mod","Marked Mod","Melee Mod","Minty Spire (QoL Compilation)","Pale of the Ancients","Remove Card Discount Mod","Replay The Spire","Robot Space Explorer","SOS???????","Shop Mod","Small Relic Pack","Somnambulant","Spicy Shops","StSLib","The Bladedancer","The Bug Knight","The Construct","The Death Knight","The Exalted","The Hayseed","The Hierophant","The Jungle","The Mystic","The Runesmith","The Saiyan","The Senshi","The Servant 0.9.4","The Wild Card","TheBandit","vexMod","??????REMEMod"],"gold_per_floor":[119,119,137,148,7,7,17,17,44,44,71,83,111,122,122,221,221,241,251,36,36,56,56,69,88,140,175,117,137,137,137,137,137,137],"floor_reached":33,"language":"ENG","playtime":2463,"items_purged":[],"score":329,"play_id":"f9d02828-8638-4c70-8294-62cc4f9af9c7","local_time":"20210112220539","is_ascension_mode":false,"campfire_choices":[{"data":"theWildCard:Desolation","floor":6.0,"key":"SMITH"},{"floor":8.0,"key":"REST"},{"data":"DeathKnight:FesteringStrike","floor":10.0,"key":"SMITH"},{"floor":15.0,"key":"REST"},{"floor":23.0,"key":"REST"},{"floor":30,"key":"REST"},{"floor":32,"key":"DIG"}],"circlet_count":0,"master_deck":["DeathKnight:Strike_DeathKnight","DeathKnight:Strike_DeathKnight","DeathKnight:Strike_DeathKnight","DeathKnight:Strike_DeathKnight","DeathKnight:Strike_DeathKnight","DeathKnight:Defend_DeathKnight","DeathKnight:Defend_DeathKnight","DeathKnight:Defend_DeathKnight","DeathKnight:Defend_DeathKnight","DeathKnight:Defend_DeathKnight","DeathKnight:RuneTap","DeathKnight:RuneStrike","DeathKnight:SindragosasBreath","theWildCard:Desolation+1","DeathKnight:MindFreeze","DeathKnight:FesteringStrike+1","DeathKnight:Parry","DeathKnight:Contagion","DeathKnight:UnholyFrenzy","DeathKnight:Ossuary","DeathKnight:DancingRuneblade","DeathKnight:DeathStrike","Pot Of Greed","Pot Of Greed","DeathKnight:Rot","DeathKnight:Contagion","Pot Of Greed","DeathKnight:Defile","DeathKnight:GargoyleSkin","DeathKnight:DancingRuneblade","DeathKnight:DeathRune","DeathKnight:Pestilence","DeathKnight:BloodBoil","DeathKnight:Parry","DeathKnight:FrosPresence","DeathKnight:BladedArmor+1"],"relics":["DeathKnight:BrokenRuneblade","REME_ComplimentaryCards","halation:PrussianBluePaint","conspire:Flyswatter","Grinning Jar","conspire:SpecialSausage","CCEMRelics:JestersCrown","Protect_Vest","CeramicFish","DemoMod:GlassGuonStoneRelic","hubris:BottledHeart","Akabeko"],"acts_visited":["Exordium","TheCity"],"potions_floor_usage":[27,27],"damage_taken":[{"damage":0.0,"enemies":"Jaw Worm","floor":1.0,"turns":1.0},{"damage":0.0,"enemies":"Cultist","floor":3.0,"turns":3.0},{"damage":0.0,"enemies":"2 Louse","floor":4.0,"turns":1.0},{"damage":23.0,"enemies":"conspire:2 RoseBushes","floor":7.0,"turns":4.0},{"damage":20.0,"enemies":"Lagavulin","floor":11.0,"turns":6.0},{"damage":21.0,"enemies":"Lots of Slimes","floor":12.0,"turns":4.0},{"damage":0.0,"enemies":"3 Sentries","floor":13.0,"turns":1.0},{"damage":9.0,"enemies":"3 Louse","floor":14.0,"turns":3.0},{"damage":57.0,"enemies":"The Guardian","floor":16.0,"turns":6.0},{"damage":29.0,"enemies":"Spheric Guardian","floor":18.0,"turns":4.0},{"damage":6.0,"enemies":"2 Thieves","floor":19.0,"turns":2.0},{"damage":11.0,"enemies":"Snecko","floor":22.0,"turns":4.0},{"damage":8.0,"enemies":"Chosen and Byrds","floor":24.0,"turns":4.0},{"damage":42.0,"enemies":"Snake Plant","floor":25.0,"turns":4.0},{"damage":6,"enemies":"conspire:SneckoGhost","floor":27,"turns":7},{"damage":9,"enemies":"Shelled Parasite and Fungi","floor":29,"turns":4},{"damage":1,"enemies":"conspire:MysteriousRune","floor":33,"turns":5}],"seed_played":"-843241216834765384","potions_obtained":[{"floor":1.0,"key":"Guardian:BlockOnCardUsePotion"},{"floor":2.0,"key":"BlessingOfTheForge"},{"floor":2.0,"key":"jedi:tentaclejuice"},{"floor":4.0,"key":"REME_GoldPotion"},{"floor":7.0,"key":"FairyPotion"},{"floor":12.0,"key":"DeathKnight:PlagueVial"},{"floor":19.0,"key":"PowerPotion"},{"floor":22.0,"key":"Block Potion"},{"floor":24.0,"key":"Adrenaline Potion"}],"is_trial":false,"path_per_floor":["M","?","M","M","$","R","M","R","T","R","E","M","E","M","R","B",null,"M","M","$","?","M","R","M","M","T","E","?","M","R","?","R_BF","B"],"character_chosen":"DEATH_KNIGHT","items_purchased":["DeathKnight:Contagion","DeathKnight:UnholyFrenzy","DeathKnight:Ossuary","CCEMRelics:JestersCrown","DeathKnight:DeathRune"],"campfire_rested":4,"item_purchase_floors":[5,5,5,20,20],"current_hp_per_floor":[75,75,75,75,75,75,52,74,74,74,54,33,33,24,46,16,75,46,40,40,40,36,58,50,15,15,16,36,27,49,1,1,0,0],"gold":137,"neow_bonus":"ONE_RANDOM_RARE_CARD","is_daily":false,"chose_seed":false,"campfire_upgraded":2,"win_rate":0.0,"timestamp":1610507139,"path_taken":["M","?","M","?","$","R","M","R","T","R","E","M","E","M","R","BOSS","M","M","$","?","M","R","?","?","T","E","?","M","R","?","R_BF","BOSS"],"items_purchased_type":["Card","Card","Card","Relic","Card"],"build_version":"2020-12-22","purchased_purges":0,"victory":false,"max_hp_per_floor":[75,75,75,75,75,75,75,75,75,75,75,75,75,75,75,75,75,75,75,75,75,75,75,75,75,75,75,75,75,75,1,1,1,1],"card_choices":[{"not_picked":["DeathKnight:DeathStrike","DeathKnight:Runeguard"],"picked":"DeathKnight:MindFreeze","floor":1.0},{"not_picked":["DeathKnight:RuneShock","DeathKnight:GargoyleSkin"],"picked":"DeathKnight:FesteringStrike","floor":3.0},{"not_picked":["DeathKnight:GargoyleSkin","DeathKnight:MindFreeze"],"picked":"DeathKnight:Parry","floor":4.0},{"not_picked":["DeathKnight:RunicCorruption","DeathKnight:ShatteringStrikes"],"picked":"DeathKnight:DancingRuneblade","floor":7.0},{"not_picked":["DeathKnight:ChainsOfIce","DeathKnight:Contagion"],"picked":"DeathKnight:DeathStrike","floor":11.0},{"not_picked":["DeathKnight:Hemostasis","DeathKnight:FoulBulwark","DeathKnight:FrosPresence"],"picked":"SKIP","floor":12.0},{"not_picked":["DeathKnight:WraithWalk","DeathKnight:FrosPresence"],"picked":"DeathKnight:Rot","floor":13.0},{"not_picked":["DeathKnight:FrosPresence","DeathKnight:BladedArmor"],"picked":"DeathKnight:Contagion","floor":14.0},{"not_picked":["DeathKnight:VampiricBlood","DeathKnight:RunicDetonation"],"picked":"DeathKnight:Defile","floor":16.0},{"not_picked":["DeathKnight:UnholyFrenzy+1","DeathKnight:HartStrike"],"picked":"DeathKnight:GargoyleSkin","floor":18.0},{"not_picked":["DeathKnight:UnholyFrenzy","DeathKnight:Parry+1"],"picked":"DeathKnight:DancingRuneblade","floor":19.0},{"not_picked":["DeathKnight:BoneSpear","DeathKnight:PathOfFrost+1"],"picked":"DeathKnight:Pestilence","floor":22.0},{"not_picked":["DeathKnight:WraithWalk","DeathKnight:MindFreeze"],"picked":"DeathKnight:BloodBoil","floor":24.0},{"not_picked":["DeathKnight:RunicCorruption","DeathKnight:ScourgeStrike"],"picked":"DeathKnight:Parry","floor":25.0},{"not_picked":["DeathKnight:ScourgeStrike","DeathKnight:BloodTap"],"picked":"DeathKnight:FrosPresence","floor":27},{"not_picked":["DeathKnight:DeathGrip","DeathKnight:RaiseAlly"],"picked":"DeathKnight:BladedArmor+1","floor":29}],"player_experience":268580,"relics_obtained":[{"floor":9.0,"key":"halation:PrussianBluePaint"},{"floor":11.0,"key":"conspire:Flyswatter"},{"floor":13.0,"key":"Grinning Jar"},{"floor":26,"key":"Protect_Vest"},{"floor":27,"key":"CeramicFish"},{"floor":32,"key":"Akabeko"}],"event_choices":[{"damage_healed":0.0,"max_hp_gain":0.0,"max_hp_loss":0.0,"gold_gain":0.0,"event_name":"Lab","player_choice":"Got Potions","floor":2.0,"gold_loss":0.0,"damage_taken":0.0},{"damage_healed":0.0,"max_hp_gain":0.0,"max_hp_loss":0.0,"gold_gain":0.0,"event_name":"NoteForYourself","player_choice":"Ignored","floor":21.0,"gold_loss":0.0,"damage_taken":0.0}],"is_beta":false,"boss_relics":[{"not_picked":["Velvet Choker","REME_DemonsWealth"],"picked":"conspire:SpecialSausage"}],"items_purged_floors":[],"is_endless":false,"potions_floor_spawned":[1,3,4,7,12,19,22,24],"killed_by":"conspire:MysteriousRune","ascension_level":0}}