{"host":"7bzprrpqr2usgpra","time":1610514320,"event":{"mods":["ATMod(°¢èªMod)","BaseMod","BetterRewards","Dota2Spire","HololiveMod","Lobotomy","Minty Spire (QoL Compilation)","MostiFishMod","Quick Restart","Spicy Shops","StSLib","TestMod","TheWitcher","[IsaacMod]ÒÔÈö¼âËþ","¡¾ÒÅÎï¿¨ÅÆ¡¿REMEMod"],"gold_per_floor":[111,111,27,37,47,71,81,155,155,155,169,188,217,45,45,118,118,128,527,527,347,347,379,379,193,193,193,193,206,206,217,217,293,293,302,302,314,271,285,315,315,345,420,454,471,471,492,507,507,507,507,507,507,541,607],"floor_reached":56,"language":"ZHS","playtime":5071,"items_purged":["Strike_G","Defend_G","Defend_G","Defend_G","Defend_G+1"],"score":2967,"play_id":"bc8cfd67-c63f-40b3-a7b1-58f04461a4c4","local_time":"20210113130520","is_ascension_mode":true,"campfire_choices":[{"floor":15,"key":"REST"},{"data":"AT_EssenceShift","floor":24,"key":"SMITH"},{"data":"EpicFetus","floor":28,"key":"SMITH"},{"floor":30,"key":"RECALL"},{"floor":32,"key":"REST"},{"data":"Acrobatics","floor":46,"key":"SMITH"},{"data":"Outmaneuver","floor":49,"key":"SMITH"},{"data":"Blade Dance","floor":52,"key":"SMITH"}],"circlet_count":0,"master_deck":["AscendersBane","Strike_G","Strike_G","Strike_G","Defend_G","Survivor+1","Neutralize","EpicFetus+1","Dagger Spray","Acrobatics+1","AT_EssenceShift+1","Cloak And Dagger","Cloak And Dagger","Blade Dance+1","AT_WindFlip","Blade Dance+1","Outmaneuver+1","PiercingWail"],"relics":["AT_ATBox","HushsDoor","REME_ComplimentaryCards","DaveBox","Membership Card","MoneyPower","testmod-ThousandKnives","testmod-DreamHouse","Happy Flower","Lantern","SynthV:TestCard","testmod-Charity","Dota2Spire:ArmletOfMordiggian","AT_SpeedBoots","testmod-TheFather","Dota2Spire:UrnOfShadows","AT_TrinityForce","GuppysTail","GuppysPaw","BFFS","Frozen Egg 2","Dota2Spire:Desolator","Ninja Scroll","AT_BladeRuinedKing","AT_ForceNature","Hololive_Finger","SteamSale","testmod-BalancedPeriapt","Bottled Flame","SalivaCoin","Bottled Lightning","REME_CardOfGreed","BirthdayGift-Icosahedron","Bird Faced Urn","Boot","DaCapo","Mercury Hourglass","Blood Vial","Ancient Tea Set","AT_RedTearstoneRing","War Paint","testmod-Antiphasic","ClockworkSouvenir","Art of War","AT_ChloranthyRing"],"acts_visited":["Exordium","TheCity","TheBeyond","TheEnding"],"potions_floor_usage":[55,55],"damage_taken":[{"damage":0,"enemies":"Cultist","floor":1,"turns":4},{"damage":0,"enemies":"Small Slimes","floor":4,"turns":4},{"damage":0,"enemies":"Jaw Worm","floor":5,"turns":3},{"damage":0,"enemies":"Lagavulin","floor":6,"turns":5},{"damage":13,"enemies":"Blue Slaver","floor":7,"turns":3},{"damage":2,"enemies":"Red Slaver","floor":11,"turns":3},{"damage":4,"enemies":"3 Louse","floor":12,"turns":3},{"damage":4,"enemies":"3 Sentries","floor":13,"turns":4},{"damage":27,"enemies":"The Guardian","floor":16,"turns":6},{"damage":0,"enemies":"3 Byrds","floor":18,"turns":2},{"damage":0,"enemies":"Book of Stabbing","floor":23,"turns":2},{"damage":0,"enemies":"2 Thieves","floor":29,"turns":1},{"damage":0,"enemies":"Centurion and Healer","floor":31,"turns":1},{"damage":17,"enemies":"Collector","floor":33,"turns":4},{"damage":0,"enemies":"Orb Walker","floor":35,"turns":1},{"damage":2,"enemies":"3 Shapes","floor":37,"turns":1},{"damage":0,"enemies":"Sphere and 2 Shapes","floor":39,"turns":2},{"damage":0,"enemies":"Reptomancer","floor":40,"turns":2},{"damage":0,"enemies":"Giant Head","floor":42,"turns":2},{"damage":0,"enemies":"Nemesis","floor":44,"turns":2},{"damage":0,"enemies":"Jaw Worm Horde","floor":45,"turns":1},{"damage":4,"enemies":"4 Shapes","floor":47,"turns":1},{"damage":0,"enemies":"3 Darklings","floor":48,"turns":1},{"damage":0,"enemies":"Awakened One","floor":50,"turns":2},{"damage":0,"enemies":"Shield and Spear","floor":54,"turns":2},{"damage":90,"enemies":"Delirium","floor":55,"turns":9}],"seed_played":"-2576343801377863604","potions_obtained":[{"floor":7,"key":"Dexterity Potion"},{"floor":12,"key":"Ancient Potion"}],"is_trial":false,"path_per_floor":["M","?","$","M","M","E","M","?","T","?","M","M","E","$","R","B",null,"M","?","?","$","?","E","R","$","T","?","R","M","R","M","R","B",null,"M","?","M","$","M","E","$","E","T","E","M","R","M","M","R","B",null,"R","$","E","B",null],"character_chosen":"THE_SILENT","items_purchased":["testmod-Charity","Dota2Spire:UrnOfShadows","Cloak And Dagger","Finesse","GuppysTail","GuppysPaw","Storm of Steel","BFFS","Frozen Egg 2","Ninja Scroll","AT_BladeRuinedKing","Magnetism+1","Glass Knife","MostiFishMod:InvigoratingSolution","Discovery","SteamSale","REME_AllRoundStrike","testmod-BalancedPeriapt","Bottled Flame","SalivaCoin","REME_CardOfGreed","BirthdayGift-Icosahedron","Bird Faced Urn","Boot","DaCapo","Mercury Hourglass","Terror","Backstab","Jack Of All Trades","AT_RedTearstoneRing","War Paint","testmod-Antiphasic","ClockworkSouvenir","Art of War","testmod-TemporaryDeletion+1"],"campfire_rested":2,"item_purchase_floors":[3,14,14,14,17,17,17,21,21,25,25,34,34,34,34,38,38,38,38,38,41,41,41,41,41,41,41,41,41,53,53,53,53,53,53],"current_hp_per_floor":[59,59,59,60,61,62,50,40,40,40,39,36,33,33,55,43,57,66,67,67,67,47,53,53,53,53,51,51,55,55,62,90,92,94,97,97,99,99,101,101,101,101,101,101,101,101,101,101,101,101,101,101,101,101,101],"gold":607,"neow_bonus":"BOSS_RELIC","is_daily":false,"chose_seed":false,"campfire_upgraded":5,"win_rate":0.0,"timestamp":1610514320,"path_taken":["M","?","$","M","M","E","?","?","T","?","M","M","E","?","R","BOSS","M","?","?","$","?","E","R","?","T","?","R","?","R","M","R","BOSS","M","?","?","?","M","E","$","E","T","E","M","R","M","M","R","BOSS","R","$","E","BOSS"],"items_purchased_type":["Relic","Relic","Card","Card","Relic","Relic","Card","Relic","Relic","Relic","Relic","Card","Card","Card","Card","Relic","Card","Relic","Relic","Relic","Relic","Relic","Relic","Relic","Card","Relic","Card","Card","Card","Relic","Relic","Relic","Relic","Relic","Card"],"build_version":"2020-12-22","purchased_purges":5,"victory":true,"max_hp_per_floor":[66,66,66,67,68,69,70,71,71,71,72,73,74,74,74,86,62,71,72,72,72,77,83,83,83,83,83,83,87,87,94,94,113,94,97,97,101,101,101,101,101,101,101,101,101,101,101,101,101,101,101,101,101,101,101],"card_choices":[{"not_picked":[],"picked":"EpicFetus","floor":0},{"not_picked":["Caltrops","Backflip"],"picked":"Dagger Spray","floor":1},{"not_picked":["AT_TwilightShroud","Backflip","MostiFishMod:PerfectParry","Outmaneuver"],"picked":"Acrobatics","floor":4},{"not_picked":["Crippling Poison","Acrobatics","Concentrate","Eviscerate"],"picked":"Heel Hook","floor":5},{"not_picked":["Flying Knee","Skewer","AT_Desolate","Dodge and Roll"],"picked":"AT_ArcaneSupremacy","floor":6},{"not_picked":["Quick Slash","Acrobatics","Backflip","AT_TwilightShroud"],"picked":"AT_WindRun","floor":7},{"not_picked":["Backflip","MostiFishMod:ThornCasing","PiercingWail","Underhanded Strike"],"picked":"Flechettes","floor":11},{"not_picked":["Deadly Poison","Quick Slash","Endless Agony","Flying Knee"],"picked":"Cloak And Dagger","floor":12},{"not_picked":["Dagger Spray","Dagger Throw","Well Laid Plans","Unload"],"picked":"Adrenaline","floor":13},{"not_picked":["REME_SpectralBlade","Venomology","Unload","MostiFishMod:Wind"],"picked":"After Image","floor":16},{"not_picked":["Concentrate","Slice","Setup","Blur"],"picked":"Blade Dance","floor":18},{"not_picked":["Concentrate","Bane+1","AT_TinkerSharpsword","Eviscerate"],"picked":"AT_WindFlip","floor":23},{"not_picked":["Dagger Spray+1","Noxious Fumes+1","Deadly Poison","Slice+1"],"picked":"AT_ShadowStep","floor":29},{"not_picked":["Backflip","Predator","AT_ShadowStep","MostiFishMod:PerfectParry"],"picked":"AT_KneejerkReflex+1","floor":31},{"not_picked":["MostiFishMod:SpreadingSpore","AT_MyraUnstableElement","REME_SpectralBlade","Glass Knife"],"picked":"Venomology","floor":33},{"not_picked":["Skewer+1","Finisher","Backflip","Escape Plan+1"],"picked":"AT_FocusSwordFire","floor":35},{"not_picked":["Deflect","MostiFishMod:PreservedThorns","Quick Slash","Flying Knee+1"],"picked":"AT_Desolate+1","floor":37},{"not_picked":["Quick Slash","Dodge and Roll","Backflip","Dagger Throw"],"picked":"Finisher","floor":39},{"not_picked":["Poisoned Stab","Slice+1","Backflip","AT_WindFlip"],"picked":"Blade Dance+1","floor":40},{"not_picked":["Finisher","MostiFishMod:Dislodge","All Out Attack","Deadly Poison"],"picked":"MostiFishMod:HiddenBlade","floor":42},{"not_picked":["Reflex+1","Prepared+1","Endless Agony","Flying Knee"],"picked":"Heel Hook","floor":44},{"not_picked":["Prepared+1","Escape Plan","MostiFishMod:FrostNova","Blur"],"picked":"Choke","floor":45},{"not_picked":["AT_Desolate+1","Eviscerate","Deflect","Heel Hook","Terror"],"picked":"SKIP","floor":47},{"not_picked":["Reflex","REME_GreenPollution+1","Backstab+1","PiercingWail"],"picked":"Outmaneuver","floor":48},{"not_picked":["Blade Dance","MostiFishMod:HiddenBlade","AT_WindFlip","Prepared"],"picked":"PiercingWail","floor":54}],"player_experience":244550,"relics_obtained":[{"floor":1,"key":"SynthV:TestCard"},{"floor":6,"key":"Dota2Spire:ArmletOfMordiggian"},{"floor":9,"key":"AT_SpeedBoots"},{"floor":13,"key":"testmod-TheFather"},{"floor":23,"key":"Dota2Spire:Desolator"},{"floor":26,"key":"AT_ForceNature"},{"floor":40,"key":"Bottled Lightning"},{"floor":42,"key":"Blood Vial"},{"floor":44,"key":"Ancient Tea Set"},{"floor":54,"key":"AT_ChloranthyRing"}],"event_choices":[{"damage_healed":0,"gold_gain":0,"player_choice":"Leave","damage_taken":0,"max_hp_gain":0,"max_hp_loss":0,"event_name":"The Cleric","floor":2,"gold_loss":0},{"damage_healed":0,"gold_gain":75,"player_choice":"Gather Gold","damage_taken":11,"max_hp_gain":0,"max_hp_loss":0,"event_name":"World of Goop","floor":8,"gold_loss":0},{"damage_healed":0,"gold_gain":400,"player_choice":"Sell","damage_taken":0,"max_hp_gain":0,"max_hp_loss":0,"event_name":"¶÷ÂåË¹µÄÅÌ×Ó","floor":19,"relics_lost":["testmod-TestBox"],"gold_loss":0},{"damage_healed":0,"gold_gain":0,"player_choice":"Ignored","damage_taken":0,"max_hp_gain":0,"max_hp_loss":0,"event_name":"Ghosts","floor":20,"gold_loss":0},{"damage_healed":0,"gold_gain":0,"player_choice":"Shed Blood","damage_taken":25,"max_hp_gain":5,"max_hp_loss":0,"event_name":"Forgotten Altar","floor":22,"gold_loss":0},{"damage_healed":0,"gold_gain":0,"player_choice":"Bought 0 Potions","damage_taken":0,"max_hp_gain":0,"max_hp_loss":0,"event_name":"The Woman in Blue","floor":27,"gold_loss":0},{"damage_healed":0,"gold_gain":0,"cards_transformed":["Strike_G"],"player_choice":"Transformed","damage_taken":0,"max_hp_gain":0,"max_hp_loss":0,"event_name":"Transmorgrifier","floor":36,"gold_loss":0,"cards_obtained":["REME_ShadowForm"]}],"is_beta":false,"boss_relics":[{"not_picked":["Coffee Dripper","REME_ChargedStone"],"picked":"AT_TrinityForce"},{"not_picked":[]},{"not_picked":["Astrolabe","Sozu"],"picked":"Hololive_Finger"},{"not_picked":[]}],"items_purged_floors":[25,34,38,41,53],"is_endless":false,"potions_floor_spawned":[7,12,13,23,31,37,42,44],"ascension_level":16}}