{"host":"J","time":1610571249,"event":{"mods":["BaseMod","Better Third Choice","Minty Spire (QoL Compilation)","StSLib"],"gold_per_floor":[119,133,133,7,7,7,0,0,0,0,25,36,36,75,75,75,75],"floor_reached":16,"language":"ENG","playtime":304,"items_purged":["Defend_P"],"score":212,"play_id":"a5610d07-33b0-4258-a7b9-796770299874","local_time":"20210113215409","is_ascension_mode":true,"campfire_choices":[{"data":"Eruption","floor":6.0,"key":"SMITH"},{"data":"CrushJoints","floor":8.0,"key":"SMITH"},{"data":"EmptyFist","floor":10.0,"key":"SMITH"},{"data":"Vigilance","floor":15,"key":"SMITH"}],"circlet_count":0,"master_deck":["AscendersBane","Strike_P","Strike_P","Strike_P","Strike_P","Defend_P","Defend_P","Eruption+1","Vigilance+1","CrushJoints+1","EmptyFist+1","ThirdEye","Consecrate+1","Enlightenment","Adaptation","FlurryOfBlows+1","Wireheading"],"relics":["PureWater","Molten Egg 2","Smiling Mask","Mummified Hand","CeramicFish"],"acts_visited":["Exordium"],"potions_floor_usage":[16],"damage_taken":[{"damage":1.0,"enemies":"Cultist","floor":1.0,"turns":3.0},{"damage":1.0,"enemies":"Small Slimes","floor":2.0,"turns":4.0},{"damage":20.0,"enemies":"Lagavulin","floor":11.0,"turns":4.0},{"damage":0.0,"enemies":"Jaw Worm","floor":12.0,"turns":1.0},{"damage":15,"enemies":"Gremlin Nob","floor":14,"turns":3},{"damage":20,"enemies":"Hexaghost","floor":16,"turns":7}],"seed_played":"-2671024274684898366","potions_obtained":[{"floor":1.0,"key":"Explosive Potion"},{"floor":11.0,"key":"PowerPotion"},{"floor":14,"key":"Energy Potion"}],"is_trial":false,"path_per_floor":["M","M","?","$","?","R","?","R","T","R","E","M","$","E","R","B"],"character_chosen":"WATCHER","items_purchased":["Consecrate+1"],"campfire_rested":0,"item_purchase_floors":[4],"current_hp_per_floor":[60,59,54,54,47,47,53,53,53,53,33,33,33,18,18,0,0],"gold":75,"neow_bonus":"THREE_CARDS","is_daily":false,"chose_seed":false,"campfire_upgraded":4,"win_rate":0.0,"timestamp":1610571249,"path_taken":["M","M","?","$","?","R","?","R","T","R","E","?","$","E","R","BOSS"],"items_purchased_type":["Card"],"build_version":"2020-12-18","purchased_purges":1,"victory":false,"max_hp_per_floor":[68,68,68,68,68,68,74,74,74,74,74,74,74,74,74,74,74],"card_choices":[{"not_picked":["Protect","JustLucky"],"picked":"CrushJoints","floor":0.0},{"not_picked":["Worship","PathToVictory"],"picked":"EmptyFist","floor":1.0},{"not_picked":["Fasting2","Study"],"picked":"ThirdEye","floor":2.0},{"not_picked":["ReachHeaven+1","Crescendo"],"picked":"Adaptation","floor":11.0},{"not_picked":["ReachHeaven+1","SashWhip+1"],"picked":"FlurryOfBlows+1","floor":12.0},{"not_picked":["EmptyMind","FlyingSleeves+1"],"picked":"Wireheading","floor":14}],"player_experience":1094390,"relics_obtained":[{"floor":9.0,"key":"Smiling Mask"},{"floor":11.0,"key":"Mummified Hand"},{"floor":14,"key":"CeramicFish"}],"event_choices":[{"damage_healed":0.0,"max_hp_gain":0.0,"max_hp_loss":0.0,"gold_gain":0.0,"event_name":"betterThird:BetterScrap","player_choice":"Relic ","floor":3.0,"gold_loss":0.0,"damage_taken":5.0,"cards_obtained":["A Thousand Cuts"]},{"cards_removed":["Defend_P"],"damage_healed":0.0,"max_hp_gain":0.0,"max_hp_loss":0.0,"gold_gain":0.0,"event_name":"Golden Wing","player_choice":"Card Removal","floor":5.0,"gold_loss":0.0,"damage_taken":7.0},{"damage_healed":0.0,"max_hp_gain":0.0,"max_hp_loss":0.0,"gold_gain":0.0,"event_name":"betterThird:BetterSerpent","player_choice":"RENOUNCE","floor":7.0,"gold_loss":7.0,"damage_taken":7.0,"cards_obtained":["Enlightenment"]}],"is_beta":true,"boss_relics":[],"items_purged_floors":[4],"is_endless":false,"potions_floor_spawned":[1,11,14],"killed_by":"Hexaghost","ascension_level":20}}