{"host":"95i1gxnztdrdyvhi","time":1610505575,"event":{"mods":["100% Spire Juice","AchievementEnabler","Act Like it!","BaseMod","Minty Spire (QoL Compilation)","Quick Restart","StSLib"],"gold_per_floor":[114,132,132,159,175,175,186,221,221,221,221,251,85,95,95,95,95],"floor_reached":16,"language":"ENG","playtime":654,"items_purged":["Moonworks:Strike"],"score":110,"play_id":"5b47bab1-c144-4c06-8a15-0300a74fcfc0","local_time":"20210113023935","is_ascension_mode":false,"campfire_choices":[{"data":"Moonworks:TreasureThief","floor":6,"key":"SMITH"},{"floor":15,"key":"RECALL"}],"circlet_count":0,"master_deck":["Moonworks:Strike","Moonworks:Strike","Moonworks:Defend","Moonworks:Defend","Moonworks:Defend","Moonworks:Defend","Moonworks:Ambush","Moonworks:LongDistanceShot","Moonworks:JonathanRush","Moonworks:BigMagnum","Moonworks:TreasureThief+1","Moonworks:SakisCookie","Moonworks:WindyEnchantment+1","Flash of Steel"],"relics":["Moonworks:BrokenBomb","Moonworks:Homemark","NeowsBlessing","Toxic Egg 2","Letter Opener","Kunai","Ancient Tea Set"],"acts_visited":["Exordium"],"potions_floor_usage":[7,8,8,8,12],"damage_taken":[{"damage":0,"enemies":"Cultist","floor":1,"turns":1},{"damage":0,"enemies":"Small Slimes","floor":2,"turns":1},{"damage":0,"enemies":"Jaw Worm","floor":5,"turns":1},{"damage":11,"enemies":"2 Fungi Beasts","floor":7,"turns":2},{"damage":4,"enemies":"3 Sentries","floor":8,"turns":4},{"damage":23,"enemies":"Lagavulin","floor":12,"turns":7},{"damage":0,"enemies":"3 Louse","floor":14,"turns":2},{"damage":15,"enemies":"Hexaghost","floor":16,"turns":10}],"seed_played":"4511127181338609554","potions_obtained":[{"floor":5,"key":"Explosive Potion"},{"floor":7,"key":"EntropicBrew"},{"floor":8,"key":"Fruit Juice"}],"is_trial":false,"path_per_floor":["M","M","?","T","M","R","M","E","T","?","?","E","$","M","R","B"],"character_chosen":"THE_STARBREAKER","items_purchased":["Flash of Steel"],"campfire_rested":0,"item_purchase_floors":[13],"current_hp_per_floor":[60,60,60,60,60,60,49,47,47,47,40,22,22,22,22,7,7],"gold":95,"neow_bonus":"THREE_ENEMY_KILL","is_daily":false,"chose_seed":false,"campfire_upgraded":1,"win_rate":0.0,"timestamp":1610505575,"path_taken":["M","?","?","?","M","R","M","E","T","?","?","E","?","M","R","BOSS"],"items_purchased_type":["Card"],"build_version":"2020-12-22","purchased_purges":1,"victory":false,"max_hp_per_floor":[60,60,60,60,60,60,60,60,60,60,60,65,65,65,65,65,65],"card_choices":[{"not_picked":["Moonworks:CompletionReward","Moonworks:IndiscriminateFireSupport"],"picked":"Moonworks:JonathanRush","floor":1},{"not_picked":["Moonworks:NicePresent","Moonworks:EvilMastermind"],"picked":"Moonworks:BigMagnum","floor":2},{"not_picked":["Moonworks:DeployBits","Moonworks:LulusLuckyEgg"],"picked":"Moonworks:TreasureThief","floor":5},{"not_picked":["Moonworks:WindyEnchantment","Moonworks:BigMagnum"],"picked":"Moonworks:SakisCookie","floor":7},{"not_picked":["Moonworks:Assault","Moonworks:ImmovableObject+1","Moonworks:CloudOfSeagulls"],"picked":"SKIP","floor":8},{"not_picked":["Moonworks:IndiscriminateFireSupport","Moonworks:RagingMadness"],"picked":"Moonworks:WindyEnchantment+1","floor":12},{"not_picked":["Moonworks:ImOnFire+1","Moonworks:Assault","Moonworks:BeyondHell+1"],"picked":"SKIP","floor":14}],"player_experience":638814,"relics_obtained":[{"floor":8,"key":"Toxic Egg 2"},{"floor":9,"key":"Letter Opener"},{"floor":12,"key":"Ancient Tea Set"}],"event_choices":[{"damage_healed":0,"gold_gain":0,"player_choice":"Ignored","damage_taken":0,"max_hp_gain":0,"max_hp_loss":0,"event_name":"Liars Game","floor":3,"gold_loss":0},{"damage_healed":0,"gold_gain":0,"player_choice":"Searched \u00271\u0027 times","damage_taken":0,"relics_obtained":["Kunai"],"max_hp_gain":0,"max_hp_loss":0,"event_name":"Dead Adventurer","floor":10,"gold_loss":0},{"cards_removed":["Moonworks:Strike"],"damage_healed":0,"gold_gain":0,"player_choice":"Card Removal","damage_taken":7,"max_hp_gain":0,"max_hp_loss":0,"event_name":"Golden Wing","floor":11,"gold_loss":0}],"is_beta":false,"boss_relics":[],"items_purged_floors":[13],"is_endless":false,"potions_floor_spawned":[5,7,8],"killed_by":"Hexaghost","ascension_level":0}}