{"host":"qvm8mnkwg7phaqzl","time":1610508680,"event":{"mods":["2.2 Compatiblity","Act Like it!","Aspiration","Astrologer","Bard","BaseMod","Beaked The Cultist","Better Altar","Better Match","Better Note","Better Sensory Stone","Better Skull","Better Third Choice","CCEM","CapriCore","CatGirl Mod","Chen","Colored Map","Colored Powertips","Conspire","DeckTracker","Downfall","Elementarium","Friendly Minions","Gensokyo","GifTheSpireLib","Gremlin Mod","Halation","Hermit","Hubris","Koishi","Marisa（霧雨　魔理沙）","Marked Mod","Mathematician","Minty Spire (QoL Compilation)","Onozuka Komachi Mod","Potionbrewer","Random Character Button","Rare Cards Sparkle","Reimu（博??梦）","Replay The Spire","Shade Mod","Somnambulant","StSLib","The Accelerator","The Administrix","The Alterego","The Blackbeard","The Bladedancer","The Bug Knight","The Caster","The Construct","The Cursed","The Disciple","The Dragon Tamer","The Druid","The Elementalist","The Factory","The Florist","The Forsaken","The Gatherer","The Hierophant","The Immortal","The Judge","The Juggle","The Jungle","The Marked","The Mystic","The Necromancer","The Poker Player","The Problem Sleuth","The Runesmith","The Sage","The Servant 0.9.4","The Spell Scribe","The Valiant","The Witch","TheArtist","TheBandit","TheFirefly","Wandering Minibosses","Yakumo Yukari mod","Yuyuko","vexMod","yUi"],"gold_per_floor":[109,0,19,19,37,72,72,72,72,87,120,132,132,162,162,258,258,272,272,286,303,314,314,341,341,366,366,384,403,414,432,432,536,536,549,599,617,646,663,674,699,717,717,744,744,756,790,801,801,801,801],"floor_reached":50,"language":"ENG","playtime":10472,"items_purged":[],"score":835,"play_id":"e35aba46-5bf2-4d20-89ce-66041d09f16e","local_time":"20210112213120","is_ascension_mode":false,"campfire_choices":[{"data":"Shade:SpectralStrikes","floor":8,"key":"SMITH"},{"floor":15,"key":"REST"},{"data":"wanderingMiniBosses:FinaleOfPromise","floor":23,"key":"SMITH"},{"data":"Shade:GreaterAnimation","floor":25,"key":"SMITH"},{"data":"Shade:SpectralStrikes","floor":27,"key":"SMITH"},{"data":"Shade:OpenGraves","floor":32,"key":"SMITH"},{"floor":45,"key":"RECALL"},{"floor":49,"key":"DIG"}],"circlet_count":0,"master_deck":["Shade:Strike_Shade","Shade:Strike_Shade","Shade:Strike_Shade","Shade:Strike_Shade","Shade:Defend_Shade+1","Shade:Defend_Shade","Shade:Defend_Shade+1","Shade:Defend_Shade","Shade:AnimateDead","Shade:CarefulCut","Shade:StitchTogether","Shade:Carnophage","Shade:Bonestorm","Shade:Bonestorm","Shade:LyeBath","Regret","Shade:FleshLikeOak","Shade:SpectralStrikes+1","Shade:SpectralStrikes+1","Shade:FleshLikeOak","Shade:Premonition","Shade:GreaterAnimation+1","Shade:FeralStrike","wanderingMiniBosses:FinaleOfPromise+1","Shade:SensePrey+1","Shade:OpenGraves+1","hubris:DuctTapeCard","Shade:OpenGraves+1","Shade:Putrefaction","Shade:DarkOfNight","Shade:SanguineRitual+1"],"relics":["Shade:YorickSkull","CCEMRelics:TinyMinotavrHorn","potionbrewer:DrinkingBird","CCEMRelics:OverlyComfyChair","War Paint","potionbrewer:RamsHorn","SacredBark","wanderingMiniBosses:Blackblade","hubris:DuctTape","theForsaken:Lifeblossom","beaked:MawFillet","halation:VictoryRuler","Letter Opener","aspiration:EmptySkull","Gremlin Food","theCatGirl:DriedFish","CCEMRelics:PorcelainBowl"],"acts_visited":["Exordium","TheCity","TheBeyond"],"potions_floor_usage":[5,5,10,11,14,16,21,30,31,33,35,37,38,38,39,40,41,41,42,46,47,48,48,50,50,50],"damage_taken":[{"damage":0,"enemies":"Cultist","floor":1,"turns":3},{"damage":2,"enemies":"Jaw Worm","floor":3,"turns":4},{"damage":15,"enemies":"2 Louse","floor":5,"turns":6},{"damage":7,"enemies":"3 Sentries","floor":6,"turns":5},{"damage":20,"enemies":"Large Slime","floor":10,"turns":6},{"damage":23,"enemies":"Gremlin Nob","floor":11,"turns":4},{"damage":4,"enemies":"Exordium Wildlife","floor":12,"turns":5},{"damage":10,"enemies":"3 Sentries","floor":14,"turns":5},{"damage":0,"enemies":"Slime Boss","floor":16,"turns":5},{"damage":2,"enemies":"Chosen","floor":18,"turns":5},{"damage":2,"enemies":"Spheric Guardian","floor":20,"turns":3},{"damage":0,"enemies":"Snake Plant","floor":21,"turns":3},{"damage":0,"enemies":"Cultist and Chosen","floor":22,"turns":3},{"damage":0,"enemies":"Gremlin Leader","floor":24,"turns":3},{"damage":7,"enemies":"Snecko","floor":28,"turns":3},{"damage":4,"enemies":"Snake Plant","floor":29,"turns":3},{"damage":2,"enemies":"Chosen and Byrds","floor":30,"turns":3},{"damage":0,"enemies":"3 Cultists","floor":31,"turns":3},{"damage":15,"enemies":"conspire:MysteriousRune","floor":33,"turns":7},{"damage":6,"enemies":"3 Darklings","floor":35,"turns":3},{"damage":26,"enemies":"Mind Bloom Boss Battle","floor":36,"turns":6},{"damage":2,"enemies":"3 Shapes","floor":37,"turns":2},{"damage":12,"enemies":"Giant Head","floor":38,"turns":6},{"damage":15,"enemies":"Spire Growth","floor":39,"turns":5},{"damage":5,"enemies":"Writhing Mass","floor":40,"turns":4},{"damage":28,"enemies":"Nemesis","floor":41,"turns":7},{"damage":2,"enemies":"Transient","floor":42,"turns":5},{"damage":3,"enemies":"HollowMod:StalkingDevout","floor":44,"turns":3},{"damage":4,"enemies":"Sphere and 2 Shapes","floor":46,"turns":4},{"damage":6,"enemies":"beaked:SuperParasite","floor":47,"turns":6},{"damage":28,"enemies":"Writhing Mass","floor":48,"turns":4},{"damage":57,"enemies":"conspire:OrnateMirror","floor":50,"turns":4}],"seed_played":"-6886386532046562935","potions_obtained":[{"floor":1,"key":"SteroidPotion"},{"floor":3,"key":"potionbrewer:InfectionPotion"},{"floor":5,"key":"SteroidPotion"},{"floor":6,"key":"potionbrewer:CleansingPotion"},{"floor":22,"key":"potionbrewer:CleansingPotion"},{"floor":29,"key":"Fruit Juice"},{"floor":30,"key":"DuplicationPotion"},{"floor":33,"key":"FearPotion"},{"floor":36,"key":"Adrenaline Potion"},{"floor":37,"key":"PowerPotion"},{"floor":39,"key":"potionbrewer:NoxiousPotion"},{"floor":44,"key":"champ:CounterPotion"}],"is_trial":false,"path_per_floor":["M","$","M","?","M","E","?","R","T","M","E","M","$","E","R","B",null,"M","?","M","M","M","R","E","R","T","R","M","M","M","M","R","B",null,"M","?","M","E","M","M","E","M","T","E","R","M","E","M","R_BF","B"],"character_chosen":"SHADE","items_purchased":["Shade:Carnophage","Shade:Bonestorm"],"campfire_rested":1,"item_purchase_floors":[2,2],"current_hp_per_floor":[71,71,69,69,54,54,54,54,54,42,19,15,15,13,34,42,71,70,70,68,68,69,69,70,70,70,70,67,68,79,81,81,72,81,76,56,64,60,51,52,30,44,44,48,48,50,61,39,39,0,0],"gold":801,"neow_bonus":"TEN_PERCENT_HP_BONUS","is_daily":false,"chose_seed":false,"campfire_upgraded":5,"win_rate":0.0,"timestamp":1610508680,"path_taken":["M","$","M","?","M","E","?","R","T","M","E","M","?","E","R","BOSS","M","?","M","M","M","R","E","R","T","R","M","M","M","M","R","BOSS","M","?","M","E","M","M","E","M","T","E","R","M","E","M","R_BF","BOSS"],"items_purchased_type":["Card","Card"],"build_version":"2020-12-22","purchased_purges":0,"victory":false,"max_hp_per_floor":[71,71,71,71,71,71,71,71,71,71,71,71,71,71,71,71,71,71,71,71,71,71,71,71,71,71,71,71,71,81,81,81,81,81,81,81,81,81,81,81,81,81,81,81,81,81,81,81,81,81,81],"card_choices":[{"not_picked":["Shade:FeralStrike","Shade:FingerOfDeath"],"picked":"Shade:StitchTogether","floor":1},{"not_picked":["Shade:CallOfTheGrave","Shade:FuneraryArmor"],"picked":"Shade:LyeBath","floor":3},{"not_picked":["Shade:FingerOfDeath","Shade:SkeletonHug"],"picked":"Shade:FleshLikeOak","floor":5},{"not_picked":["Shade:FuneraryJewels","Shade:RitualOffering"],"picked":"Shade:SpectralStrikes","floor":6},{"not_picked":["Shade:FleshToFlesh","Shade:AncientSpear"],"picked":"Shade:SpectralStrikes","floor":10},{"not_picked":["Shade:GreyBargain","Shade:Frenzy"],"picked":"Shade:FleshLikeOak","floor":11},{"not_picked":["Shade:ClawBack","Shade:FuneraryArmor"],"picked":"Shade:Premonition","floor":12},{"not_picked":["Shade:FingerOfDeath","Shade:SkeletonArmy","Shade:FreshBones"],"picked":"SKIP","floor":14},{"not_picked":["Shade:OminousRitual","Shade:UnbarTheGrave"],"picked":"Shade:GreaterAnimation","floor":16},{"not_picked":["Shade:CallOfTheGrave","Shade:Bonestorm+1"],"picked":"Shade:FeralStrike","floor":18},{"not_picked":[],"picked":"wanderingMiniBosses:FinaleOfPromise","floor":18},{"not_picked":["Shade:GreyBargain","Shade:BoneShards+1"],"picked":"Shade:SensePrey+1","floor":20},{"not_picked":["Shade:Bonestorm","Shade:BoneShards"],"picked":"Shade:RavenousHorde+1","floor":21},{"not_picked":["Shade:CallWraith","Shade:SensePrey"],"picked":"Shade:OpenGraves+1","floor":22},{"not_picked":["Shade:OminousRitual","Shade:FuneraryArmor","Shade:WallOfFlesh"],"picked":"SKIP","floor":24},{"not_picked":["Shade:SkeletonHug+1","Shade:Carnophage+1","Shade:AblativeArmor+1"],"picked":"SKIP","floor":28},{"not_picked":["Shade:Bonestorm","Shade:WallOfFlesh","Shade:SoulToxin+1"],"picked":"SKIP","floor":29},{"not_picked":["Shade:FingerOfDeath","Shade:FleshLikeOak"],"picked":"Shade:OpenGraves","floor":30},{"not_picked":["Shade:Tombstone","Shade:ExtraLimbs","Shade:FleshToFlesh"],"picked":"SKIP","floor":31},{"not_picked":["Shade:Tombstone","Shade:Coordination"],"picked":"Shade:Putrefaction","floor":33},{"not_picked":["Shade:GraveStillness+1","Shade:FleshLikeOak","Shade:FleshToFlesh"],"picked":"SKIP","floor":35},{"not_picked":["Shade:ScuttlingHand","Shade:Bonestorm+1","Shade:FingerOfDeath+1"],"picked":"SKIP","floor":37},{"not_picked":["Shade:GraveStillness","Shade:Tombstone","Shade:Frenzy"],"picked":"SKIP","floor":38},{"not_picked":["Shade:BoneShards","Shade:GraveStillness","Shade:Frenzy"],"picked":"SKIP","floor":39},{"not_picked":["Shade:RitualOffering","Shade:SkeletonArmy","Shade:FreshBones+1"],"picked":"SKIP","floor":40},{"not_picked":["Shade:RavenousHorde+1","Shade:FingerOfDeath+1"],"picked":"Shade:DarkOfNight","floor":41},{"not_picked":["Shade:Bonestorm+1","Shade:Premonition+1","Shade:WallOfFlesh"],"picked":"SKIP","floor":42},{"not_picked":["Shade:RavenousHorde","Shade:WallOfFlesh","Shade:PressTheAttack"],"picked":"SKIP","floor":44},{"not_picked":["Shade:CoffinDance","Shade:RitualOffering","Shade:SkeletonHug+1"],"picked":"SKIP","floor":46},{"not_picked":["Shade:WallOfFlesh","Shade:ClawBack+1"],"picked":"Shade:SanguineRitual+1","floor":47},{"not_picked":["Shade:Brains","Shade:Haruspicy","Shade:FleshToFlesh+1"],"picked":"SKIP","floor":48}],"player_experience":730982,"relics_obtained":[{"floor":6,"key":"potionbrewer:DrinkingBird"},{"floor":9,"key":"CCEMRelics:OverlyComfyChair"},{"floor":11,"key":"War Paint"},{"floor":14,"key":"potionbrewer:RamsHorn"},{"floor":18,"key":"wanderingMiniBosses:Blackblade"},{"floor":24,"key":"hubris:DuctTape"},{"floor":26,"key":"theForsaken:Lifeblossom"},{"floor":36,"key":"halation:VictoryRuler"},{"floor":38,"key":"Letter Opener"},{"floor":41,"key":"aspiration:EmptySkull"},{"floor":44,"key":"Gremlin Food"},{"floor":47,"key":"theCatGirl:DriedFish"},{"floor":49,"key":"CCEMRelics:PorcelainBowl"}],"event_choices":[{"damage_healed":0,"gold_gain":0,"player_choice":"Box","damage_taken":0,"relics_obtained":["CCEMRelics:TinyMinotavrHorn"],"max_hp_gain":0,"max_hp_loss":0,"event_name":"Big Fish","floor":4,"gold_loss":0,"cards_obtained":["Regret"]},{"damage_healed":0,"gold_gain":0,"player_choice":"Leave","damage_taken":0,"max_hp_gain":0,"max_hp_loss":0,"event_name":"The Cleric","floor":7,"gold_loss":0},{"cards_removed":["wanderingMiniBosses:FinaleOfPromise"],"damage_healed":0,"gold_gain":0,"player_choice":"Take \u0026 Give","damage_taken":0,"max_hp_gain":0,"max_hp_loss":0,"event_name":"betterNote:BetterNote","floor":19,"gold_loss":0,"cards_obtained":["beaked:Evade"]},{"damage_healed":0,"gold_gain":0,"player_choice":"Fight","damage_taken":0,"max_hp_gain":0,"max_hp_loss":0,"event_name":"MindBloom","floor":36,"gold_loss":0}],"is_beta":false,"boss_relics":[{"not_picked":["aspiration:FutureDiary","Sozu"],"picked":"SacredBark"},{"not_picked":["vexMod:MysteryBossChallenge","aspiration:PoetsPen_weak"],"picked":"beaked:MawFillet"}],"items_purged_floors":[],"is_endless":false,"potions_floor_spawned":[1,3,5,6,12,16,18,22,29,30,33,36,37,39,44,46],"killed_by":"conspire:OrnateMirror","ascension_level":0}}