{"host":"l4jj3li0klahglqo","time":1610535790,"event":{"mods":["BaseMod","Conspire","Hubris","Infinite Spire","Marisa????????","Minty Spire (QoL Compilation)","Quick Restart","Replay The Spire","Shop Mod","StSLib","The Animator"],"gold_per_floor":[20,31,41,41,6,37,37,37,37],"floor_reached":8,"language":"ENG","playtime":500,"items_purged":[],"score":73,"play_id":"7fdd7628-9745-490d-9821-7ba2f83681da","local_time":"20210113050310","is_ascension_mode":true,"campfire_choices":[{"floor":7,"key":"REST"}],"circlet_count":0,"master_deck":["Strike_G","Strike_G","Strike_G","Strike_G","Defend_G","Defend_G","Defend_G","Defend_G","Survivor","Neutralize","hubris:SlightOfHand","Distraction","Deadly Poison","Normality","conspire:PoisonWeapons"],"relics":["Ring of the Snake","Ring of Hypnosis","Ring of Peace","infinitespire:PuzzleCube"],"acts_visited":["Exordium"],"potions_floor_usage":[],"damage_taken":[{"damage":0,"enemies":"2 Louse","floor":1,"turns":4},{"damage":2,"enemies":"Small Slimes","floor":2,"turns":5},{"damage":13,"enemies":"Jaw Worm","floor":3,"turns":9},{"damage":50,"enemies":"Gremlin Nob","floor":6,"turns":6},{"damage":43,"enemies":"3 Sentries","floor":8,"turns":9}],"seed_played":"3080663022611954940","potions_obtained":[],"is_trial":false,"path_per_floor":["M","M","M","?","?","E","R","E"],"character_chosen":"THE_SILENT","items_purchased":[],"campfire_rested":1,"item_purchase_floors":[],"current_hp_per_floor":[63,61,48,48,65,15,36,0,0],"gold":37,"neow_bonus":"REMOVE_TWO","is_daily":false,"chose_seed":false,"campfire_upgraded":0,"win_rate":0.0,"timestamp":1610535790,"path_taken":["M","M","M","?","?","E","R","E"],"items_purchased_type":[],"build_version":"2020-12-22","purchased_purges":0,"victory":false,"max_hp_per_floor":[70,70,70,70,70,70,70,70,70],"card_choices":[{"not_picked":["Hidden Blade","Blade Dance"],"picked":"hubris:SlightOfHand","floor":1},{"not_picked":["hubris:SlightOfHand","Poisoned Stab"],"picked":"Distraction","floor":2},{"not_picked":["Flechettes","Blade Dance"],"picked":"Deadly Poison","floor":3},{"not_picked":["conspire:DoublingDagger","Hidden Blade"],"picked":"conspire:PoisonWeapons","floor":6}],"player_experience":1209218,"relics_obtained":[{"floor":4,"key":"Ring of Hypnosis"},{"floor":4,"key":"Ring of Peace"},{"floor":6,"key":"infinitespire:PuzzleCube"}],"event_choices":[{"damage_healed":17,"gold_gain":0,"player_choice":"Healed","damage_taken":0,"max_hp_gain":0,"max_hp_loss":0,"event_name":"The Cleric","floor":5,"gold_loss":35}],"is_beta":false,"boss_relics":[],"items_purged_floors":[],"is_endless":false,"potions_floor_spawned":[],"killed_by":"3 Sentries","ascension_level":6}}