{"host":"x21cvmfdo17nyhii","time":1610574647,"event":{"mods":["AchievementEnabler","BaseMod","Colored Map","Colored Powertips","DeckTracker","Highlight Path","Minty Spire (QoL Compilation)","Quick Restart","Rare Cards Sparkle","SuperFastMode"],"gold_per_floor":[112,187,187,14,14,14,33,47,47,222,232,232,62,73,73,73,73],"floor_reached":16,"language":"ENG","playtime":674,"items_purged":["Doubt"],"score":90,"play_id":"a5d3d401-108e-4024-a72e-9daa11409ded","local_time":"20210113135047","is_ascension_mode":false,"campfire_choices":[{"floor":6,"key":"REST"},{"data":"Transmutation","floor":15,"key":"SMITH"}],"circlet_count":0,"master_deck":["Strike_R","Strike_R","Strike_R","Strike_R+1","Strike_R","Defend_R","Defend_R","Defend_R+1","Defend_R","Bash","Warcry","Transmutation+1","Swift Strike"],"relics":["Sozu"],"acts_visited":["Exordium"],"potions_floor_usage":[],"damage_taken":[{"damage":7,"enemies":"2 Louse","floor":1,"turns":3},{"damage":0,"enemies":"Small Slimes","floor":7,"turns":2},{"damage":0,"enemies":"Jaw Worm","floor":8,"turns":3},{"damage":5,"enemies":"Blue Slaver","floor":11,"turns":5},{"damage":11,"enemies":"Exordium Wildlife","floor":14,"turns":5},{"damage":55,"enemies":"The Guardian","floor":16,"turns":7}],"seed_played":"8841773963090644789","potions_obtained":[],"is_trial":false,"path_per_floor":["M","?","?","$","?","R","M","M","T","?","M","?","$","M","R","B"],"character_chosen":"IRONCLAD","items_purchased":["Transmutation","Swift Strike"],"campfire_rested":1,"item_purchase_floors":[4,13],"current_hp_per_floor":[73,62,62,62,46,70,70,70,70,70,65,65,65,54,54,0,0],"gold":73,"neow_bonus":"BOSS_RELIC","is_daily":false,"chose_seed":false,"campfire_upgraded":1,"win_rate":0.0,"timestamp":1610574647,"path_taken":["M","?","?","$","?","R","M","M","T","?","?","?","$","M","R","BOSS"],"items_purchased_type":["Card","Card"],"build_version":"2020-12-22","purchased_purges":1,"victory":false,"max_hp_per_floor":[80,80,80,80,80,80,80,80,80,80,80,80,80,80,80,80,80],"card_choices":[{"not_picked":["Metallicize","Feel No Pain"],"picked":"Warcry","floor":1},{"not_picked":["Clothesline","Rupture","Perfected Strike"],"picked":"SKIP","floor":7},{"not_picked":["Clothesline","Cleave","Heavy Blade"],"picked":"SKIP","floor":8},{"not_picked":["Intimidate","Metallicize","Clothesline"],"picked":"SKIP","floor":11},{"not_picked":["Cleave","Pommel Strike","Carnage"],"picked":"SKIP","floor":14}],"player_experience":341863,"relics_obtained":[],"event_choices":[{"damage_healed":0,"gold_gain":75,"player_choice":"Gather Gold","damage_taken":11,"max_hp_gain":0,"max_hp_loss":0,"event_name":"World of Goop","floor":2,"gold_loss":0},{"damage_healed":0,"gold_gain":0,"player_choice":"Fled","damage_taken":0,"max_hp_gain":0,"max_hp_loss":0,"event_name":"Scrap Ooze","floor":3,"gold_loss":0},{"damage_healed":0,"gold_gain":0,"player_choice":"Entered Light","damage_taken":16,"max_hp_gain":0,"max_hp_loss":0,"event_name":"Shining Light","floor":5,"gold_loss":0,"cards_upgraded":["Strike_R","Defend_R"]},{"damage_healed":0,"gold_gain":175,"player_choice":"AGREE","damage_taken":0,"max_hp_gain":0,"max_hp_loss":0,"event_name":"Liars Game","floor":10,"gold_loss":0,"cards_obtained":["Doubt"]},{"damage_healed":0,"gold_gain":0,"player_choice":"Searched \u00270\u0027 times","damage_taken":0,"max_hp_gain":0,"max_hp_loss":0,"event_name":"Dead Adventurer","floor":12,"gold_loss":0}],"is_beta":false,"boss_relics":[],"items_purged_floors":[13],"is_endless":false,"potions_floor_spawned":[1,11],"killed_by":"The Guardian","ascension_level":0}}