{"host":"hbvn1mkfq2iixsau","time":1610524250,"event":{"mods":["AchievementEnabler","Act Like it!","BaseMod","Better Altar","Better Match","Better Sensory Stone","Better Skull","Better Third Choice","Colored Map","Displayed Cursed Tome","Minty Spire (QoL Compilation)","Quick Restart","Relic Stats","Shop Mod","StSLib","The Jungle"],"gold_per_floor":[113,113,113,188,267,267,292,292,292,292,292,36,56,94,94,224,224,242,15,15,165,165,198,212,24,24,77,89,117,129,184,196,336,348,385,416,456,531,561,573,635,647,659,671,706,752,503,524,524,524,524,524,253,287,287],"floor_reached":56,"language":"ENG","playtime":4056,"items_purged":[],"score":1615,"play_id":"03f4d740-2d81-4da4-904f-7d65aa2c80ce","local_time":"20210113095050","is_ascension_mode":false,"campfire_choices":[{"data":"Blade Dance","floor":6.0,"key":"SMITH"},{"data":"Infinite Blades","floor":8.0,"key":"SMITH"},{"floor":10.0,"key":"DIG"},{"floor":15.0,"key":"DIG"},{"floor":28.0,"key":"DIG"},{"floor":30.0,"key":"DIG"},{"floor":32.0,"key":"DIG"},{"floor":40.0,"key":"DIG"},{"floor":44.0,"key":"RECALL"},{"floor":49.0,"key":"DIG"},{"floor":52.0,"key":"DIG"}],"circlet_count":0,"master_deck":["Strike_G+1","Strike_G","Strike_G","Strike_G","Strike_G+1","Defend_G","Defend_G","Defend_G","Defend_G","Defend_G","Survivor","Neutralize","Blade Dance+1","Flame Barrier+1","Infinite Blades+1","Backstab","Wraith Form v2","Storm of Steel","Choke","Unload","Blade Dance+1","Burst","Blade Dance+1","Madness","Madness","Night Terror","Blade Dance","Infinite Blades"],"relics":["Ring of the Snake","NeowsBlessing","StoneCalendar","Shovel","Golden Idol","Ninja Scroll","Singing Bowl","CaptainsWheel","Black Star","Sling","theJungle:BirthdayCakeSlice","Kunai","Thread and Needle","MerchantsRug","Membership Card","Shuriken","CeramicFish","MawBank","Happy Flower","Molten Egg 2","Oddly Smooth Stone","Bag of Preparation","Eternal Feather","Philosopher\u0027s Stone","Prayer Wheel","Whetstone","Juzu Bracelet","Ancient Tea Set","White Beast Statue","Bag of Marbles","Blue Candle","Nunchaku","TwistedFunnel","Boot","Vajra","Mercury Hourglass","Cauldron","Centennial Puzzle","Bottled Lightning","StrikeDummy","Lizard Tail"],"acts_visited":["Exordium","Exordium","TheBeyond","TheEnding"],"potions_floor_usage":[55],"damage_taken":[{"damage":0.0,"enemies":"Cultist","floor":1.0,"turns":1.0},{"damage":0.0,"enemies":"Gremlin Nob","floor":7.0,"turns":1.0},{"damage":0.0,"enemies":"Jaw Worm","floor":13.0,"turns":1.0},{"damage":8.0,"enemies":"3 Sentries","floor":14.0,"turns":6.0},{"damage":0.0,"enemies":"Slime Boss","floor":16.0,"turns":7.0},{"damage":0.0,"enemies":"theJungle:Flameango_and_Byrd","floor":18.0,"turns":6.0},{"damage":18.0,"enemies":"theJungle:MamaSnecko","floor":23.0,"turns":6.0},{"damage":0.0,"enemies":"theJungle:MUSHROOMGANG","floor":24.0,"turns":4.0},{"damage":0.0,"enemies":"theJungle:2_Phrogs","floor":27.0,"turns":5.0},{"damage":6.0,"enemies":"theJungle:2_Flameangoes","floor":29.0,"turns":4.0},{"damage":0.0,"enemies":"theJungle:MamaSnecko","floor":31.0,"turns":3.0},{"damage":0.0,"enemies":"theJungle:QueenSpyder","floor":33.0,"turns":7.0},{"damage":0.0,"enemies":"3 Darklings","floor":35.0,"turns":4.0},{"damage":2.0,"enemies":"Orb Walker","floor":36.0,"turns":2.0},{"damage":21.0,"enemies":"Maw","floor":37.0,"turns":7.0},{"damage":1.0,"enemies":"Mind Bloom Boss Battle","floor":38.0,"turns":5.0},{"damage":0.0,"enemies":"Nemesis","floor":41.0,"turns":5.0},{"damage":23.0,"enemies":"Spire Growth","floor":45.0,"turns":4.0},{"damage":0.0,"enemies":"Giant Head","floor":46.0,"turns":4.0},{"damage":0.0,"enemies":"3 Darklings","floor":48.0,"turns":4.0},{"damage":54.0,"enemies":"Time Eater","floor":50.0,"turns":7.0},{"damage":0.0,"enemies":"Shield and Spear","floor":54.0,"turns":3.0},{"damage":87,"enemies":"The Heart","floor":55,"turns":7}],"seed_played":"8356409683413660799","potions_obtained":[{"floor":7.0,"key":"Regen Potion"},{"floor":14.0,"key":"LiquidBronze"},{"floor":18.0,"key":"AttackPotion"},{"floor":31.0,"key":"LiquidBronze"},{"floor":36.0,"key":"SkillPotion"},{"floor":37.0,"key":"Weak Potion"},{"floor":45.0,"key":"BlessingOfTheForge"},{"floor":46.0,"key":"SteroidPotion"},{"floor":53.0,"key":"EntropicBrew"}],"is_trial":false,"path_per_floor":["M","$","?","?","T","R","E","R","T","R","?","$","M","E","R","B",null,"M","$","?","?","T","E","M","$","T","E","R","M","R","E","R","B",null,"M","M","M","?","?","R","E","?","T","R","M","E","$","M","R","B",null,"R","$","E","B",null],"character_chosen":"THE_SILENT","items_purchased":["Ninja Scroll","Sling","Choke","MerchantsRug","Membership Card","Shuriken","FairyPotion","Nunchaku","TwistedFunnel","Boot","Infinite Blades","Cauldron","Centennial Puzzle","Bottled Lightning"],"campfire_rested":0,"item_purchase_floors":[12,19,19,25,25,25,25,47,47,47,47,53,53,53],"current_hp_per_floor":[70,70,54,43,43,43,43,43,43,43,26,26,26,18,18,33,70,72,72,77,77,77,66,68,68,68,68,68,64,64,66,66,66,90,92,92,71,72,60,75,75,75,75,90,69,71,71,75,90,36,104,104,104,106,19],"gold":287,"neow_bonus":"THREE_ENEMY_KILL","is_daily":false,"chose_seed":false,"campfire_upgraded":2,"win_rate":0.0,"timestamp":1610524250,"path_taken":["M","$","?","?","?","R","E","R","T","R","?","$","M","E","R","BOSS","M","$","?","?","?","E","M","$","T","E","R","M","R","E","R","BOSS","M","M","M","?","?","R","E","?","T","R","M","E","$","M","R","BOSS","R","$","E","BOSS"],"items_purchased_type":["Relic","Relic","Card","Relic","Relic","Relic","Potion","Relic","Relic","Relic","Card","Relic","Relic","Relic"],"build_version":"2020-12-22","purchased_purges":0,"victory":true,"max_hp_per_floor":[70,70,70,70,70,70,70,70,70,70,70,70,70,70,70,70,70,72,72,77,77,77,84,86,86,86,86,86,88,88,90,90,90,90,92,94,94,96,96,96,96,96,96,96,98,100,100,104,104,104,104,104,104,106,106],"relic_stats":{"Singing Bowl":24,"Happy Flower":[22],"counters":[23,103],"Golden Idol":201,"CeramicFish":72,"Blue Candle":[0],"StoneCalendar":[62],"Eternal Feather":45,"Bag of Preparation":[0],"Juzu Bracelet":0,"Whetstone":["Strike_G","Strike_G"],"MawBank":240,"Boot":[3],"Mercury Hourglass":[30],"Nunchaku":[13],"Centennial Puzzle":[1],"Lizard Tail":0,"Shovel":8,"Shuriken":[113],"Prayer Wheel":2,"Black Star":6,"Kunai":[124],"obtain_stats":[{"TwistedFunnel":47,"Singing Bowl":14,"CeramicFish":27,"Vajra":49,"StoneCalendar":7,"Bag of Preparation":31,"Juzu Bracelet":41,"Whetstone":40,"Sling":19,"Ancient Tea Set":41,"Boot":47,"Nunchaku":47,"Centennial Puzzle":53,"Lizard Tail":54,"Shovel":9,"Mummified Hand":5,"Ninja Scroll":12,"theJungle:BirthdayCakeSlice":20,"Gambling Chip":10,"Strawberry":23,"Philosopher\u0027s Stone":34,"Prayer Wheel":38,"Kunai":22,"Ring of the Snake":0,"MerchantsRug":25,"NeowsBlessing":0,"Happy Flower":28,"Golden Idol":11,"Blue Candle":46,"Oddly Smooth Stone":31,"Thread and Needle":23,"Eternal Feather":32,"MawBank":27,"White Beast Statue":43,"Mercury Hourglass":52,"Cauldron":53,"CaptainsWheel":15,"Shuriken":25,"Molten Egg 2":30,"Black Star":17,"Bag of Marbles":46,"Membership Card":25,"Bottled Lightning":53,"StrikeDummy":54,"Pocketwatch":3},{"TwistedFunnel":19,"Singing Bowl":4,"CeramicFish":9,"Vajra":20,"StoneCalendar":2,"Bag of Preparation":11,"Juzu Bracelet":17,"Whetstone":16,"Sling":6,"Ancient Tea Set":17,"Boot":19,"Nunchaku":19,"Centennial Puzzle":21,"Lizard Tail":22,"Shovel":2,"Mummified Hand":1,"Ninja Scroll":2,"theJungle:BirthdayCakeSlice":6,"Gambling Chip":2,"Strawberry":7,"Philosopher\u0027s Stone":12,"Prayer Wheel":16,"Kunai":6,"Ring of the Snake":0,"MerchantsRug":8,"NeowsBlessing":0,"Happy Flower":9,"Golden Idol":2,"Blue Candle":19,"Oddly Smooth Stone":11,"Thread and Needle":7,"Eternal Feather":11,"MawBank":9,"White Beast Statue":17,"Mercury Hourglass":21,"Cauldron":21,"CaptainsWheel":4,"Shuriken":8,"Molten Egg 2":10,"Black Star":5,"Bag of Marbles":19,"Membership Card":8,"Bottled Lightning":21,"StrikeDummy":22,"Pocketwatch":1},{"TwistedFunnel":82,"Singing Bowl":9,"CeramicFish":37,"Vajra":86,"StoneCalendar":2,"Bag of Preparation":44,"Juzu Bracelet":74,"Whetstone":69,"Sling":22,"Ancient Tea Set":74,"Boot":82,"Nunchaku":82,"Centennial Puzzle":93,"Lizard Tail":96,"Shovel":2,"Mummified Hand":1,"Ninja Scroll":2,"theJungle:BirthdayCakeSlice":22,"Gambling Chip":2,"Strawberry":28,"Philosopher\u0027s Stone":51,"Prayer Wheel":69,"Kunai":22,"Ring of the Snake":0,"MerchantsRug":32,"NeowsBlessing":0,"Happy Flower":37,"Golden Idol":2,"Blue Candle":82,"Oddly Smooth Stone":44,"Thread and Needle":28,"Eternal Feather":44,"MawBank":37,"White Beast Statue":74,"Mercury Hourglass":93,"Cauldron":93,"CaptainsWheel":9,"Shuriken":32,"Molten Egg 2":41,"Black Star":16,"Bag of Marbles":82,"Membership Card":32,"Bottled Lightning":93,"StrikeDummy":96,"Pocketwatch":1}],"Ring of the Snake":[46]},"card_choices":[{"not_picked":["All Out Attack","Footwork"],"picked":"Blade Dance","floor":1.0},{"not_picked":["PiercingWail","Blade Dance"],"picked":"Infinite Blades","floor":7.0},{"not_picked":["Dodge and Roll","Tactician"],"picked":"Backstab","floor":13.0},{"not_picked":["Dagger Spray","Expertise"],"picked":"Wraith Form v2","floor":14.0},{"not_picked":["Tools of the Trade","Night Terror"],"picked":"Storm of Steel","floor":16.0},{"not_picked":["Underhanded Strike","Prepared","Deadly Poison+1"],"picked":"Singing Bowl","floor":18.0},{"not_picked":["Doppelganger","Backflip"],"picked":"Unload","floor":23.0},{"not_picked":["Prepared+1","Flying Knee","Tactician+1"],"picked":"Singing Bowl","floor":24.0},{"not_picked":["Outmaneuver","Grand Finale"],"picked":"Blade Dance+1","floor":27.0},{"not_picked":["Concentrate","Flying Knee+1","Backflip"],"picked":"Singing Bowl","floor":29.0},{"not_picked":["Underhanded Strike+1","Sucker Punch+1","Predator+1"],"picked":"Singing Bowl","floor":31.0},{"not_picked":["Storm of Steel","Wraith Form v2"],"picked":"Burst","floor":33.0},{"not_picked":["Predator+1","Dash+1","Sucker Punch+1"],"picked":"Singing Bowl","floor":35.0},{"not_picked":["Caltrops","Quick Slash+1","Skewer+1"],"picked":"Singing Bowl","floor":36.0},{"not_picked":["Outmaneuver","Underhanded Strike+1"],"picked":"Blade Dance+1","floor":37.0},{"not_picked":["Noxious Fumes+1","Deflect","Distraction"],"picked":"Singing Bowl","floor":38.0},{"not_picked":["Well Laid Plans+1","Sucker Punch+1"],"picked":"Night Terror","floor":41.0},{"not_picked":["Deadly Poison","Dagger Throw+1","Flechettes+1"],"picked":"Singing Bowl","floor":45.0},{"not_picked":["Bane+1","Dagger Spray+1"],"picked":"Blade Dance","floor":45.0},{"not_picked":["Predator+1","Tactician","Flechettes+1"],"picked":"Singing Bowl","floor":46.0},{"not_picked":["Slice+1","Leg Sweep","Endless Agony+1"],"picked":"Singing Bowl","floor":48.0},{"not_picked":["PiercingWail","Tactician+1","Reflex+1"],"picked":"Singing Bowl","floor":48.0},{"not_picked":["Tools of the Trade","Well Laid Plans+1","Calculated Gamble+1"],"picked":"Singing Bowl","floor":54.0}],"player_experience":233534,"relics_obtained":[{"floor":5.0,"key":"Mummified Hand"},{"floor":7.0,"key":"StoneCalendar"},{"floor":9.0,"key":"Shovel"},{"floor":10.0,"key":"Gambling Chip"},{"floor":14.0,"key":"Singing Bowl"},{"floor":15.0,"key":"CaptainsWheel"},{"floor":22.0,"key":"Kunai"},{"floor":23.0,"key":"Strawberry"},{"floor":23.0,"key":"Thread and Needle"},{"floor":27.0,"key":"CeramicFish"},{"floor":27.0,"key":"MawBank"},{"floor":28.0,"key":"Happy Flower"},{"floor":30.0,"key":"Molten Egg 2"},{"floor":31.0,"key":"Oddly Smooth Stone"},{"floor":31.0,"key":"Bag of Preparation"},{"floor":32.0,"key":"Eternal Feather"},{"floor":38.0,"key":"Prayer Wheel"},{"floor":40.0,"key":"Whetstone"},{"floor":41.0,"key":"Juzu Bracelet"},{"floor":41.0,"key":"Ancient Tea Set"},{"floor":43.0,"key":"White Beast Statue"},{"floor":46.0,"key":"Bag of Marbles"},{"floor":46.0,"key":"Blue Candle"},{"floor":49.0,"key":"Vajra"},{"floor":52.0,"key":"Mercury Hourglass"},{"floor":54.0,"key":"StrikeDummy"},{"floor":54.0,"key":"Lizard Tail"}],"event_choices":[{"damage_healed":0.0,"max_hp_gain":0.0,"max_hp_loss":0.0,"gold_gain":75.0,"event_name":"betterThird:BetterGoop","player_choice":"Gold","floor":4.0,"gold_loss":0.0,"damage_taken":11.0},{"damage_healed":0.0,"max_hp_gain":0.0,"max_hp_loss":0.0,"gold_gain":0.0,"event_name":"Golden Idol","player_choice":"Take Damage","floor":11.0,"gold_loss":0.0,"damage_taken":17.0,"relics_obtained":["Golden Idol"]},{"damage_healed":0.0,"max_hp_gain":0.0,"max_hp_loss":0.0,"gold_gain":0.0,"event_name":"MindBloom","player_choice":"Fight","floor":38.0,"gold_loss":0.0,"damage_taken":0.0},{"damage_healed":0.0,"max_hp_gain":0.0,"max_hp_loss":0.0,"gold_gain":0.0,"event_name":"Winding Halls","player_choice":"Embrace Madness","floor":39.0,"gold_loss":0.0,"damage_taken":12.0,"cards_obtained":["Madness","Madness"]},{"damage_healed":0.0,"max_hp_gain":0.0,"max_hp_loss":0.0,"gold_gain":0.0,"event_name":"Tomb of Lord Red Mask","player_choice":"Ignored","floor":42.0,"gold_loss":0.0,"damage_taken":0.0}],"is_beta":false,"boss_relics":[{"not_picked":["SacredBark","Velvet Choker"],"picked":"Black Star"},{"not_picked":["Pandora\u0027s Box","HoveringKite"],"picked":"Philosopher\u0027s Stone"}],"items_purged_floors":[],"is_endless":false,"potions_floor_spawned":[7,14,18,31,36,37,45,46,48,54],"ascension_level":0}}