{"host":"6azrrw3tf7wb0f4b","time":1610557358,"event":{"mods":["BaseMod","DeckTracker","Minty Spire (QoL Compilation)","SuperFastMode"],"gold_per_floor":[115,135,135,147,165,165,178,196,223,236,236,270,270,289,289,391,391,404,136,136,156,167,167,167,167,167,167,199,225,225,59,59,59,59],"floor_reached":33,"language":"KOR","playtime":587,"items_purged":["Strike_B","Steam Power"],"score":427,"play_id":"5b310b62-f704-4a4d-b854-e58429a0ba98","local_time":"20210114020238","is_ascension_mode":true,"campfire_choices":[{"data":"White Noise","floor":6,"key":"SMITH"},{"floor":13,"key":"REST"},{"data":"Biased Cognition","floor":15,"key":"SMITH"},{"data":"Coolheaded","floor":23,"key":"SMITH"},{"data":"Glacier","floor":25,"key":"SMITH"},{"data":"Dualcast","floor":27,"key":"SMITH"},{"floor":32,"key":"REST"}],"circlet_count":0,"master_deck":["AscendersBane","Strike_B+1","Defend_B","Defend_B+1","Defend_B","Zap+1","Dualcast+1","Melter","Glacier+1","Heatsinks","White Noise+1","Doom and Gloom","Ball Lightning","Biased Cognition+1","Sweeping Beam","Reboot+1","Sweeping Beam","Conserve Battery+1","Coolheaded+1","Amplify","Storm","Undo"],"relics":["Cracked Core","Vajra","Gremlin Horn","Art of War","Sozu","Membership Card","Bag of Marbles","Potion Belt","Red Mask","War Paint","Oddly Smooth Stone"],"acts_visited":["Exordium","TheCity"],"potions_floor_usage":[12,12,12,12,16,28,33],"damage_taken":[{"damage":4,"enemies":"Jaw Worm","floor":1,"turns":3},{"damage":7,"enemies":"2 Louse","floor":2,"turns":3},{"damage":1,"enemies":"Small Slimes","floor":4,"turns":3},{"damage":2,"enemies":"2 Fungi Beasts","floor":5,"turns":4},{"damage":6,"enemies":"3 Louse","floor":7,"turns":4},{"damage":7,"enemies":"Exordium Wildlife","floor":8,"turns":3},{"damage":0,"enemies":"2 Fungi Beasts","floor":10,"turns":2},{"damage":22,"enemies":"Gremlin Nob","floor":12,"turns":4},{"damage":0,"enemies":"3 Louse","floor":14,"turns":2},{"damage":19,"enemies":"Hexaghost","floor":16,"turns":8},{"damage":9,"enemies":"Spheric Guardian","floor":18,"turns":4},{"damage":4,"enemies":"Shell Parasite","floor":21,"turns":3},{"damage":8,"enemies":"3 Cultists","floor":22,"turns":3},{"damage":12,"enemies":"Masked Bandits","floor":28,"turns":3},{"damage":30,"enemies":"Gremlin Leader","floor":29,"turns":4},{"damage":42,"enemies":"Collector","floor":33,"turns":3}],"seed_played":"-1857256875500977522","potions_obtained":[{"floor":5,"key":"Strength Potion"},{"floor":7,"key":"Block Potion"},{"floor":8,"key":"EntropicBrew"},{"floor":12,"key":"Block Potion"},{"floor":14,"key":"FearPotion"},{"floor":16,"key":"FocusPotion"}],"is_trial":false,"path_per_floor":["M","M","?","M","M","R","M","M","T","M","?","E","R","M","R","B",null,"M","$","?","M","M","R","?","R","T","R","?","E","?","$","R","B"],"character_chosen":"DEFECT","items_purchased":["Membership Card","Bag of Marbles","Undo","Oddly Smooth Stone"],"campfire_rested":2,"item_purchase_floors":[19,19,31,31],"current_hp_per_floor":[64,57,42,41,39,39,33,26,26,26,23,1,23,23,23,4,57,48,48,48,44,36,36,61,61,61,61,49,19,19,19,41,0,0],"gold":59,"neow_bonus":"TRANSFORM_CARD","is_daily":false,"chose_seed":false,"campfire_upgraded":5,"win_rate":0.0,"timestamp":1610557358,"path_taken":["M","M","?","M","M","R","M","M","T","M","?","E","R","M","R","BOSS","M","$","?","M","M","R","?","R","T","R","?","E","?","$","R","BOSS"],"items_purchased_type":["Relic","Relic","Card","Relic"],"build_version":"2020-12-22","purchased_purges":2,"victory":false,"max_hp_per_floor":[75,75,75,75,75,75,75,75,75,75,75,75,75,75,75,75,75,75,75,75,75,75,75,75,75,75,75,75,75,75,75,75,75,75],"card_choices":[{"not_picked":["Streamline","Ball Lightning"],"picked":"Glacier","floor":1},{"not_picked":["Melter","Hologram","Tempest"],"picked":"SKIP","floor":2},{"not_picked":["Redo","Leap"],"picked":"Heatsinks","floor":4},{"not_picked":["Compile Driver","FTL"],"picked":"White Noise","floor":5},{"not_picked":["Gash","Steam","Melter"],"picked":"SKIP","floor":7},{"not_picked":["Chill","Ball Lightning"],"picked":"Doom and Gloom","floor":8},{"not_picked":["Compile Driver","Streamline"],"picked":"Ball Lightning","floor":10},{"not_picked":["Undo","Sweeping Beam"],"picked":"Biased Cognition","floor":12},{"not_picked":["BootSequence","Leap"],"picked":"Sweeping Beam","floor":14},{"not_picked":["Rainbow","Fission"],"picked":"Reboot","floor":16},{"not_picked":["Leap","Streamline","Recycle"],"picked":"SKIP","floor":18},{"not_picked":["Coolheaded","Compile Driver"],"picked":"Conserve Battery+1","floor":21},{"not_picked":["Barrage","Skim"],"picked":"Coolheaded","floor":22},{"not_picked":["Storm","Double Energy"],"picked":"Amplify","floor":28},{"not_picked":["Hologram","Conserve Battery"],"picked":"Storm","floor":29}],"player_experience":710543,"relics_obtained":[{"floor":9,"key":"Vajra"},{"floor":12,"key":"Art of War"},{"floor":26,"key":"Potion Belt"},{"floor":28,"key":"Red Mask"},{"floor":29,"key":"War Paint"}],"event_choices":[{"damage_healed":0,"gold_gain":0,"player_choice":"Entered Light","damage_taken":15,"max_hp_gain":0,"max_hp_loss":0,"event_name":"Shining Light","floor":3,"gold_loss":0,"cards_upgraded":["Strike_B","Zap"]},{"damage_healed":0,"gold_gain":0,"player_choice":"Success","damage_taken":3,"relics_obtained":["Gremlin Horn"],"max_hp_gain":0,"max_hp_loss":0,"event_name":"Scrap Ooze","floor":11,"gold_loss":0},{"damage_healed":0,"gold_gain":0,"cards_transformed":["Strike_B","Defend_B"],"player_choice":"Became Test Subject","damage_taken":0,"max_hp_gain":0,"max_hp_loss":0,"event_name":"Drug Dealer","floor":20,"gold_loss":0,"cards_obtained":["Steam Power","Sweeping Beam"]},{"damage_healed":25,"gold_gain":0,"player_choice":"Heal","damage_taken":0,"max_hp_gain":0,"max_hp_loss":0,"event_name":"The Library","floor":24,"gold_loss":0},{"damage_healed":0,"gold_gain":0,"player_choice":"Fought Bandits","damage_taken":0,"max_hp_gain":0,"max_hp_loss":0,"event_name":"Masked Bandits","floor":28,"gold_loss":0},{"damage_healed":0,"gold_gain":0,"player_choice":"Ignored","damage_taken":0,"max_hp_gain":0,"max_hp_loss":0,"event_name":"Ghosts","floor":30,"gold_loss":0}],"is_beta":false,"boss_relics":[{"not_picked":["Black Star","Philosopher\u0027s Stone"],"picked":"Sozu"}],"items_purged_floors":[19,31],"is_endless":false,"potions_floor_spawned":[5,7,8,12,14,16,18,29],"killed_by":"Collector","ascension_level":12}}