{"host":"sz8c8ni79nvzjmmg","time":1610531133,"event":{"mods":["AchievementEnabler","BaseMod","DeckTracker","Keyboard Shortcuts","Minty Spire (QoL Compilation)","SuperFastMode"],"gold_per_floor":[110,35,45,45,45,4,4,19,46,62,62,73,83,83,83,159,159,171,3,3,3,23,50,50,50,50,83,63,73,87,118,118,191,191,209,236,251,269,269,300,319,346,392,403,432,487,518,518,518,518,518,518,518,89,119,119],"floor_reached":57,"language":"KOR","playtime":2438,"items_purged":["Strike_G","Backflip+1"],"score":3315,"play_id":"f89f4063-98aa-4c42-af4f-26bf3690fb64","local_time":"20210113184533","is_ascension_mode":true,"campfire_choices":[{"floor":11.0,"key":"REST"},{"floor":15.0,"key":"REST"},{"data":"Bouncing Flask","floor":24.0,"key":"SMITH"},{"data":"Noxious Fumes","floor":32.0,"key":"SMITH"},{"floor":49.0,"key":"RECALL"},{"data":"Neutralize","floor":53,"key":"SMITH"}],"circlet_count":0,"master_deck":["AscendersBane","Survivor+1","Neutralize+1","Bouncing Flask+1","Noxious Fumes+1","Backflip+1","Crippling Poison+1","Acrobatics+1","Corpse Explosion+1","Ghostly+1","Ghostly+1","Ghostly+1","PiercingWail+1","Tactician+1","Concentrate+1","Adrenaline+1","Endless Agony","Crippling Poison+1","Reflex+1","Venomology+1","Reflex+1","PiercingWail+1","Ghostly+1","Catalyst+1","Finesse+1","Finesse+1","Panache","Footwork"],"relics":["Ring of the Snake","StoneCalendar","Toxic Egg 2","PreservedInsect","Runic Pyramid","Blood Vial","HornCleat","Snake Skull","Torii","Pandora\u0027s Box","Happy Flower","Sundial","Juzu Bracelet","Boot","Turnip","War Paint","TheAbacus","Art of War","Mummified Hand"],"acts_visited":["Exordium","TheCity","TheBeyond","TheEnding"],"potions_floor_usage":[51,55,56,56],"damage_taken":[{"damage":12.0,"enemies":"Cultist","floor":1.0,"turns":6.0},{"damage":1.0,"enemies":"Jaw Worm","floor":3.0,"turns":3.0},{"damage":1.0,"enemies":"2 Louse","floor":8.0,"turns":4.0},{"damage":4.0,"enemies":"2 Fungi Beasts","floor":10.0,"turns":4.0},{"damage":8.0,"enemies":"Blue Slaver","floor":12.0,"turns":4.0},{"damage":2.0,"enemies":"Large Slime","floor":13.0,"turns":6.0},{"damage":24.0,"enemies":"The Guardian","floor":16.0,"turns":9.0},{"damage":8.0,"enemies":"3 Byrds","floor":18.0,"turns":5.0},{"damage":1.0,"enemies":"Chosen","floor":22.0,"turns":5.0},{"damage":12.0,"enemies":"Book of Stabbing","floor":23.0,"turns":7.0},{"damage":16.0,"enemies":"Slavers","floor":27.0,"turns":3.0},{"damage":0.0,"enemies":"Snecko","floor":29.0,"turns":4.0},{"damage":0.0,"enemies":"Chosen and Byrds","floor":30.0,"turns":6.0},{"damage":1.0,"enemies":"Book of Stabbing","floor":31.0,"turns":5.0},{"damage":1.0,"enemies":"Collector","floor":33.0,"turns":8.0},{"damage":2.0,"enemies":"Orb Walker","floor":35.0,"turns":3.0},{"damage":3.0,"enemies":"3 Darklings","floor":37.0,"turns":3.0},{"damage":0.0,"enemies":"Spire Growth","floor":38.0,"turns":5.0},{"damage":0.0,"enemies":"Reptomancer","floor":40.0,"turns":4.0},{"damage":0.0,"enemies":"4 Shapes","floor":41.0,"turns":3.0},{"damage":0.0,"enemies":"Nemesis","floor":42.0,"turns":7.0},{"damage":0.0,"enemies":"Jaw Worm Horde","floor":44.0,"turns":3.0},{"damage":0.0,"enemies":"Giant Head","floor":45.0,"turns":6.0},{"damage":2.0,"enemies":"2 Orb Walkers","floor":46.0,"turns":3.0},{"damage":0.0,"enemies":"Reptomancer","floor":47.0,"turns":4.0},{"damage":0.0,"enemies":"Awakened One","floor":50.0,"turns":6.0},{"damage":0,"enemies":"Time Eater","floor":51,"turns":6},{"damage":1,"enemies":"Shield and Spear","floor":55,"turns":4},{"damage":5,"enemies":"The Heart","floor":56,"turns":7}],"seed_played":"-5016437913785114879","potions_obtained":[{"floor":1.0,"key":"DuplicationPotion"},{"floor":10.0,"key":"Ancient Potion"},{"floor":12.0,"key":"LiquidMemories"},{"floor":28.0,"key":"SmokeBomb"},{"floor":31.0,"key":"Explosive Potion"}],"is_trial":false,"path_per_floor":["M","$","M","T","?","$","?","M","T","M","R","M","M","?","R","B",null,"M","$","?","?","M","E","R","?","T","E","?","M","M","E","R","B",null,"M","T","M","M","?","E","M","E","T","M","E","?","E","?","R","B","B",null,"R","$","E","B",null],"character_chosen":"THE_SILENT","items_purchased":["Noxious Fumes","Corpse Explosion+1","TheAbacus","Art of War"],"campfire_rested":2,"item_purchase_floors":[6,19,54,54],"current_hp_per_floor":[32,32,31,31,24,24,6,5,5,1,20,12,10,10,29,5,51,43,43,43,33,32,20,20,20,20,6,6,8,10,11,11,12,28,28,28,27,29,29,31,33,33,33,33,33,31,33,23,23,25,27,32,32,32,32,28],"gold":119,"neow_bonus":"ONE_RARE_RELIC","is_daily":false,"chose_seed":false,"campfire_upgraded":3,"win_rate":0.0,"timestamp":1610531133,"path_taken":["M","$","M","?","?","$","?","M","T","M","R","M","M","?","R","BOSS","M","$","?","?","M","E","R","?","T","E","?","M","M","E","R","BOSS","M","?","M","M","?","E","M","E","T","M","E","?","E","?","R","BOSS","BOSS","R","$","E","BOSS"],"items_purchased_type":["Card","Card","Relic","Relic"],"build_version":"2020-12-22","purchased_purges":2,"victory":true,"max_hp_per_floor":[66,66,66,66,66,66,66,66,66,66,66,66,66,66,66,66,66,66,66,66,33,33,33,33,33,33,33,33,33,33,33,33,33,33,33,33,33,33,33,33,33,33,33,33,33,33,33,33,33,33,33,33,33,33,33,33],"card_choices":[{"not_picked":["Skewer","Endless Agony"],"picked":"Bouncing Flask","floor":1.0},{"not_picked":["PiercingWail","Choke","Underhanded Strike"],"picked":"SKIP","floor":3.0},{"not_picked":["Distraction+1","Dagger Spray"],"picked":"Backflip+1","floor":8.0},{"not_picked":["Bouncing Flask+1","Flechettes","Riddle With Holes"],"picked":"SKIP","floor":10.0},{"not_picked":["Caltrops","Flying Knee","Slice"],"picked":"SKIP","floor":12.0},{"not_picked":["Dash","Dodge and Roll+1"],"picked":"Crippling Poison+1","floor":13.0},{"not_picked":["Bane","Dodge and Roll+1"],"picked":"Acrobatics+1","floor":18.0},{"not_picked":["Poisoned Stab+1","Blade Dance+1"],"picked":"PiercingWail+1","floor":22.0},{"not_picked":["Acrobatics+1","Backflip+1","All Out Attack"],"picked":"SKIP","floor":23.0},{"not_picked":["Quick Slash","Infinite Blades","Flying Knee"],"picked":"SKIP","floor":27.0},{"not_picked":["Dodge and Roll+1","Poisoned Stab+1","Quick Slash"],"picked":"SKIP","floor":29.0},{"not_picked":["Flying Knee","After Image"],"picked":"Concentrate+1","floor":30.0},{"not_picked":["Caltrops","Flying Knee","Cloak And Dagger+1"],"picked":"SKIP","floor":31.0},{"not_picked":["Storm of Steel+1","Wraith Form v2"],"picked":"Adrenaline+1","floor":33.0},{"not_picked":["Tactician+1","Outmaneuver+1","PiercingWail+1"],"picked":"SKIP","floor":35.0},{"not_picked":["PiercingWail+1","All Out Attack","Deadly Poison+1"],"picked":"SKIP","floor":37.0},{"not_picked":["Finisher","Poisoned Stab","Flying Knee"],"picked":"SKIP","floor":38.0},{"not_picked":["Eviscerate","Quick Slash","Venomology+1"],"picked":"SKIP","floor":40.0},{"not_picked":["Choke","Masterful Stab","Heel Hook"],"picked":"SKIP","floor":41.0},{"not_picked":["Deadly Poison+1","Quick Slash","Outmaneuver+1"],"picked":"SKIP","floor":42.0},{"not_picked":["Deadly Poison+1","Flying Knee","Infinite Blades"],"picked":"SKIP","floor":44.0},{"not_picked":["Outmaneuver+1","Dodge and Roll+1","Backstab"],"picked":"SKIP","floor":45.0},{"not_picked":["Adrenaline+1","Sucker Punch"],"picked":"Catalyst+1","floor":47.0},{"not_picked":["Panacea+1","Transmutation+1"],"picked":"Finesse+1","floor":48.0},{"not_picked":["Forethought+1","Master of Strategy+1"],"picked":"Finesse+1","floor":48.0},{"not_picked":["PanicButton+1","Secret Weapon+1"],"picked":"Panache","floor":48.0},{"not_picked":["Deflect+1","Riddle With Holes"],"picked":"Footwork","floor":55}],"player_experience":1234032,"relics_obtained":[{"floor":4.0,"key":"Toxic Egg 2"},{"floor":23.0,"key":"Blood Vial"},{"floor":26.0,"key":"HornCleat"},{"floor":27.0,"key":"Snake Skull"},{"floor":31.0,"key":"Torii"},{"floor":36.0,"key":"Happy Flower"},{"floor":42.0,"key":"Sundial"},{"floor":43.0,"key":"Juzu Bracelet"},{"floor":45.0,"key":"Boot"},{"floor":46.0,"key":"Turnip"},{"floor":47.0,"key":"War Paint"},{"floor":55,"key":"Mummified Hand"}],"event_choices":[{"cards_removed":["Defend_G"],"damage_healed":0.0,"max_hp_gain":0.0,"max_hp_loss":0.0,"gold_gain":0.0,"event_name":"Golden Wing","player_choice":"Card Removal","floor":5.0,"gold_loss":0.0,"damage_taken":7.0},{"damage_healed":0.0,"max_hp_gain":0.0,"max_hp_loss":0.0,"gold_gain":0.0,"event_name":"Scrap Ooze","player_choice":"Success","floor":7.0,"gold_loss":0.0,"damage_taken":18.0,"relics_obtained":["PreservedInsect"]},{"cards_removed":["Strike_G"],"damage_healed":0.0,"max_hp_gain":0.0,"max_hp_loss":0.0,"gold_gain":0.0,"event_name":"Living Wall","player_choice":"Forget","floor":14.0,"gold_loss":0.0,"damage_taken":0.0},{"damage_healed":0.0,"max_hp_gain":0.0,"max_hp_loss":0.0,"gold_gain":0.0,"event_name":"The Mausoleum","player_choice":"Ignored","floor":20.0,"gold_loss":0.0,"damage_taken":0.0},{"damage_healed":0.0,"max_hp_gain":0.0,"max_hp_loss":33.0,"gold_gain":0.0,"event_name":"Ghosts","player_choice":"Became a Ghost","floor":21.0,"gold_loss":0.0,"damage_taken":0.0,"cards_obtained":["Ghostly","Ghostly","Ghostly"]},{"damage_healed":0.0,"max_hp_gain":0.0,"max_hp_loss":0.0,"gold_gain":0.0,"event_name":"The Library","player_choice":"Read","floor":25.0,"gold_loss":0.0,"damage_taken":0.0,"cards_obtained":["Tactician"]},{"damage_healed":0.0,"max_hp_gain":0.0,"max_hp_loss":0.0,"gold_gain":0.0,"event_name":"The Woman in Blue","player_choice":"Bought 1 Potion","floor":28.0,"gold_loss":0.0,"damage_taken":0.0},{"damage_healed":0.0,"max_hp_gain":0.0,"max_hp_loss":0.0,"gold_gain":0.0,"event_name":"Duplicator","player_choice":"Copied","floor":39.0,"gold_loss":0.0,"damage_taken":0.0,"cards_obtained":["Ghostly"]},{"damage_healed":0.0,"max_hp_gain":0.0,"max_hp_loss":0.0,"gold_gain":0.0,"event_name":"Mysterious Sphere","player_choice":"Fight","floor":46.0,"gold_loss":0.0,"damage_taken":0.0},{"damage_healed":0.0,"max_hp_gain":0.0,"max_hp_loss":0.0,"gold_gain":0.0,"event_name":"SensoryStone","player_choice":"Memory 3","floor":48.0,"gold_loss":0.0,"damage_taken":10.0}],"is_beta":false,"boss_relics":[{"not_picked":["Fusion Hammer","Tiny House"],"picked":"Runic Pyramid"},{"not_picked":["Coffee Dripper","SlaversCollar"],"picked":"Pandora\u0027s Box"}],"items_purged_floors":[2,54],"is_endless":false,"potions_floor_spawned":[1,10,12,29,31,35,40,42,44,45,55],"ascension_level":20}}