{"host":"3a1ypf1irl30q4k8","time":1610554040,"event":{"mods":["AchievementEnabler","BaseMod","Bestiary","Colored Map","Minty Spire (QoL Compilation)","Relic Stats"],"gold_per_floor":[113,113,133,146,159,159,193,40,40,70,70,70,103,117,117,213,213,233,233,253,267,267,292,304,334,409,444,456,480,492,504,516,632,644,673,703,765,443,443,443,478,478,478,511,527,537,551,128,128,128,128],"floor_reached":50,"language":"ENG","playtime":3041,"items_purged":["Decay","Strike_R","Strike_R"],"score":721,"play_id":"cd9302e0-0cfb-4ca4-8f57-88d5772c1f00","local_time":"20210113160720","is_ascension_mode":true,"campfire_choices":[{"data":"Perfected Strike","floor":6.0,"key":"SMITH"},{"data":"Perfected Strike","floor":12.0,"key":"SMITH"},{"data":"Iron Wave","floor":15.0,"key":"SMITH"},{"data":"Shockwave","floor":28.0,"key":"SMITH"},{"data":"Double Tap","floor":30.0,"key":"SMITH"},{"data":"Reaper","floor":32.0,"key":"SMITH"},{"data":"Offering","floor":40,"key":"SMITH"},{"data":"Strike_R","floor":42,"key":"PURGE"},{"floor":49,"key":"RECALL"}],"circlet_count":0,"master_deck":["Strike_R","Defend_R","Defend_R","Defend_R","Defend_R","Perfected Strike+1","Iron Wave+1","Thunderclap","Clothesline","Pommel Strike","Seeing Red","Perfected Strike+1","Cleave","Offering+1","Reaper+1","Acrobatics","Iron Wave+1","Pommel Strike","Shrug It Off+1","Shockwave+1","Impervious","Double Tap+1","Dual Wield","Immolate","Warcry+1","Inflame","Shrug It Off+1","Perfected Strike","Impervious"],"relics":["Black Blood","Shuriken","TungstenRod","Mango","Dream Catcher","Coffee Dripper","Unceasing Top","Pen Nib","Gremlin Horn","MawBank","Peace Pipe","Nunchaku","Lantern","MealTicket","DollysMirror","PreservedInsect"],"acts_visited":["Exordium","TheCity","TheBeyond"],"potions_floor_usage":[44,44,47,50,50],"damage_taken":[{"damage":9.0,"enemies":"Jaw Worm","floor":1.0,"turns":3.0},{"damage":12.0,"enemies":"Small Slimes","floor":3.0,"turns":3.0},{"damage":2.0,"enemies":"2 Louse","floor":4.0,"turns":3.0},{"damage":36.0,"enemies":"Gremlin Gang","floor":5.0,"turns":5.0},{"damage":27.0,"enemies":"Gremlin Nob","floor":7.0,"turns":4.0},{"damage":13.0,"enemies":"Lagavulin","floor":10.0,"turns":5.0},{"damage":9.0,"enemies":"Gremlin Nob","floor":13.0,"turns":3.0},{"damage":10.0,"enemies":"Looter","floor":14.0,"turns":2.0},{"damage":26.0,"enemies":"Hexaghost","floor":16.0,"turns":6.0},{"damage":10.0,"enemies":"Spheric Guardian","floor":18.0,"turns":3.0},{"damage":9.0,"enemies":"Chosen","floor":20.0,"turns":2.0},{"damage":21.0,"enemies":"Centurion and Healer","floor":21.0,"turns":4.0},{"damage":45.0,"enemies":"Book of Stabbing","floor":23.0,"turns":5.0},{"damage":0.0,"enemies":"Snecko","floor":24.0,"turns":3.0},{"damage":23.0,"enemies":"Gremlin Leader","floor":25.0,"turns":5.0},{"damage":30.0,"enemies":"Slavers","floor":27.0,"turns":4.0},{"damage":7.0,"enemies":"3 Cultists","floor":29.0,"turns":3.0},{"damage":60.0,"enemies":"Collector","floor":33.0,"turns":8.0},{"damage":6.0,"enemies":"3 Darklings","floor":35.0,"turns":4.0},{"damage":8,"enemies":"Orb Walker","floor":36,"turns":2},{"damage":15,"enemies":"Mind Bloom Boss Battle","floor":37,"turns":5},{"damage":18,"enemies":"Giant Head","floor":41,"turns":7},{"damage":46,"enemies":"Reptomancer","floor":44,"turns":3},{"damage":12,"enemies":"Spire Growth","floor":45,"turns":3},{"damage":0,"enemies":"4 Shapes","floor":46,"turns":3},{"damage":25,"enemies":"Jaw Worm Horde","floor":47,"turns":3},{"damage":98,"enemies":"Time Eater","floor":50,"turns":11}],"seed_played":"-2371486232103684810","potions_obtained":[{"floor":1.0,"key":"Block Potion"},{"floor":4.0,"key":"Regen Potion"},{"floor":7.0,"key":"Dexterity Potion"},{"floor":14.0,"key":"Energy Potion"},{"floor":18.0,"key":"ColorlessPotion"},{"floor":20.0,"key":"SneckoOil"},{"floor":23.0,"key":"DuplicationPotion"},{"floor":29.0,"key":"Strength Potion"},{"floor":36,"key":"LiquidMemories"},{"floor":45,"key":"CultistPotion"},{"floor":47,"key":"LiquidMemories"}],"is_trial":false,"path_per_floor":["M","?","M","M","M","R","E","$","T","E","?","R","E","M","R","B",null,"M","?","M","M","?","E","M","E","T","E","R","M","R","?","R","B",null,"M","M","?","$","?","R","E","R","T","E","M","M","M","$","R","B"],"character_chosen":"IRONCLAD","items_purchased":["Seeing Red","Nunchaku","DuplicationPotion","DollysMirror","PreservedInsect"],"campfire_rested":0,"item_purchase_floors":[8,38,38,48,48],"current_hp_per_floor":[93,93,87,91,70,70,49,49,49,56,56,56,53,49,49,29,110,106,106,103,94,94,55,66,67,67,55,55,74,74,74,74,36,110,110,110,107,107,104,104,98,98,98,75,75,87,74,89,89,0,0],"gold":128,"neow_bonus":"TWENTY_PERCENT_HP_BONUS","is_daily":false,"chose_seed":false,"campfire_upgraded":7,"win_rate":0.0,"timestamp":1610554040,"path_taken":["M","?","M","M","M","R","E","$","T","E","?","R","E","M","R","BOSS","M","?","?","M","?","E","M","E","T","E","R","M","R","?","R","BOSS","M","M","?","$","?","R","E","R","T","E","M","M","M","$","R","BOSS"],"items_purchased_type":["Card","Relic","Potion","Relic","Relic"],"build_version":"2020-12-22","purchased_purges":3,"victory":false,"max_hp_per_floor":[96,96,96,96,96,96,96,96,96,110,110,110,110,110,110,110,110,110,110,110,110,110,110,110,110,110,110,110,110,110,110,110,110,110,110,110,110,110,104,104,104,104,104,104,104,104,104,104,104,104,104],"relic_stats":{"Gremlin Horn":[19,19],"counters":[27,112],"Black Blood":194,"Pen Nib":[15],"PreservedInsect":0,"MawBank":132,"Peace Pipe":1,"Dream Catcher":0,"Nunchaku":[7],"Shuriken":[53],"MealTicket":15,"obtain_stats":[{"Lantern":41,"Gremlin Horn":26,"Black Blood":34,"Mango":10,"Pen Nib":25,"PreservedInsect":48,"MawBank":27,"Burning Blood":0,"Peace Pipe":37,"Dream Catcher":13,"Nunchaku":38,"Shuriken":7,"DollysMirror":48,"MealTicket":44,"Coffee Dripper":17,"TungstenRod":9,"Unceasing Top":23},{"Lantern":22,"Gremlin Horn":15,"Black Blood":18,"Mango":6,"Pen Nib":15,"PreservedInsect":26,"MawBank":16,"Burning Blood":0,"Peace Pipe":21,"Dream Catcher":7,"Nunchaku":21,"Shuriken":5,"DollysMirror":26,"MealTicket":23,"Coffee Dripper":9,"TungstenRod":5,"Unceasing Top":13},{"Lantern":89,"Gremlin Horn":56,"Black Blood":71,"Mango":23,"Pen Nib":56,"PreservedInsect":101,"MawBank":60,"Burning Blood":0,"Peace Pipe":82,"Dream Catcher":26,"Nunchaku":82,"Shuriken":18,"DollysMirror":101,"MealTicket":92,"Coffee Dripper":34,"TungstenRod":18,"Unceasing Top":48}],"TungstenRod":76,"Unceasing Top":[1]},"card_choices":[{"not_picked":["Clash","Heavy Blade"],"picked":"Perfected Strike","floor":1.0},{"not_picked":["Pummel","Headbutt"],"picked":"Iron Wave","floor":3.0},{"not_picked":["Reckless Charge","Barricade"],"picked":"Thunderclap","floor":4.0},{"not_picked":["Twin Strike","True Grit"],"picked":"Clothesline","floor":5.0},{"not_picked":["Flex","Uppercut"],"picked":"Pommel Strike","floor":7.0},{"not_picked":["Heavy Blade","True Grit"],"picked":"Perfected Strike","floor":10.0},{"not_picked":["Clothesline","Sword Boomerang"],"picked":"Cleave","floor":13.0},{"not_picked":["Shrug It Off","Spot Weakness"],"picked":"Offering","floor":14.0},{"not_picked":["Feed","Berserk"],"picked":"Reaper","floor":16.0},{"not_picked":["Intimidate","Thunderclap","Armaments"],"picked":"SKIP","floor":18.0},{"not_picked":["Reckless Charge","Armaments+1","Fire Breathing+1"],"picked":"SKIP","floor":20.0},{"not_picked":["Feel No Pain","Dropkick"],"picked":"Iron Wave+1","floor":21.0},{"not_picked":["Whirlwind","Reckless Charge+1"],"picked":"Shrug It Off+1","floor":23.0},{"not_picked":["Thunderclap","Shrug It Off"],"picked":"Shockwave","floor":24.0},{"not_picked":["Cleave+1","Heavy Blade"],"picked":"Impervious","floor":25.0},{"not_picked":["Shockwave","Disarm"],"picked":"Double Tap","floor":27.0},{"not_picked":["Clash","Ghostly Armor"],"picked":"Dual Wield","floor":29.0},{"not_picked":["Impervious","Limit Break"],"picked":"Immolate","floor":33.0},{"not_picked":["Twin Strike+1","Infernal Blade+1","Reckless Charge+1"],"picked":"SKIP","floor":35},{"not_picked":["Wild Strike","Headbutt","Clothesline+1"],"picked":"SKIP","floor":36},{"not_picked":["Clothesline+1","Hemokinesis"],"picked":"Warcry+1","floor":37},{"not_picked":["Second Wind","Hemokinesis"],"picked":"Inflame","floor":41},{"not_picked":["Wild Strike+1","Armaments","Metallicize"],"picked":"SKIP","floor":44},{"not_picked":["Infernal Blade","Feed","Hemokinesis+1"],"picked":"SKIP","floor":45},{"not_picked":["Armaments","Iron Wave"],"picked":"Shrug It Off+1","floor":46},{"not_picked":["Pummel","Flex+1"],"picked":"Perfected Strike","floor":47}],"player_experience":1042637,"relics_obtained":[{"floor":7.0,"key":"Shuriken"},{"floor":9.0,"key":"TungstenRod"},{"floor":10.0,"key":"Mango"},{"floor":13.0,"key":"Dream Catcher"},{"floor":23.0,"key":"Unceasing Top"},{"floor":25.0,"key":"Pen Nib"},{"floor":26.0,"key":"Gremlin Horn"},{"floor":27.0,"key":"MawBank"},{"floor":37,"key":"Peace Pipe"},{"floor":41,"key":"Lantern"},{"floor":44,"key":"MealTicket"}],"event_choices":[{"damage_healed":0.0,"max_hp_gain":0.0,"max_hp_loss":0.0,"gold_gain":0.0,"event_name":"Living Wall","player_choice":"Grow","floor":2.0,"gold_loss":0.0,"damage_taken":0.0,"cards_upgraded":["Bash"]},{"damage_healed":0.0,"max_hp_gain":0.0,"max_hp_loss":0.0,"gold_gain":0.0,"event_name":"Golden Idol","player_choice":"Ignored","floor":11.0,"gold_loss":0.0,"damage_taken":0.0},{"cards_removed":["Bash"],"damage_healed":0.0,"max_hp_gain":0.0,"max_hp_loss":0.0,"gold_gain":0.0,"event_name":"NoteForYourself","player_choice":"Took Card","floor":19.0,"gold_loss":0.0,"damage_taken":0.0,"cards_obtained":["Acrobatics"]},{"damage_healed":0.0,"max_hp_gain":0.0,"max_hp_loss":0.0,"gold_gain":0.0,"event_name":"The Library","player_choice":"Read","floor":22.0,"gold_loss":0.0,"damage_taken":0.0,"cards_obtained":["Pommel Strike"]},{"cards_removed":["Strike_R"],"damage_healed":0.0,"max_hp_gain":0.0,"max_hp_loss":0.0,"gold_gain":0.0,"event_name":"Back to Basics","player_choice":"Elegance","floor":31.0,"gold_loss":0.0,"damage_taken":0.0},{"damage_healed":0,"gold_gain":0,"player_choice":"Fight","damage_taken":0,"max_hp_gain":0,"max_hp_loss":0,"event_name":"MindBloom","floor":37,"gold_loss":0},{"damage_healed":0,"gold_gain":0,"player_choice":"Max HP","damage_taken":0,"max_hp_gain":0,"max_hp_loss":6,"event_name":"Winding Halls","floor":39,"gold_loss":0}],"is_beta":false,"boss_relics":[{"not_picked":["Pandora\u0027s Box","Sozu"],"picked":"Coffee Dripper"},{"not_picked":["Black Star","Fusion Hammer"],"picked":"Black Blood"}],"items_purged_floors":[8,38,48],"is_endless":false,"potions_floor_spawned":[1,4,7,14,18,20,23,29,36,45,47],"killed_by":"Time Eater","ascension_level":3}}