{"host":"z9mq1tf06lkrncmk","time":1610508403,"event":{"mods":["BaseMod","Downfall","Minty Spire (QoL Compilation)","StSLib"],"gold_per_floor":[99,118,128,128,145,170,194,211,211,223,235,274,211,18,37,136,136,136,148,159,176,192,192,192,192,292,31,31,41,59,59,78,175,175,175,193,208,208,220,246,272,272,272,287,287,314,314,332,345,345],"floor_reached":51,"language":"ENG","playtime":3035,"items_purged":[],"score":706,"play_id":"a9d81a71-1b83-415c-b4cc-2f86d5046f3e","local_time":"20210112222643","is_ascension_mode":false,"campfire_choices":[{"data":"expansioncontent:DecasProtection","floor":1,"key":"SMITH"},{"floor":13,"key":"REST"},{"data":"champ:LastStand","floor":18,"key":"SMITH"},{"floor":23,"key":"REST"},{"data":"champ:ArenaPreparation","floor":25,"key":"SMITH"},{"data":"champ:FocusedBerserking","floor":35,"key":"SMITH"},{"data":"champ:BringItOn","floor":45,"key":"SMITH"},{"floor":47,"key":"REST"}],"circlet_count":0,"master_deck":["champ:Strike","champ:Strike","champ:Strike","champ:Strike","champ:Defend","champ:Defend","champ:Defend+1","champ:Defend+1","champ:Execute","champ:Taunt+1","expansioncontent:DecasProtection+1","champ:FocusedBerserking+1","champ:AdrenalArmor","champ:Shatter","champ:Encircle","champ:BerserkersShout","champ:ArenaPreparation+1","champ:BringItOn+1","champ:LastStand+1","CurseOfTheBell","champ:EndlessRage+1","Bandage Up+1","J.A.X.+1","champ:ShieldThrow","Doubt","Injury","Doubt","champ:IronFortress"],"relics":["champ:ChampionCrown","Potion Belt","Pantograph","champ:FightingForDummies","MawBank","Art of War","downfall:HeartBlessingGreen","TheAbacus","Calling Bell","Toy Ornithopter","Toxic Egg 2","Ginger","Darkstone Periapt","champ:BerserkersGuideToSlaughter","Cursed Key","Orichalcum","PreservedInsect","Mercury Hourglass"],"acts_visited":["Exordium","TheCity","TheBeyond"],"potions_floor_usage":[6,16,21,29,33,36,44,48,50,50],"damage_taken":[{"damage":5,"enemies":"2 Louse","floor":2,"turns":3},{"damage":17,"enemies":"Jaw Worm","floor":3,"turns":7},{"damage":6,"enemies":"Cultist","floor":5,"turns":5},{"damage":64,"enemies":"3 Sentries","floor":6,"turns":16},{"damage":22,"enemies":"Exordium Thugs","floor":8,"turns":7},{"damage":8,"enemies":"downfall:FleeingMerchant","floor":14,"turns":4},{"damage":11,"enemies":"2 Fungi Beasts","floor":15,"turns":3},{"damage":46,"enemies":"downfall:Watcher","floor":16,"turns":7},{"damage":42,"enemies":"Shell Parasite","floor":19,"turns":4},{"damage":32,"enemies":"Chosen","floor":20,"turns":6},{"damage":37,"enemies":"Snecko","floor":21,"turns":5},{"damage":79,"enemies":"Chosen and Byrds","floor":22,"turns":6},{"damage":33,"enemies":"downfall:FleeingMerchant","floor":27,"turns":4},{"damage":41,"enemies":"Snake Plant","floor":29,"turns":4},{"damage":83,"enemies":"Cultist and Chosen","floor":30,"turns":7},{"damage":45,"enemies":"Centurion and Healer","floor":32,"turns":5},{"damage":93,"enemies":"downfall:Ironclad","floor":33,"turns":10},{"damage":59,"enemies":"3 Shapes","floor":36,"turns":6},{"damage":74,"enemies":"Orb Walker","floor":37,"turns":5},{"damage":58,"enemies":"3 Darklings","floor":39,"turns":5},{"damage":26,"enemies":"Transient","floor":44,"turns":5},{"damage":74,"enemies":"Reptomancer","floor":46,"turns":7},{"damage":71,"enemies":"Writhing Mass","floor":48,"turns":7},{"damage":43,"enemies":"Maw","floor":49,"turns":8},{"damage":102,"enemies":"downfall:Defect","floor":50,"turns":8}],"seed_played":"1974196259132341923","potions_obtained":[{"floor":3,"key":"Guardian:BlockOnCardUsePotion"},{"floor":15,"key":"LiquidMemories"},{"floor":16,"key":"champ:CounterPotion"},{"floor":21,"key":"SteroidPotion"},{"floor":22,"key":"BlessingOfTheForge"},{"floor":33,"key":"Block Potion"},{"floor":36,"key":"SpeedPotion"},{"floor":39,"key":"GamblersBrew"},{"floor":46,"key":"Strength Potion"},{"floor":48,"key":"champ:CounterPotion"}],"is_trial":false,"path_per_floor":["R","M","M","?","M","E","T","M","T","?","?","T","R","$","M","B",null,"R","M","M","M","M","R","T","R","?","$","?","M","M","?","M","B",null,"R","M","M","?","M","?","T","?","?","M","R","E","R","M","M","B",null],"character_chosen":"THE_CHAMP","items_purchased":["TheAbacus","champ:ArenaPreparation","Bandage Up+1","champ:BerserkersGuideToSlaughter"],"campfire_rested":3,"item_purchase_floors":[14,14,27,27],"current_hp_per_floor":[90,90,83,65,65,36,36,32,32,32,32,32,59,59,59,77,90,90,84,84,86,49,76,76,76,76,75,75,74,45,45,36,19,90,90,81,51,43,26,32,38,108,108,108,108,75,107,83,88,88],"gold":345,"neow_bonus":"RANDOM_COLORLESS","is_daily":false,"chose_seed":false,"campfire_upgraded":5,"win_rate":0.0,"timestamp":1610508403,"path_taken":["R","M","M","?","M","E","T","M","?","?","?","?","R","$","M","BOSS","R","M","M","M","M","R","T","R","?","?","?","?","M","?","M","BOSS","R","M","M","?","?","?","T","?","?","M","R","E","R","M","M","BOSS"],"items_purchased_type":["Relic","Card","Card","Relic"],"build_version":"2020-12-22","purchased_purges":0,"victory":true,"max_hp_per_floor":[90,90,90,90,90,90,90,90,90,90,90,90,90,90,90,90,90,90,90,90,90,90,90,90,90,90,90,90,90,90,90,90,90,90,90,90,90,90,90,96,102,108,108,108,108,108,108,108,108,108],"card_choices":[{"not_picked":["Flash of Steel","Blind"],"picked":"expansioncontent:DecasProtection","floor":0},{"not_picked":["champ:FaceSlap","champ:StanceDance"],"picked":"champ:FocusedBerserking","floor":2},{"not_picked":["champ:BladeFlurry","champ:BerserkersShout"],"picked":"champ:AdrenalArmor","floor":3},{"not_picked":["champ:Circumvent","champ:GladiatorsShout","champ:Backstep"],"picked":"SKIP","floor":5},{"not_picked":["champ:SkillfulDodge","champ:FlashCut"],"picked":"champ:Shatter","floor":6},{"not_picked":["champ:GutPunch","champ:AdrenalArmor"],"picked":"champ:Encircle","floor":8},{"not_picked":["champ:RisingSlash","champ:TornadoPunch"],"picked":"champ:BerserkersShout","floor":14},{"not_picked":["champ:PerfectedStrike","champ:SkillfulDodge"],"picked":"champ:BringItOn","floor":15},{"not_picked":["champ:HeavySlash","champ:IgnorePain"],"picked":"champ:LastStand","floor":16},{"not_picked":["champ:ViciousMockery+1","champ:DeathBlow"],"picked":"champ:EndlessRage+1","floor":19},{"not_picked":["champ:StanceDance+1","champ:DefensiveShout+1","champ:BringItOn+1"],"picked":"SKIP","floor":20},{"not_picked":["champ:Haymaker+1","champ:BerserkersShout+1","champ:TornadoPunch"],"picked":"SKIP","floor":21},{"not_picked":["champ:BerserkersShout+1","champ:Haymaker","champ:FanOfKnives+1"],"picked":"SKIP","floor":22},{"not_picked":["champ:FalseCounter+1","champ:BladeFlurry","champ:TornadoPunch"],"picked":"SKIP","floor":27},{"not_picked":["champ:StanceDance+1","champ:CheapShot","champ:Riposte+1"],"picked":"SKIP","floor":29},{"not_picked":["champ:ShieldWall+1","champ:Duel","champ:TornadoPunch+1"],"picked":"SKIP","floor":30},{"not_picked":["champ:CrookedStrike","champ:StanceDance+1","champ:BerserkersShout+1"],"picked":"SKIP","floor":32},{"not_picked":["champ:SteelEdge","champ:VampiricStrike"],"picked":"champ:ShieldThrow","floor":33},{"not_picked":["champ:GutPunch","champ:ShieldWall","champ:DefensiveShout+1"],"picked":"SKIP","floor":36},{"not_picked":["champ:FightOn","champ:Haymaker+1","champ:BerserkersShout+1"],"picked":"SKIP","floor":37},{"not_picked":["champ:CrookedStrike","champ:Backstep+1","champ:GutPunch+1"],"picked":"SKIP","floor":39},{"not_picked":["champ:Shatter+1","champ:Encircle+1","champ:GladiatorStyle+1"],"picked":"SKIP","floor":44},{"not_picked":["champ:AdrenalArmor+1","champ:BringItOn+1","champ:CheapShot"],"picked":"SKIP","floor":46},{"not_picked":["champ:StanceDance+1","champ:TornadoPunch","champ:SkillfulDodge+1"],"picked":"SKIP","floor":48},{"not_picked":["champ:FanOfKnives","champ:Haymaker"],"picked":"champ:IronFortress","floor":49}],"player_experience":346751,"relics_obtained":[{"floor":6,"key":"Pantograph"},{"floor":7,"key":"champ:FightingForDummies"},{"floor":9,"key":"MawBank"},{"floor":12,"key":"Art of War"},{"floor":17,"key":"Toy Ornithopter"},{"floor":17,"key":"Toxic Egg 2"},{"floor":17,"key":"Ginger"},{"floor":24,"key":"Darkstone Periapt"},{"floor":40,"key":"Orichalcum"},{"floor":41,"key":"PreservedInsect"},{"floor":46,"key":"Mercury Hourglass"}],"event_choices":[{"damage_healed":0,"gold_gain":0,"player_choice":"Success","damage_taken":18,"relics_obtained":["Potion Belt"],"max_hp_gain":0,"max_hp_loss":0,"event_name":"Scrap Ooze","floor":4,"gold_loss":0},{"damage_healed":0,"gold_gain":0,"player_choice":"Grow","damage_taken":0,"max_hp_gain":0,"max_hp_loss":0,"event_name":"Living Wall","floor":10,"gold_loss":0,"cards_upgraded":["champ:Taunt"]},{"damage_healed":0,"gold_gain":0,"player_choice":"Obtain J.A.X.","damage_taken":0,"max_hp_gain":0,"max_hp_loss":0,"event_name":"Drug Dealer","floor":28,"gold_loss":0,"cards_obtained":["J.A.X."]}],"is_beta":false,"boss_relics":[{"not_picked":["Runic Pyramid","Snecko Eye"],"picked":"Calling Bell"},{"not_picked":["Philosopher\u0027s Stone","Black Star"],"picked":"Cursed Key"}],"items_purged_floors":[],"is_endless":false,"potions_floor_spawned":[3,15,16,21,22,33,36,39,46,48],"ascension_level":0}}