{"host":"b7j598ve05halrwk","time":1610568806,"event":{"mods":["2.2 Compatiblity","BaseMod","Block Reminder","DeckTracker","Minty Spire (QoL Compilation)","Relic Stats","Slay the Relics Exporter","StSLib","ojb\u0027s Better Paths Mod","ojb\u0027s Info Mod"],"gold_per_floor":[118,193,20,20,32,32,73,73,73,109,128,150,47,81,81,167,167,188,216,225,248,275,275,305,305,329,358,358,13,57,27,27,113,113,135,155,174,174,202,243,243,273,273,273,300,336,211,252,252,252,252,252,252,27,63,88],"floor_reached":57,"language":"ENG","playtime":6550,"items_purged":["Strike_B","Strike_B","Strike_B"],"score":3538,"play_id":"9b907100-bad5-4eba-8070-6eca1378c7d5","local_time":"20210113151326","is_ascension_mode":true,"campfire_choices":[{"data":"Beam Cell","floor":6.0,"key":"SMITH"},{"data":"Rip and Tear","floor":8.0,"key":"SMITH"},{"data":"Defragment","floor":15.0,"key":"SMITH"},{"data":"Hyperbeam","floor":23.0,"key":"SMITH"},{"floor":25.0,"key":"REST"},{"data":"Multi-Cast","floor":28.0,"key":"SMITH"},{"data":"Reinforced Body","floor":32.0,"key":"SMITH"},{"floor":41.0,"key":"RECALL"},{"data":"Consume","floor":44.0,"key":"SMITH"},{"data":"Hologram","floor":49,"key":"SMITH"},{"data":"Transmutation","floor":53,"key":"SMITH"}],"circlet_count":0,"master_deck":["AscendersBane","Strike_B","Defend_B","Defend_B","Defend_B","Defend_B","Zap","Dualcast","Beam Cell+1","BootSequence","Rip and Tear+1","Seek","Cold Snap","Leap","Defragment+1","Reinforced Body+1","Multi-Cast+1","Force Field","Consume+1","Hyperbeam+1","Reinforced Body+1","Scrape","Self Repair","Echo Form","Genetic Algorithm","Creative AI","Glacier","Glacier","Thunder Strike","Transmutation+1","Master of Strategy","Impatience","Hologram+1","Skim","Aggregate","Echo Form","Glacier+1"],"relics":["Cracked Core","Calipers","PreservedInsect","CeramicFish","Gambling Chip","Happy Flower","Nunchaku","Snecko Eye","MealTicket","Bag of Marbles","DataDisk","Chemical X","Dream Catcher","Coffee Dripper","Ancient Tea Set","Ornamental Fan","Pocketwatch","Smiling Mask","DollysMirror","Oddly Smooth Stone"],"acts_visited":["Exordium","TheCity","TheBeyond","TheEnding"],"potions_floor_usage":[51,55],"damage_taken":[{"damage":13.0,"enemies":"Small Slimes","floor":1.0,"turns":4.0},{"damage":7.0,"enemies":"Jaw Worm","floor":5.0,"turns":3.0},{"damage":11.0,"enemies":"Gremlin Nob","floor":7.0,"turns":3.0},{"damage":5.0,"enemies":"Lagavulin","floor":10.0,"turns":4.0},{"damage":0.0,"enemies":"Cultist","floor":11.0,"turns":2.0},{"damage":0.0,"enemies":"Red Slaver","floor":12.0,"turns":2.0},{"damage":8.0,"enemies":"3 Sentries","floor":14.0,"turns":6.0},{"damage":8.0,"enemies":"Hexaghost","floor":16.0,"turns":10.0},{"damage":0.0,"enemies":"Spheric Guardian","floor":18.0,"turns":8.0},{"damage":23.0,"enemies":"3 Byrds","floor":19.0,"turns":8.0},{"damage":0.0,"enemies":"Snecko","floor":21.0,"turns":3.0},{"damage":0.0,"enemies":"Centurion and Healer","floor":22.0,"turns":11.0},{"damage":11.0,"enemies":"Gremlin Leader","floor":24.0,"turns":6.0},{"damage":3.0,"enemies":"Book of Stabbing","floor":27.0,"turns":3.0},{"damage":0.0,"enemies":"Gremlin Leader","floor":30.0,"turns":3.0},{"damage":0.0,"enemies":"Champ","floor":33.0,"turns":23.0},{"damage":1.0,"enemies":"Orb Walker","floor":35.0,"turns":5.0},{"damage":0.0,"enemies":"3 Shapes","floor":36.0,"turns":11.0},{"damage":29.0,"enemies":"Writhing Mass","floor":37.0,"turns":11.0},{"damage":0.0,"enemies":"Sphere and 2 Shapes","floor":39.0,"turns":10.0},{"damage":0.0,"enemies":"Giant Head","floor":40.0,"turns":10.0},{"damage":0.0,"enemies":"Reptomancer","floor":42.0,"turns":6.0},{"damage":0.0,"enemies":"Nemesis","floor":46.0,"turns":7.0},{"damage":0,"enemies":"Giant Head","floor":48,"turns":9},{"damage":0,"enemies":"Donu and Deca","floor":50,"turns":12},{"damage":0,"enemies":"Awakened One","floor":51,"turns":16},{"damage":0,"enemies":"Shield and Spear","floor":55,"turns":6},{"damage":0,"enemies":"The Heart","floor":56,"turns":15}],"seed_played":"-1294740691413053680","potions_obtained":[{"floor":5.0,"key":"Swift Potion"},{"floor":7.0,"key":"LiquidBronze"},{"floor":10.0,"key":"Swift Potion"},{"floor":14.0,"key":"BlessingOfTheForge"},{"floor":19.0,"key":"Block Potion"},{"floor":27.0,"key":"BlessingOfTheForge"},{"floor":36.0,"key":"Explosive Potion"},{"floor":39.0,"key":"DuplicationPotion"},{"floor":40.0,"key":"DistilledChaos"}],"is_trial":false,"path_per_floor":["M","?","$","?","M","R","E","R","T","E","M","M","$","E","R","B",null,"M","M","?","M","M","R","E","R","T","E","R","$","E","$","R","B",null,"M","M","M","?","M","E","R","E","T","R","?","E","$","E","R","B","B",null,"R","$","E","B",null],"character_chosen":"DEFECT","items_purchased":["PreservedInsect","Defragment","Chemical X","Self Repair","Genetic Algorithm","Aggregate","DollysMirror"],"campfire_rested":1,"item_purchase_floors":[3,13,29,29,31,54,54],"current_hp_per_floor":[51,40,40,61,54,54,43,43,43,38,38,38,38,30,30,22,54,54,31,31,31,31,31,20,39,39,36,36,51,51,64,64,64,64,64,64,49,49,63,64,64,64,64,64,54,54,64,64,64,64,64,64,64,64,64,64],"gold":88,"neow_bonus":"ONE_RARE_RELIC","is_daily":false,"chose_seed":false,"campfire_upgraded":9,"win_rate":0.0,"timestamp":1610568806,"path_taken":["M","?","$","?","M","R","E","R","T","E","M","M","$","E","R","BOSS","M","M","?","?","M","R","E","R","T","E","R","$","E","?","R","BOSS","M","M","?","?","?","E","R","E","T","R","?","E","?","E","R","BOSS","BOSS","R","$","E","BOSS"],"items_purchased_type":["Relic","Card","Relic","Card","Card","Card","Relic"],"build_version":"2020-12-22","purchased_purges":3,"victory":true,"max_hp_per_floor":[64,64,64,64,64,64,64,64,64,64,64,64,64,64,64,64,64,64,64,64,64,64,64,64,64,64,64,64,64,64,64,64,64,64,64,64,64,64,64,64,64,64,64,64,64,64,64,64,64,64,64,64,64,64,64,64],"relic_stats":{"Happy Flower":[67],"counters":[28,217],"CeramicFish":243,"PreservedInsect":670,"Smiling Mask":0,"Nunchaku":[27],"Dream Catcher":0,"Ornamental Fan":[84],"Gambling Chip":[100],"Snecko Eye":[369,347,367,335],"MealTicket":38,"Chemical X":[117],"obtain_stats":[{"Calipers":0,"Happy Flower":10,"CeramicFish":7,"Oddly Smooth Stone":55,"PreservedInsect":3,"Ancient Tea Set":40,"Smiling Mask":48,"Nunchaku":14,"DataDisk":27,"Dream Catcher":30,"Ornamental Fan":42,"DollysMirror":54,"Gambling Chip":9,"Snecko Eye":17,"MealTicket":24,"Bag of Marbles":26,"Coffee Dripper":34,"Chemical X":29,"Cracked Core":0,"Pocketwatch":46},{"Calipers":0,"Happy Flower":4,"CeramicFish":3,"Oddly Smooth Stone":27,"PreservedInsect":1,"Ancient Tea Set":21,"Smiling Mask":24,"Nunchaku":7,"DataDisk":14,"Dream Catcher":15,"Ornamental Fan":22,"DollysMirror":26,"Gambling Chip":3,"Snecko Eye":8,"MealTicket":13,"Bag of Marbles":13,"Coffee Dripper":16,"Chemical X":14,"Cracked Core":0,"Pocketwatch":23},{"Calipers":0,"Happy Flower":14,"CeramicFish":10,"Oddly Smooth Stone":202,"PreservedInsect":4,"Ancient Tea Set":146,"Smiling Mask":168,"Nunchaku":24,"DataDisk":73,"Dream Catcher":76,"Ornamental Fan":152,"DollysMirror":196,"Gambling Chip":10,"Snecko Eye":34,"MealTicket":70,"Bag of Marbles":70,"Coffee Dripper":99,"Chemical X":73,"Cracked Core":0,"Pocketwatch":159}],"Pocketwatch":[2]},"card_choices":[{"not_picked":["Go for the Eyes","Leap"],"picked":"Beam Cell","floor":1.0},{"not_picked":["Storm","Static Discharge"],"picked":"BootSequence","floor":5.0},{"not_picked":["Auto Shields","Melter"],"picked":"Rip and Tear","floor":7.0},{"not_picked":["Blizzard","Streamline"],"picked":"Seek","floor":10.0},{"not_picked":["Skim","Steam"],"picked":"Cold Snap","floor":11.0},{"not_picked":["Gash","Tempest"],"picked":"Leap","floor":12.0},{"not_picked":["Go for the Eyes","Beam Cell"],"picked":"Reinforced Body","floor":14.0},{"not_picked":["Buffer","All For One"],"picked":"Multi-Cast","floor":16.0},{"not_picked":["Darkness","Conserve Battery"],"picked":"Force Field","floor":18.0},{"not_picked":["Rebound+1","Gash"],"picked":"Consume","floor":19.0},{"not_picked":["Steam Power","Aggregate"],"picked":"Reinforced Body+1","floor":21.0},{"not_picked":["Blizzard+1","Stack"],"picked":"Scrape","floor":22.0},{"not_picked":["Redo","FTL","Chaos"],"picked":"SKIP","floor":24.0},{"not_picked":["Barrage","Cold Snap","Redo"],"picked":"SKIP","floor":27.0},{"not_picked":["White Noise","Go for the Eyes+1"],"picked":"Echo Form","floor":30.0},{"not_picked":["Multi-Cast","Fission"],"picked":"Creative AI","floor":33.0},{"not_picked":["Rebound","Stack"],"picked":"Glacier","floor":35.0},{"not_picked":["Ball Lightning","Redo+1","Beam Cell"],"picked":"SKIP","floor":36.0},{"not_picked":["Leap","Go for the Eyes","Sweeping Beam+1"],"picked":"SKIP","floor":37.0},{"not_picked":["Steam","Reprogram"],"picked":"Glacier","floor":39.0},{"not_picked":["Rebound","Streamline"],"picked":"Thunder Strike","floor":40.0},{"not_picked":["Go for the Eyes+1","Turbo+1","Chill"],"picked":"SKIP","floor":42.0},{"not_picked":["PanicButton","Flash of Steel"],"picked":"Transmutation","floor":45.0},{"not_picked":["Blind","Jack Of All Trades"],"picked":"Master of Strategy","floor":45.0},{"not_picked":["Chrysalis","Panacea"],"picked":"Impatience","floor":45.0},{"not_picked":["Go for the Eyes","Streamline"],"picked":"Hologram","floor":46.0},{"not_picked":["Coolheaded","Double Energy"],"picked":"Skim","floor":48},{"not_picked":["White Noise","Seek"],"picked":"Glacier+1","floor":55}],"player_experience":942040,"relics_obtained":[{"floor":7.0,"key":"CeramicFish"},{"floor":9.0,"key":"Gambling Chip"},{"floor":10.0,"key":"Happy Flower"},{"floor":14.0,"key":"Nunchaku"},{"floor":24.0,"key":"MealTicket"},{"floor":26.0,"key":"Bag of Marbles"},{"floor":27.0,"key":"DataDisk"},{"floor":30.0,"key":"Dream Catcher"},{"floor":40.0,"key":"Ancient Tea Set"},{"floor":42.0,"key":"Ornamental Fan"},{"floor":46.0,"key":"Pocketwatch"},{"floor":48,"key":"Smiling Mask"},{"floor":55,"key":"Oddly Smooth Stone"}],"event_choices":[{"damage_healed":0.0,"max_hp_gain":0.0,"max_hp_loss":0.0,"gold_gain":75.0,"event_name":"World of Goop","player_choice":"Gather Gold","floor":2.0,"gold_loss":0.0,"damage_taken":11.0},{"damage_healed":21.0,"max_hp_gain":0.0,"max_hp_loss":0.0,"gold_gain":0.0,"event_name":"Big Fish","player_choice":"Banana","floor":4.0,"gold_loss":0.0,"damage_taken":0.0},{"damage_healed":0.0,"max_hp_gain":0.0,"max_hp_loss":0.0,"gold_gain":0.0,"event_name":"Match and Keep!","player_choice":"1 cards matched","floor":20.0,"gold_loss":0.0,"damage_taken":0.0,"cards_obtained":["Hyperbeam"]},{"damage_healed":0.0,"max_hp_gain":0.0,"max_hp_loss":0.0,"gold_gain":0.0,"event_name":"SecretPortal","player_choice":"Ignored","floor":38.0,"gold_loss":0.0,"damage_taken":0.0},{"damage_healed":0.0,"max_hp_gain":0.0,"max_hp_loss":0.0,"gold_gain":0.0,"event_name":"SensoryStone","player_choice":"Memory 3","floor":45.0,"gold_loss":0.0,"damage_taken":10.0}],"is_beta":false,"boss_relics":[{"not_picked":["SacredBark","Busted Crown"],"picked":"Snecko Eye"},{"not_picked":["Fusion Hammer","Nuclear Battery"],"picked":"Coffee Dripper"}],"items_purged_floors":[13,29,47],"is_endless":false,"potions_floor_spawned":[5,7,10,11,14,19,27,36,39,40,42],"ascension_level":20}}