{"host":"gbbz8f5svnnpwo8d","time":1610541347,"event":{"mods":["AchievementEnabler","AlwaysNeverKeys","BaseMod","Bestiary","Better Altar","Better Match","Better Note","Better Sensory Stone","Better Silent Start","Better Skull","Better Third Choice","Better Vampires","Better-Laid Plans","BetterRewards","Block Reminder","Colored Map","Colored Powertips","Curses Come First","Dark Map","Displayed Cursed Tome","GifTheSpireLib","Minty Spire (QoL Compilation)","MonsterHotkey","Permanent Neow","Potion Indicator Mod","Quick Restart","Random Character Button","Rare Cards Sparkle","Relic Stats","Shop Mod","Spicy Shops","Spire Birthday Party","StSLib","Transform Curses"],"gold_per_floor":[113,113,133,133,208,208,222,222,274,274,288,309,60,90,90,190,190,160,160,160,160,160,160,160,160,160,160,160,160,85,39,39,39,39,39,39,39,39,39,39,39,39,39,39,39,39,39,39,39,39,39,39,39,39,39,39],"floor_reached":55,"language":"ENG","playtime":1077,"items_purged":[],"score":972,"play_id":"f5adf2d5-c0e6-4a8c-8e3b-fdbc97cb0107","local_time":"20210113053547","is_ascension_mode":false,"campfire_choices":[{"data":"Berserk","floor":6.0,"key":"SMITH"},{"data":"Whirlwind","floor":8,"key":"SMITH"},{"data":"Bash","floor":10,"key":"SMITH"},{"data":"Flex","floor":15,"key":"SMITH"},{"data":"Limit Break","floor":23,"key":"SMITH"},{"data":"Inflame","floor":27,"key":"SMITH"},{"data":"Limit Break","floor":29,"key":"SMITH"},{"data":"Inflame","floor":32,"key":"SMITH"},{"data":"Dual Wield","floor":40,"key":"SMITH"},{"data":"Flex","floor":42,"key":"SMITH"},{"data":"Whirlwind","floor":49,"key":"SMITH"},{"data":"Deep Breath","floor":52,"key":"SMITH"}],"circlet_count":0,"master_deck":["Strike_R+1","Strike_R+1","Strike_R+1","Defend_R+1","Defend_R+1","Defend_R+1","Defend_R+1","Bash+1","Whirlwind+1","Berserk+1","Power Through","Flex+1","Whirlwind+1","Offering","Flame Barrier","Limit Break+1","Inflame+1","Inflame+1","Rage+1","Limit Break+1","Flex+1","Offering","Madness","Madness","Dual Wield+1","Deep Breath+1"],"relics":["Burning Blood","Chemical X","Incense Burner","Juzu Bracelet","Meat on the Bone","Centennial Puzzle","Odd Mushroom","Bag of Marbles","Ectoplasm","Sundial","Red Mask","CeramicFish","Gremlin Horn","Happy Flower","Busted Crown","MawBank","Magic Flower","Kunai"],"acts_visited":["Exordium","TheCity","TheBeyond","TheEnding"],"potions_floor_usage":[18,33,33,50,55,55],"damage_taken":[{"damage":0.0,"enemies":"2 Louse","floor":1.0,"turns":1.0},{"damage":2.0,"enemies":"Small Slimes","floor":3.0,"turns":2.0},{"damage":6,"enemies":"Jaw Worm","floor":7,"turns":2},{"damage":2,"enemies":"2 Fungi Beasts","floor":11,"turns":2},{"damage":0,"enemies":"The Mushroom Lair","floor":12,"turns":1},{"damage":15,"enemies":"3 Sentries","floor":14,"turns":2},{"damage":1,"enemies":"Slime Boss","floor":16,"turns":3},{"damage":0,"enemies":"2 Thieves","floor":18,"turns":2},{"damage":10,"enemies":"Spheric Guardian","floor":21,"turns":3},{"damage":0,"enemies":"Masked Bandits","floor":24,"turns":2},{"damage":14,"enemies":"Book of Stabbing","floor":25,"turns":3},{"damage":6,"enemies":"Gremlin Leader","floor":28,"turns":3},{"damage":8,"enemies":"Automaton","floor":33,"turns":3},{"damage":12,"enemies":"Orb Walker","floor":35,"turns":2},{"damage":15,"enemies":"3 Darklings","floor":38,"turns":3},{"damage":6,"enemies":"Maw","floor":39,"turns":1},{"damage":12,"enemies":"Transient","floor":41,"turns":3},{"damage":34,"enemies":"Mind Bloom Boss Battle","floor":44,"turns":3},{"damage":0,"enemies":"Jaw Worm Horde","floor":47,"turns":1},{"damage":16,"enemies":"Time Eater","floor":50,"turns":5},{"damage":28,"enemies":"Shield and Spear","floor":54,"turns":3},{"damage":108,"enemies":"The Heart","floor":55,"turns":5}],"seed_played":"3155041022956998750","potions_obtained":[{"floor":7,"key":"LiquidMemories"},{"floor":14,"key":"EssenceOfSteel"},{"floor":16,"key":"BloodPotion"},{"floor":21,"key":"PowerPotion"},{"floor":39,"key":"Regen Potion"},{"floor":41,"key":"Dexterity Potion"}],"is_trial":false,"path_per_floor":["M","?","M","?","?","R","M","R","T","R","M","?","$","E","R","B",null,"M","?","?","M","T","R","?","E","T","R","E","R","?","$","R","B",null,"M","?","?","M","M","R","M","R","T","?","?","?","M","$","R","B",null,"R","$","E","B"],"character_chosen":"IRONCLAD","items_purchased":["Chemical X","Whirlwind","Juzu Bracelet","Whirlwind","Offering","Flex"],"campfire_rested":0,"item_purchase_floors":[0,0,0,13,13,31],"current_hp_per_floor":[64,64,68,61,50,50,50,50,50,50,54,60,60,51,51,56,80,80,80,80,76,76,76,80,72,72,72,72,72,72,72,72,70,80,74,74,64,55,55,55,49,49,49,33,33,33,60,60,60,53,80,80,80,61,0,0],"gold":39,"neow_bonus":"","is_daily":false,"chose_seed":false,"campfire_upgraded":12,"win_rate":0.0,"timestamp":1610541347,"path_taken":["M","?","M","?","?","R","M","R","T","R","M","?","$","E","R","BOSS","M","?","?","M","?","R","?","E","T","R","E","R","?","?","R","BOSS","M","?","?","M","M","R","M","R","T","?","?","?","M","?","R","BOSS","R","$","E","BOSS"],"items_purchased_type":["Relic","Card","Relic","Card","Card","Card"],"build_version":"2020-12-22","purchased_purges":0,"victory":false,"max_hp_per_floor":[80,80,80,80,80,80,80,80,80,80,80,80,80,80,80,80,80,80,80,80,80,80,80,80,80,80,80,80,80,80,80,80,80,80,80,80,80,80,80,80,80,80,80,80,80,80,80,80,80,80,80,80,80,80,80,80],"relic_stats":{"Gremlin Horn":[5,5],"Happy Flower":[64],"counters":[158,682],"CeramicFish":0,"Magic Flower":[30],"Juzu Bracelet":2,"MawBank":0,"Burning Blood":360,"Centennial Puzzle":[45],"Busted Crown":18,"Sundial":[4],"Ectoplasm":708,"Chemical X":[43],"Kunai":[0],"obtain_stats":[{"Ice Cream":48,"Calipers":46,"Gremlin Horn":52,"CeramicFish":25,"Vajra":23,"Ginger":39,"Bottled Tornado":45,"Boot":54,"Lizard Tail":48,"Centennial Puzzle":9,"Sundial":22,"MealTicket":0,"Fusion Hammer":17,"Kunai":0,"Toxic Egg 2":47,"Girya":37,"MerchantsRug":0,"Happy Flower":7,"Dead Branch":30,"Astrolabe":17,"Eternal Feather":9,"Pen Nib":7,"Charon\u0027s Ashes":43,"Letter Opener":8,"Question Card":0,"Akabeko":36,"SlaversCollar":17,"Bronze Scales":54,"Molten Egg 2":26,"Pandora\u0027s Box":34,"Mark of Pain":17,"Unceasing Top":0,"Meat on the Bone":10,"Regal Pillow":14,"Lantern":44,"Torii":0,"Singing Bowl":43,"Magic Flower":44,"Snake Skull":43,"Bag of Preparation":44,"Incense Burner":0,"Juzu Bracelet":0,"Empty Cage":34,"Cursed Key":17,"Smiling Mask":9,"Burning Blood":0,"Emotion Chip":0,"Nunchaku":49,"Dream Catcher":43,"Shovel":14,"Gambling Chip":54,"Pantograph":10,"Tiny Chest":27,"Red Mask":20,"Chemical X":0,"Cracked Core":0,"InkBottle":43,"Ring of the Snake":0,"Potion Belt":28,"Lee\u0027s Waffle":0,"Golden Idol":11,"Thread and Needle":26,"PreservedInsect":0,"The Courier":9,"Frozen Egg 2":9,"Orichalcum":0,"Odd Mushroom":12,"MawBank":43,"White Beast Statue":7,"Nuclear Battery":17,"Peace Pipe":44,"Anchor":42,"Busted Crown":34,"Ornamental Fan":0,"Bloody Idol":28,"Turnip":54,"Ectoplasm":17,"Art of War":26,"Bag of Marbles":53,"Membership Card":38,"FossilizedHelix":45},{"Ice Cream":30,"Calipers":112,"Gremlin Horn":64,"CeramicFish":147,"Vajra":50,"Ginger":60,"Bottled Tornado":28,"Boot":90,"Lizard Tail":88,"Centennial Puzzle":139,"Sundial":145,"MealTicket":66,"Fusion Hammer":46,"Kunai":37,"Toxic Egg 2":62,"Girya":27,"MerchantsRug":33,"Happy Flower":4,"Dead Branch":104,"Astrolabe":123,"Eternal Feather":4,"Pen Nib":69,"Charon\u0027s Ashes":132,"Letter Opener":43,"Question Card":66,"Akabeko":82,"SlaversCollar":7,"Bronze Scales":32,"Molten Egg 2":51,"Pandora\u0027s Box":55,"Mark of Pain":99,"Unceasing Top":33,"Meat on the Bone":5,"Regal Pillow":45,"Lantern":85,"Torii":37,"Singing Bowl":60,"Magic Flower":154,"Snake Skull":85,"Bag of Preparation":110,"Incense Burner":136,"Juzu Bracelet":136,"Empty Cage":25,"Cursed Key":72,"Smiling Mask":119,"Burning Blood":0,"Emotion Chip":0,"Nunchaku":63,"Dream Catcher":109,"Shovel":45,"Gambling Chip":65,"Pantograph":96,"Tiny Chest":51,"Red Mask":48,"Chemical X":116,"Cracked Core":0,"InkBottle":27,"Ring of the Snake":0,"Potion Belt":80,"Lee\u0027s Waffle":66,"Golden Idol":5,"Thread and Needle":127,"PreservedInsect":0,"The Courier":43,"Frozen Egg 2":15,"Orichalcum":91,"Odd Mushroom":141,"MawBank":153,"White Beast Statue":42,"Nuclear Battery":19,"Peace Pipe":133,"Anchor":60,"Busted Crown":149,"Ornamental Fan":0,"Bloody Idol":23,"Turnip":115,"Ectoplasm":143,"Art of War":22,"Bag of Marbles":64,"Membership Card":108,"FossilizedHelix":111},{"Ice Cream":146,"Calipers":527,"Gremlin Horn":310,"CeramicFish":650,"Vajra":253,"Ginger":297,"Bottled Tornado":134,"Boot":434,"Lizard Tail":422,"Centennial Puzzle":632,"Sundial":645,"MealTicket":324,"Fusion Hammer":235,"Kunai":197,"Toxic Egg 2":302,"Girya":121,"MerchantsRug":176,"Happy Flower":12,"Dead Branch":490,"Astrolabe":580,"Eternal Feather":12,"Pen Nib":334,"Charon\u0027s Ashes":611,"Letter Opener":221,"Question Card":324,"Akabeko":393,"SlaversCollar":26,"Bronze Scales":170,"Molten Egg 2":258,"Pandora\u0027s Box":275,"Mark of Pain":471,"Unceasing Top":176,"Meat on the Bone":15,"Regal Pillow":227,"Lantern":407,"Torii":197,"Singing Bowl":297,"Magic Flower":668,"Snake Skull":407,"Bag of Preparation":520,"Incense Burner":627,"Juzu Bracelet":627,"Empty Cage":106,"Cursed Key":351,"Smiling Mask":558,"Burning Blood":0,"Emotion Chip":0,"Nunchaku":305,"Dream Catcher":515,"Shovel":227,"Gambling Chip":316,"Pantograph":460,"Tiny Chest":258,"Red Mask":244,"Chemical X":549,"Cracked Core":0,"InkBottle":121,"Ring of the Snake":0,"Potion Belt":378,"Lee\u0027s Waffle":324,"Golden Idol":15,"Thread and Needle":593,"PreservedInsect":0,"The Courier":221,"Frozen Egg 2":51,"Orichalcum":445,"Odd Mushroom":635,"MawBank":665,"White Beast Statue":214,"Nuclear Battery":66,"Peace Pipe":615,"Anchor":297,"Busted Crown":656,"Ornamental Fan":0,"Bloody Idol":91,"Turnip":543,"Ectoplasm":640,"Art of War":85,"Bag of Marbles":310,"Membership Card":511,"FossilizedHelix":523}],"Meat on the Bone":30},"card_choices":[{"not_picked":["Iron Wave","Anger","Sword Boomerang"],"picked":"SKIP","floor":1.0},{"not_picked":["Pummel","Clothesline"],"picked":"Berserk","floor":3.0},{"not_picked":["Burning Pact","Perfected Strike","Warcry"],"picked":"SKIP","floor":7},{"not_picked":["Entrench","Cleave"],"picked":"Power Through","floor":11},{"not_picked":["Power Through","Body Slam"],"picked":"Flex","floor":12},{"not_picked":["Shrug It Off","Shockwave"],"picked":"Flame Barrier","floor":14},{"not_picked":["Reaper","Bludgeon"],"picked":"Limit Break","floor":16},{"not_picked":["Havoc","Blood for Blood","Second Wind+1"],"picked":"SKIP","floor":18},{"not_picked":["Warcry+1","Hemokinesis"],"picked":"Inflame","floor":21},{"not_picked":["Second Wind+1","Thunderclap"],"picked":"Inflame","floor":24},{"not_picked":["Warcry","Rupture"],"picked":"Rage+1","floor":25},{"not_picked":["Flame Barrier","Feel No Pain"],"picked":"Limit Break","floor":28},{"not_picked":["Fiend Fire","Corruption"],"picked":"Offering","floor":33},{"not_picked":["Iron Wave"],"picked":"SKIP","floor":35},{"not_picked":["Armaments+1"],"picked":"SKIP","floor":38},{"not_picked":[],"picked":"Dual Wield","floor":39},{"not_picked":["Sword Boomerang+1"],"picked":"SKIP","floor":41},{"not_picked":[],"picked":"Deep Breath","floor":46},{"not_picked":["Intimidate"],"picked":"SKIP","floor":47},{"not_picked":["Flex+1"],"picked":"SKIP","floor":54}],"player_experience":3608949,"relics_obtained":[{"floor":9,"key":"Centennial Puzzle"},{"floor":12,"key":"Odd Mushroom"},{"floor":14,"key":"Bag of Marbles"},{"floor":22,"key":"Sundial"},{"floor":24,"key":"Red Mask"},{"floor":25,"key":"CeramicFish"},{"floor":26,"key":"Gremlin Horn"},{"floor":28,"key":"Happy Flower"},{"floor":43,"key":"MawBank"},{"floor":44,"key":"Magic Flower"},{"floor":54,"key":"Kunai"}],"event_choices":[{"damage_healed":0.0,"max_hp_gain":0.0,"max_hp_loss":0.0,"gold_gain":0.0,"event_name":"Big Fish","player_choice":"Box","floor":2.0,"gold_loss":0.0,"damage_taken":0.0,"relics_obtained":["Meat on the Bone"],"cards_obtained":["Regret"]},{"cards_removed":["Regret"],"damage_healed":0.0,"max_hp_gain":0.0,"max_hp_loss":0.0,"gold_gain":0.0,"event_name":"Golden Wing","player_choice":"Card Removal","floor":4.0,"gold_loss":0.0,"damage_taken":7.0},{"damage_healed":0.0,"max_hp_gain":0.0,"max_hp_loss":0.0,"gold_gain":75.0,"event_name":"betterThird:BetterGoop","player_choice":"Gold","floor":5.0,"gold_loss":0.0,"damage_taken":11.0},{"damage_healed":0,"gold_gain":0,"player_choice":"Fought Mushrooms","damage_taken":0,"max_hp_gain":0,"max_hp_loss":0,"event_name":"Mushrooms","floor":12,"gold_loss":0},{"cards_removed":["Strike_R"],"damage_healed":0,"gold_gain":0,"player_choice":"Give","damage_taken":0,"max_hp_gain":0,"max_hp_loss":0,"event_name":"betterNote:BetterNote","floor":19,"gold_loss":0,"cards_obtained":["Strike_B"]},{"damage_healed":0,"gold_gain":0,"player_choice":"Simplicity","damage_taken":0,"max_hp_gain":0,"max_hp_loss":9,"event_name":"betterThird:BetterWriting","floor":20,"gold_loss":0},{"damage_healed":0,"gold_gain":0,"player_choice":"Fought Bandits","damage_taken":0,"max_hp_gain":0,"max_hp_loss":0,"event_name":"Masked Bandits","floor":24,"gold_loss":0},{"cards_removed":["Strike_R"],"damage_healed":0,"gold_gain":0,"player_choice":"Gave Gold","damage_taken":0,"max_hp_gain":0,"max_hp_loss":0,"event_name":"Beggar","floor":30,"gold_loss":75},{"cards_removed":["Strike_R"],"damage_healed":0,"gold_gain":0,"player_choice":"Removed Attack","damage_taken":0,"max_hp_gain":0,"max_hp_loss":0,"event_name":"Falling","floor":36,"gold_loss":0},{"damage_healed":0,"gold_gain":0,"player_choice":"Embrace Madness","damage_taken":10,"max_hp_gain":0,"max_hp_loss":0,"event_name":"Winding Halls","floor":37,"gold_loss":0,"cards_obtained":["Madness","Madness"]},{"damage_healed":0,"gold_gain":0,"player_choice":"Fight","damage_taken":0,"max_hp_gain":0,"max_hp_loss":0,"event_name":"MindBloom","floor":44,"gold_loss":0},{"damage_healed":0,"gold_gain":0,"player_choice":"Ignored","damage_taken":0,"max_hp_gain":0,"max_hp_loss":0,"event_name":"The Moai Head","floor":45,"gold_loss":0},{"damage_healed":0,"gold_gain":3,"player_choice":"1","damage_taken":0,"max_hp_gain":0,"max_hp_loss":0,"event_name":"betterStone:BetterStone","floor":46,"gold_loss":0}],"is_beta":false,"boss_relics":[{"not_picked":["Runic Dome","Pandora\u0027s Box"],"picked":"Ectoplasm"},{"not_picked":["Black Blood","Sozu"],"picked":"Busted Crown"}],"items_purged_floors":[],"is_endless":false,"potions_floor_spawned":[7,14,16,21,24,25,39,41,47],"killed_by":"The Heart","ascension_level":0}}