{"host":"ydujlihd8f5px9gp","time":1610496194,"event":{"mods":["AchievementEnabler","BaseMod","Block Reminder","Colored Map","Minty Spire (QoL Compilation)","ojb\u0027s Info Mod"],"gold_per_floor":[113,126,91,103,103,113,113,125,125,138,163,163,177,191,191,191,191],"floor_reached":16,"language":"ENG","playtime":2201,"items_purged":[],"score":117,"play_id":"52e60604-e88e-4fee-8274-fdfbac4a8fee","local_time":"20210112220314","is_ascension_mode":true,"campfire_choices":[{"data":"Dagger Throw","floor":7,"key":"SMITH"},{"data":"Tools of the Trade","floor":12,"key":"SMITH"},{"data":"Neutralize","floor":15,"key":"SMITH"}],"circlet_count":0,"master_deck":["Strike_G","Strike_G","Strike_G","Strike_G","Strike_G","Defend_G","Defend_G","Defend_G","Defend_G","Defend_G","Survivor","Neutralize+1","Malaise","Tactician","Acrobatics","Dagger Throw+1","Prepared","Tools of the Trade+1","Escape Plan"],"relics":["Ring of the Snake","Letter Opener","Tiny Chest"],"acts_visited":["Exordium"],"potions_floor_usage":[8,11,16],"damage_taken":[{"damage":2,"enemies":"Jaw Worm","floor":1,"turns":6},{"damage":11,"enemies":"Small Slimes","floor":2,"turns":6},{"damage":1,"enemies":"Cultist","floor":4,"turns":4},{"damage":4,"enemies":"2 Fungi Beasts","floor":6,"turns":6},{"damage":8,"enemies":"Exordium Wildlife","floor":8,"turns":5},{"damage":0,"enemies":"Looter","floor":10,"turns":4},{"damage":2,"enemies":"3 Sentries","floor":11,"turns":8},{"damage":0,"enemies":"Gremlin Gang","floor":13,"turns":4},{"damage":0,"enemies":"3 Louse","floor":14,"turns":3},{"damage":63,"enemies":"Slime Boss","floor":16,"turns":7}],"seed_played":"-6112366596288779293","potions_obtained":[{"floor":1,"key":"LiquidMemories"},{"floor":8,"key":"Fire Potion"},{"floor":10,"key":"SpeedPotion"},{"floor":13,"key":"SneckoOil"}],"is_trial":false,"path_per_floor":["M","M","?","M","?","M","R","M","T","M","E","R","M","M","R","B"],"character_chosen":"THE_SILENT","items_purchased":[],"campfire_rested":0,"item_purchase_floors":[],"current_hp_per_floor":[68,57,70,69,74,70,70,62,62,62,60,60,60,60,60,0,0],"gold":191,"neow_bonus":"ONE_RANDOM_RARE_CARD","is_daily":false,"chose_seed":false,"campfire_upgraded":3,"win_rate":0.0,"timestamp":1610496194,"path_taken":["M","M","?","M","?","M","R","M","T","M","E","R","M","M","R","BOSS"],"items_purchased_type":[],"build_version":"2020-12-22","purchased_purges":0,"victory":false,"max_hp_per_floor":[70,70,70,70,75,75,75,75,75,75,75,75,75,75,75,75,75],"card_choices":[{"not_picked":["Skewer","Sucker Punch"],"picked":"Tactician","floor":1},{"not_picked":["Prepared","Predator"],"picked":"Acrobatics","floor":2},{"not_picked":["Slice","Poisoned Stab","Outmaneuver"],"picked":"SKIP","floor":4},{"not_picked":["Poisoned Stab","Accuracy"],"picked":"Dagger Throw","floor":6},{"not_picked":["Cloak And Dagger","Deadly Poison"],"picked":"Prepared","floor":8},{"not_picked":["Finisher","Flechettes"],"picked":"Tools of the Trade","floor":10},{"not_picked":["Quick Slash","Terror","Poisoned Stab"],"picked":"SKIP","floor":11},{"not_picked":["Choke","Predator","Outmaneuver"],"picked":"SKIP","floor":13},{"not_picked":["Blade Dance","Deflect"],"picked":"Escape Plan","floor":14}],"player_experience":121413,"relics_obtained":[{"floor":9,"key":"Letter Opener"},{"floor":11,"key":"Tiny Chest"}],"event_choices":[{"damage_healed":17,"gold_gain":0,"player_choice":"Healed","damage_taken":0,"max_hp_gain":0,"max_hp_loss":0,"event_name":"The Cleric","floor":3,"gold_loss":35},{"damage_healed":0,"gold_gain":0,"player_choice":"Donut","damage_taken":0,"max_hp_gain":5,"max_hp_loss":0,"event_name":"Big Fish","floor":5,"gold_loss":0}],"is_beta":false,"boss_relics":[],"items_purged_floors":[],"is_endless":false,"potions_floor_spawned":[1,8,10,13],"killed_by":"Slime Boss","ascension_level":2}}