{"host":"a2lvm7nbw6nkrc91","time":1610506123,"event":{"mods":["BaseMod","Friendly Minions","Hermit","Lobotomy","Minty Spire (QoL Compilation)","Replay The Spire","StSLib"],"gold_per_floor":[116,131,144,144,161,161,181,198,198,198,198],"floor_reached":10,"language":"KOR","playtime":295,"items_purged":[],"score":62,"play_id":"3249e336-1df4-40aa-b6ae-ec76ff8f7c9c","local_time":"20210113114843","is_ascension_mode":false,"campfire_choices":[{"data":"hermit:FlashPowder","floor":6,"key":"SMITH"}],"circlet_count":0,"master_deck":["hermit:Strike_Hermit","hermit:Strike_Hermit","hermit:Strike_Hermit","hermit:Strike_Hermit","hermit:Defend_Hermit","hermit:Defend_Hermit","hermit:Defend_Hermit","hermit:Snapshot","hermit:Covet","VoidDream","hermit:TrackingShot","Wellcheers","hermit:FlashPowder+1","MHz","hermit:Headshot","Freischutz","hermit:Ricochet","HeroicMonk","hermit:Dive","Murderer","hermit:EternalForm"],"relics":["hermit:Momento","CogitoBucket","SkinProphecy","Replay:Baseball"],"acts_visited":["Exordium"],"potions_floor_usage":[8],"damage_taken":[{"damage":1,"enemies":"Jaw Worm","floor":1,"turns":3},{"damage":1,"enemies":"Cultist","floor":2,"turns":3},{"damage":0,"enemies":"Small Slimes","floor":3,"turns":3},{"damage":15,"enemies":"Blue Slaver","floor":5,"turns":6},{"damage":14,"enemies":"Exordium Wildlife","floor":7,"turns":4},{"damage":43,"enemies":"3 Louse","floor":8,"turns":6},{"damage":4,"enemies":"Replay:BlueRogue","floor":10,"turns":1}],"seed_played":"1040495132934720134","potions_obtained":[{"floor":2,"key":"Strength Potion"},{"floor":3,"key":"LiquidBronze"},{"floor":8,"key":"SpeedPotion"}],"is_trial":false,"path_per_floor":["M","M","M","?","M","R","M","M","T","E"],"character_chosen":"HERMIT","items_purchased":[],"campfire_rested":0,"item_purchase_floors":[],"current_hp_per_floor":[74,73,75,75,60,60,46,3,3,0,0],"gold":198,"neow_bonus":"","is_daily":false,"chose_seed":false,"campfire_upgraded":1,"win_rate":0.0,"timestamp":1610506123,"path_taken":["M","M","M","?","?","R","M","M","T","E"],"items_purchased_type":[],"build_version":"2020-12-22","purchased_purges":0,"victory":false,"max_hp_per_floor":[75,75,75,75,75,75,75,75,75,77,77],"card_choices":[{"not_picked":["BlackSwan","Bloodbath"],"picked":"VoidDream","floor":1},{"not_picked":["hermit:Manifest","hermit:BigShot"],"picked":"hermit:TrackingShot","floor":1},{"not_picked":["LittlePrince","ShyLook"],"picked":"Wellcheers","floor":2},{"not_picked":["hermit:Misfire","hermit:Roulette"],"picked":"hermit:FlashPowder","floor":2},{"not_picked":["Scorched","Bloodbath"],"picked":"MHz","floor":3},{"not_picked":["hermit:SprayPray","hermit:Feint"],"picked":"hermit:Headshot","floor":3},{"not_picked":["Murderer","LittlePrince"],"picked":"Freischutz","floor":5},{"not_picked":["hermit:Roughhouse","hermit:BodyArmor"],"picked":"hermit:Ricochet","floor":5},{"not_picked":["GalaxyChild","OldLady"],"picked":"HeroicMonk","floor":7},{"not_picked":["hermit:ItchyTrigger","hermit:HighCaliber"],"picked":"hermit:Dive","floor":7},{"not_picked":["GreedKing","QueenOfHatred"],"picked":"Murderer","floor":8},{"not_picked":["hermit:WideOpen","hermit:HoleUp"],"picked":"hermit:EternalForm","floor":8}],"player_experience":502931,"relics_obtained":[{"floor":9,"key":"Replay:Baseball"}],"event_choices":[{"cards_removed":["hermit:Defend_Hermit"],"damage_healed":0,"gold_gain":0,"player_choice":"Purged","damage_taken":0,"max_hp_gain":0,"max_hp_loss":0,"event_name":"Purifier","floor":4,"gold_loss":0}],"is_beta":false,"boss_relics":[],"items_purged_floors":[],"is_endless":false,"potions_floor_spawned":[2,3,8],"killed_by":"Replay:BlueRogue","ascension_level":0}}