{"host":"6jrnojxwearbrjzo","time":1610570881,"event":{"mods":["BaseMod","Colored Map","Conspire","Highlight Path","Minty Spire (QoL Compilation)","Quick Restart","Replay The Spire","Shop Mod","Spicy Shops","StSLib","The Servant 0.9.4"],"gold_per_floor":[368,13,25,100,110,145,162,162,185,201,201,219,219,235,235,338,338,351,366,117,136,156,156,156,156],"floor_reached":24,"language":"ZHS","playtime":1045,"items_purged":[],"score":202,"play_id":"83687f4e-734d-455e-85d1-a46f521e0f5b","local_time":"20210114044801","is_ascension_mode":false,"campfire_choices":[{"data":"BasicCrystalCard","floor":11,"key":"SMITH"},{"floor":13,"key":"REST"},{"data":"Recycle","floor":15,"key":"SMITH"},{"floor":23,"key":"REST"}],"circlet_count":0,"master_deck":["Strike_B","Strike_B","Strike_B","Strike_B","Defend_B","Defend_B","Defend_B","Defend_B","Zap","Dualcast","Strike_S","Vigilance","Turbo","conspire:SharedLibrary+1","Conserve Battery","BasicCrystalCard+1","Defragment","Recycle+1","Ball Lightning","Skim","Electrodynamics","Hologram+1","Cold Snap+1"],"relics":["Cracked Core","Dead Branch","Regal Pillow","Bottled Tornado","Bronze Scales","Fusion Hammer","conspire:Dentures"],"acts_visited":["Exordium","TheCity"],"potions_floor_usage":[6,16,16,24],"damage_taken":[{"damage":1,"enemies":"2 Louse","floor":1,"turns":2},{"damage":0,"enemies":"Cultist","floor":3,"turns":3},{"damage":0,"enemies":"Small Slimes","floor":5,"turns":2},{"damage":8,"enemies":"Lagavulin","floor":6,"turns":7},{"damage":16,"enemies":"Gremlin Gang","floor":7,"turns":6},{"damage":8,"enemies":"Looter","floor":10,"turns":2},{"damage":5,"enemies":"Red Slaver","floor":12,"turns":4},{"damage":10,"enemies":"Large Slime","floor":14,"turns":4},{"damage":51,"enemies":"The Guardian","floor":16,"turns":9},{"damage":20,"enemies":"2 Thieves","floor":18,"turns":3},{"damage":5,"enemies":"3 Byrds","floor":19,"turns":2},{"damage":27,"enemies":"Snake Plant","floor":21,"turns":4},{"damage":14,"enemies":"Sentry and Sphere","floor":22,"turns":7},{"damage":47,"enemies":"Gremlin Leader","floor":24,"turns":7}],"seed_played":"-3931781112735387251","potions_obtained":[{"floor":5,"key":"Weak Potion"},{"floor":10,"key":"AttackPotion"},{"floor":12,"key":"LiquidMemories"},{"floor":21,"key":"Fire Potion"}],"is_trial":false,"path_per_floor":["M","$","M","?","M","E","M","T","T","M","R","M","R","M","R","B",null,"M","M","$","M","M","R","E"],"character_chosen":"DEFECT","items_purchased":["Dead Branch","conspire:SharedLibrary+1","conspire:Dentures"],"campfire_rested":2,"item_purchase_floors":[2,2,20],"current_hp_per_floor":[74,74,74,67,67,59,43,43,43,35,35,30,67,57,57,6,75,55,50,50,23,9,46,0,0],"gold":156,"neow_bonus":"TWO_FIFTY_GOLD","is_daily":false,"chose_seed":false,"campfire_upgraded":2,"win_rate":0.0,"timestamp":1610570881,"path_taken":["M","$","M","?","M","E","?","?","T","M","R","M","R","M","R","BOSS","M","M","$","M","M","R","E"],"items_purchased_type":["Relic","Card","Relic"],"build_version":"2020-12-22","purchased_purges":0,"victory":false,"max_hp_per_floor":[75,75,75,75,75,75,75,75,75,75,75,75,75,75,75,75,75,75,75,75,75,75,75,75,75],"card_choices":[{"not_picked":["Melter","Go for the Eyes"],"picked":"Turbo","floor":1},{"not_picked":["Stack","Turbo","Redo"],"picked":"SKIP","floor":3},{"not_picked":["Cold Snap","ReplayTheSpireMod:System Scan"],"picked":"Conserve Battery","floor":5},{"not_picked":["ReplaySolidLightProjector","conspire:SharedLibrary"],"picked":"BasicCrystalCard","floor":6},{"not_picked":["ReplayTheSpireMod:Dual Polarity","ReplayTheSpireMod:Omega Cannon"],"picked":"Defragment","floor":7},{"not_picked":["Undo","Ball Lightning"],"picked":"Recycle","floor":10},{"not_picked":["Beam Cell","Barrage"],"picked":"Ball Lightning","floor":12},{"not_picked":["Go for the Eyes","Panic Button"],"picked":"Skim","floor":14},{"not_picked":["Reboot","Amplify"],"picked":"Electrodynamics","floor":16},{"not_picked":["Compile Driver+1","Stack"],"picked":"Hologram+1","floor":18},{"not_picked":["Chaos","Leap+1","Rebound+1"],"picked":"SKIP","floor":19},{"not_picked":["Gash","Sweeping Beam"],"picked":"Cold Snap+1","floor":21},{"not_picked":["Rebound","Leap","Conserve Battery"],"picked":"SKIP","floor":22}],"player_experience":75359,"relics_obtained":[{"floor":6,"key":"Regal Pillow"},{"floor":8,"key":"Bottled Tornado"},{"floor":9,"key":"Bronze Scales"}],"event_choices":[{"damage_healed":0,"gold_gain":75,"player_choice":"Touch","damage_taken":7,"max_hp_gain":0,"max_hp_loss":0,"event_name":"FaceTrader","floor":4,"gold_loss":0}],"is_beta":false,"boss_relics":[{"not_picked":["Ectoplasm","Honey Jar"],"picked":"Fusion Hammer"}],"items_purged_floors":[],"is_endless":false,"potions_floor_spawned":[5,10,12,21],"killed_by":"Gremlin Leader","ascension_level":0}}