{"host":"2lvuisjyit3p3u01","time":1610544932,"event":{"mods":["Act Like it!","BaseMod","Bestiary","Better Synergies","CapriCore","Colored Map","Colored Powertips","Duelist Mod","GifTheSpireLib","Minty Spire (QoL Compilation)","Quick Restart","Replay The Spire","StSLib"],"gold_per_floor":[240,240,256,49,49,49,67,98,122,135,0,0,33,57,57,173,173,191,36,36,36,36,68,68,103,103,118,133,148,164,184,184,286,286,303,315,64,75,75,75,90,136,136,136,159,192,192,202,202,26,26,26],"floor_reached":53,"language":"ENG","playtime":2314,"items_purged":["theDuelist:DeltaMagnet"],"score":1150,"play_id":"d863df92-150f-41c7-afeb-c0ab8329aba9","local_time":"20210113153532","is_ascension_mode":true,"campfire_choices":[{"data":"theDuelist:MaskedDragon","floor":6.0,"key":"SMITH"},{"data":"theDuelist:Duoterion","floor":12,"key":"SMITH"},{"data":"theDuelist:CyberTwinDragon","floor":15,"key":"SMITH"},{"floor":24,"key":"REST"},{"data":"theDuelist:BoosterDragon","floor":32,"key":"SMITH"},{"data":"theDuelist:MirageDragon","floor":32,"key":"SMITH"},{"floor":43,"key":"REST"},{"floor":49,"key":"REST"},{"data":"theDuelist:TwinHeadedFire","floor":51,"key":"SMITH"},{"data":"theDuelist:FireDarts+2","floor":51,"key":"SMITH"}],"circlet_count":0,"master_deck":["theDuelist:BabyDragon+1","theDuelist:CaveDragon+1","theDuelist:CaveDragon+1","theDuelist:LesserDragon+1","theDuelist:LesserDragon+1","theDuelist:YamataDragon+1","theDuelist:CyberTwinDragon+1","theDuelist:MaskedDragon+1","theDuelist:Duoterion+1","theDuelist:ChimeratechOverdragon+1","theDuelist:MirageDragon+1","theDuelist:BoosterDragon+1","theDuelist:DragonMastery+1","theDuelist:TwinHeadedFire+1","theDuelist:FireDarts+3"],"relics":["theDuelist:MillenniumPuzzle","theDuelist:CardPoolRelic","theDuelist:CardPoolBasicRelic","theDuelist:BoosterPackPoolRelic","theDuelist:CardPoolAddRelic","theDuelist:CardPoolMinusRelic","theDuelist:CardPoolSaveRelic","theDuelist:CardPoolOptionsRelic","theDuelist:MillenniumRod","PrismaticShard","Pen Nib","Bronze Scales","Bronze Scales","Odd Mushroom","Replay:Grab Bag","Busted Crown","theDuelist:MillenniumKey","Empty Cage","Replay:Baseball","Replay:Arrowhead","White Beast Statue","theDuelist:BoosterPackSpellEgg","SlaversCollar","Whetstone","Peace Pipe","Torii","BranchBurnRelic","theDuelist:DuelistTeaSet","Meat on the Bone"],"acts_visited":["Exordium","TheCity","TheBeyond"],"potions_floor_usage":[8,8,16,23,28,31,33,33,33,41,52,52,52],"damage_taken":[{"damage":0.0,"enemies":"Small Slimes","floor":1.0,"turns":3.0},{"damage":0.0,"enemies":"2 Louse","floor":3.0,"turns":2.0},{"damage":0,"enemies":"Jaw Worm","floor":7,"turns":1},{"damage":7,"enemies":"3 Sentries","floor":8,"turns":3},{"damage":0,"enemies":"3 Louse","floor":10,"turns":1},{"damage":10,"enemies":"The Mushroom Lair","floor":14,"turns":2},{"damage":26,"enemies":"Hexaghost","floor":16,"turns":7},{"damage":12,"enemies":"Chosen","floor":18,"turns":2},{"damage":0,"enemies":"theDuelist:KaibaA2","floor":23,"turns":2},{"damage":0,"enemies":"Gremlin Leader","floor":25,"turns":3},{"damage":0,"enemies":"Shell Parasite","floor":27,"turns":2},{"damage":0,"enemies":"3 Cultists","floor":28,"turns":3},{"damage":0,"enemies":"Snake Plant","floor":29,"turns":2},{"damage":0,"enemies":"Sentry and Sphere","floor":30,"turns":3},{"damage":10,"enemies":"Centurion and Healer","floor":31,"turns":2},{"damage":3,"enemies":"Collector","floor":33,"turns":4},{"damage":12,"enemies":"3 Darklings","floor":35,"turns":3},{"damage":3,"enemies":"Orb Walker","floor":36,"turns":2},{"damage":11,"enemies":"4 Shapes","floor":38,"turns":5},{"damage":0,"enemies":"Transient","floor":41,"turns":5},{"damage":4,"enemies":"Transient","floor":42,"turns":5},{"damage":22,"enemies":"R_Hoarder","floor":46,"turns":2},{"damage":3,"enemies":"Maw","floor":48,"turns":4},{"damage":69,"enemies":"Awakened One","floor":52,"turns":7}],"seed_played":"-1055846044057471846","potions_obtained":[{"floor":3.0,"key":"theDuelist:BurningPotionB"},{"floor":7,"key":"Explosive Potion"},{"floor":14,"key":"theDuelist:LavaBottle"},{"floor":16,"key":"theDuelist:StunPotion"},{"floor":18,"key":"theDuelist:FlamingBottle"},{"floor":27,"key":"theDuelist:WaterBottle"},{"floor":28,"key":"LifebloodPotion"},{"floor":29,"key":"Energy Potion"},{"floor":31,"key":"theDuelist:BurningPotionB"},{"floor":33,"key":"Languid Potion"},{"floor":35,"key":"Reflective Coating"},{"floor":36,"key":"theDuelist:ElectricBrew"},{"floor":41,"key":"Fire Potion"},{"floor":42,"key":"theDuelist:SolderPotionB"}],"is_trial":false,"path_per_floor":["M","?","M","$","?","R","M","E","T","M","?","R","?","?","R","B",null,"M","$","?","$","?","E","R","E","T","M","M","M","M","M","R","B",null,"M","M","$","M","PTL","PTL","M","?","R","?","T","E","?","M","R","$","R","B",null],"character_chosen":"THE_DUELIST","items_purchased":["theDuelist:MillenniumRod","theDuelist:MaskedDragon","Replay:Baseball","Whetstone","theDuelist:TwinHeadedFire","theDuelist:SolderPotionB","theDuelist:DragonSoulPotion"],"campfire_rested":3,"item_purchase_floors":[4,4,19,37,37,37,50],"current_hp_per_floor":[72,72,72,72,72,72,72,65,65,65,65,65,65,55,55,29,67,55,55,55,55,55,55,79,79,79,79,79,79,79,69,69,66,77,65,62,62,51,51,51,51,47,68,68,68,49,49,46,67,67,67,24],"gold":26,"neow_bonus":"HUNDRED_GOLD","is_daily":false,"chose_seed":false,"campfire_upgraded":7,"win_rate":0.0,"timestamp":1610544932,"path_taken":["M","?","M","$","?","R","M","E","T","M","?","R","?","?","R","BOSS","M","$","?","?","?","E","R","E","T","?","M","?","M","M","R","BOSS","M","M","$","M","PTL","PTL","M","?","R","?","T","E","?","?","R","$","R","BOSS"],"items_purchased_type":["Relic","Card","Relic","Relic","Card","Potion","Potion"],"build_version":"2020-12-22","purchased_purges":1,"victory":true,"max_hp_per_floor":[80,80,80,80,80,80,80,80,80,80,80,80,80,80,80,80,80,80,80,80,80,80,80,80,80,80,80,80,80,80,80,80,80,80,80,80,80,77,77,77,74,71,71,71,71,71,71,71,71,71,71,71],"card_choices":[{"not_picked":["theDuelist:OneDayPeace","theDuelist:MegafleetDragon","theDuelist:VolcanicEruption","theDuelist:HorusServant"],"picked":"theDuelist:CyberTwinDragon","floor":1.0},{"not_picked":["theDuelist:BattleguardKing","theDuelist:BigFire","theDuelist:Hinotama","theDuelist:RainbowOverdragon","theDuelist:LightningDarts"],"picked":"SKIP","floor":3.0},{"not_picked":["theDuelist:Hinotama","theDuelist:ForbiddenLance","theDuelist:RainbowOverdragon","theDuelist:SmashingGround","theDuelist:Raigeki"],"picked":"SKIP","floor":7},{"not_picked":["theDuelist:Sabersaurus","theDuelist:InfernityDoomDragon","theDuelist:SnowDragon","theDuelist:LeviaDragon","theDuelist:FiendSkull"],"picked":"SKIP","floor":8},{"not_picked":["theDuelist:CurseDragon","theDuelist:CyberValley","theDuelist:LesserDragon","theDuelist:Destroyersaurus"],"picked":"theDuelist:Duoterion","floor":10},{"not_picked":["theDuelist:WingedDragonRa","theDuelist:DefensiveTactics","theDuelist:BlueDuston","theDuelist:BlasterDragonInfernos"],"picked":"theDuelist:ChimeratechOverdragon","floor":16},{"not_picked":["theDuelist:MoltenDestruction+1","theDuelist:DefenseZone","theDuelist:StampingDestruction"],"picked":"SKIP","floor":18},{"not_picked":["theDuelist:MadSwordBeast","theDuelist:Frostosaurus","theDuelist:BlackBrachios"],"picked":"SKIP","floor":23},{"not_picked":["theDuelist:BlackPtera","theDuelist:BlackBrachios","theDuelist:BarrelDragon"],"picked":"SKIP","floor":25},{"not_picked":["theDuelist:YamataDragon+1","theDuelist:ArmedDragon5+1","theDuelist:CyberneticOverflow"],"picked":"SKIP","floor":27},{"not_picked":["theDuelist:TotemDragon","theDuelist:EvolutionBurst+1","theDuelist:GiantRex"],"picked":"SKIP","floor":28},{"not_picked":["theDuelist:CloudianGhost","theDuelist:YamataDragon","theDuelist:HymnOfLight+1"],"picked":"SKIP","floor":29},{"not_picked":["theDuelist:YamataDragon+1","theDuelist:TwinHeadedFire"],"picked":"theDuelist:MirageDragon","floor":30},{"not_picked":["theDuelist:HazyFlameHydra","theDuelist:CyberDragonCore"],"picked":"theDuelist:BoosterDragon","floor":31},{"not_picked":["theDuelist:StardustDragon","theDuelist:QueenDragunDjinn"],"picked":"theDuelist:DragonMastery+1","floor":33},{"not_picked":["theDuelist:Earthquake+1","theDuelist:DefenseZone+1","theDuelist:SpiralSpearStrike+1"],"picked":"SKIP","floor":35},{"not_picked":["theDuelist:BlackPtera+1","theDuelist:BlackBrachios","theDuelist:BarrelDragon+1"],"picked":"SKIP","floor":36},{"not_picked":["theDuelist:ViceDragon+1","theDuelist:BusterBlader+1","theDuelist:BoosterDragon"],"picked":"SKIP","floor":38},{"not_picked":["theDuelist:VeilDarkness+1","theDuelist:DefenseZone+1"],"picked":"theDuelist:FireDarts+2","floor":41},{"not_picked":["theDuelist:RainbowOverdragon"],"picked":"SKIP","floor":46},{"not_picked":["theDuelist:Earthquake+1"],"picked":"SKIP","floor":48}],"player_experience":298467,"relics_obtained":[{"floor":8,"key":"Pen Nib"},{"floor":9,"key":"Bronze Scales"},{"floor":14,"key":"Odd Mushroom"},{"floor":23,"key":"Replay:Arrowhead"},{"floor":25,"key":"White Beast Statue"},{"floor":26,"key":"theDuelist:BoosterPackSpellEgg"},{"floor":42,"key":"Peace Pipe"},{"floor":42,"key":"Dead Branch"},{"floor":42,"key":"Torii"},{"floor":45,"key":"theDuelist:DuelistTeaSet"},{"floor":46,"key":"Meat on the Bone"}],"event_choices":[{"damage_healed":0,"gold_gain":0,"player_choice":"Duplicated Relic - Bronze Scales","duelist":true,"damage_taken":0,"max_hp_gain":0,"max_hp_loss":0,"event_name":"Relic Duplicator","floor":11,"gold_loss":0},{"damage_healed":0,"gold_gain":0,"player_choice":"Sold Castle Walls for 33 Gold.","duelist":true,"damage_taken":0,"max_hp_gain":0,"max_hp_loss":0,"event_name":"Card Trader","floor":13,"gold_loss":0},{"damage_healed":0,"gold_gain":0,"player_choice":"Fought Mushrooms","damage_taken":0,"max_hp_gain":0,"max_hp_loss":0,"event_name":"Mushrooms","floor":14,"gold_loss":0},{"damage_healed":0,"gold_gain":0,"player_choice":"Ignored","damage_taken":0,"max_hp_gain":0,"max_hp_loss":0,"event_name":"Vampires","floor":20,"gold_loss":0},{"cards_removed":["theDuelist:Sparks"],"damage_healed":0,"gold_gain":0,"player_choice":"Offered Basic","damage_taken":0,"max_hp_gain":0,"max_hp_loss":0,"event_name":"Bonfire Elementals","floor":22,"gold_loss":0},{"damage_healed":0,"gold_gain":0,"player_choice":"Fight","duelist":true,"damage_taken":0,"max_hp_gain":0,"max_hp_loss":0,"event_name":"Battle City","floor":42,"gold_loss":0},{"damage_healed":0,"gold_gain":0,"player_choice":"Memory 1","damage_taken":0,"max_hp_gain":0,"max_hp_loss":0,"event_name":"SensoryStone","floor":44,"gold_loss":0},{"damage_healed":0,"gold_gain":0,"player_choice":"Delta Electro","duelist":true,"damage_taken":0,"max_hp_gain":0,"max_hp_loss":0,"event_name":"Egyptian Village","floor":47,"gold_loss":0,"cards_obtained":["Delta Electromagnet Warrior"]}],"is_beta":false,"boss_relics":[{"not_picked":["theDuelist:ElectricKey","Calling Bell"],"picked":"Replay:Grab Bag"},{"not_picked":["Fusion Hammer","Replay:Wanted Poster"],"picked":"Busted Crown"},{"not_picked":["ReplayTheSpireMod:Onyx Gauntlets","Abe\u0027s Treasure"],"picked":"theDuelist:MillenniumKey"},{"not_picked":["Runic Cube","SacredBark"],"picked":"Empty Cage"},{"not_picked":["Black Star","Kintsugi"],"picked":"SlaversCollar"}],"items_purged_floors":[50],"is_endless":false,"potions_floor_spawned":[3,7,14,16,18,27,28,29,30,31,33,35,36,38,41,42,46,48],"ascension_level":8}}