{"host":"0tyekvnd8380d52o","time":1610550170,"event":{"mods":["Arknights The Spire","BaseMod","Minty Spire (QoL Compilation)","Shop Mod","StSLib","simple"],"gold_per_floor":[109,109,109,123,123,123,151,167,193,243,99,110,124,140,140,140,140],"floor_reached":16,"language":"ZHS","playtime":604,"items_purged":[],"score":127,"play_id":"15899eed-0e70-416f-836c-beb0b40ac567","local_time":"20210113230250","is_ascension_mode":false,"campfire_choices":[{"data":"ats:Closed Bolt Burst Fire","floor":6,"key":"SMITH"},{"data":"ats:Echo Reverb","floor":15,"key":"SMITH"}],"circlet_count":0,"master_deck":["ats:Strike C","ats:Strike G","ats:Strike S","ats:Strike V+1","ats:Armor Crushing Shot","ats:Defend+1","ats:Defend","ats:Defend","ats:Defend","ats:Emotion Absorption","ats:Closed Bolt Burst Fire+1","ats:Beaten Up","ats:Apocalypse","ats:Thermite Blade","ats:Echo Reverb+1"],"relics":["ats:Sanity","NeowsBlessing","ats:Ability Aura","ats:Originium","ats:Industrial Water Cannon","Strawberry","MerchantsRug"],"acts_visited":["Exordium"],"potions_floor_usage":[],"damage_taken":[{"damage":0,"enemies":"2 Louse","floor":1,"turns":1},{"damage":0,"enemies":"Small Slimes","floor":4,"turns":1},{"damage":0,"enemies":"3 Sentries","floor":7,"turns":1},{"damage":0,"enemies":"Cultist","floor":8,"turns":3},{"damage":0,"enemies":"Large Slime","floor":12,"turns":5},{"damage":12,"enemies":"3 Louse","floor":13,"turns":3},{"damage":18,"enemies":"Gremlin Gang","floor":14,"turns":6},{"damage":56,"enemies":"The Guardian","floor":16,"turns":6}],"seed_played":"4011514533267776570","potions_obtained":[{"floor":1,"key":"SneckoOil"},{"floor":12,"key":"Strength Potion"},{"floor":13,"key":"FearPotion"},{"floor":14,"key":"AttackPotion"}],"is_trial":false,"path_per_floor":["M","?","?","M","?","R","E","M","T","T","$","M","M","M","R","B"],"character_chosen":"DOCTOR_CLASS","items_purchased":["MerchantsRug"],"campfire_rested":0,"item_purchase_floors":[11],"current_hp_per_floor":[72,58,58,58,51,51,51,51,58,58,58,66,58,44,44,0,0],"gold":140,"neow_bonus":"THREE_ENEMY_KILL","is_daily":false,"chose_seed":false,"campfire_upgraded":2,"win_rate":0.0,"timestamp":1610550170,"path_taken":["M","?","?","M","?","R","E","M","T","?","?","M","M","M","R","BOSS"],"items_purchased_type":["Relic"],"build_version":"2020-12-22","purchased_purges":0,"victory":false,"max_hp_per_floor":[72,72,72,72,72,72,72,72,79,79,79,79,79,79,79,79,79],"card_choices":[{"not_picked":["ats:Sunburst","ats:Leaping Hammer"],"picked":"ats:Closed Bolt Burst Fire","floor":1},{"not_picked":["ats:Explosion Area Strengthen","ats:Composite Medical Shells","ats:Consecutive Shot Auto"],"picked":"SKIP","floor":4},{"not_picked":["ats:Hammer On","ats:Guardian Obelisk"],"picked":"ats:Beaten Up","floor":7},{"not_picked":["ats:Explosion Area Strengthen","ats:Flexible Camouflage"],"picked":"ats:Apocalypse","floor":8},{"not_picked":["ats:Soul Absorption","ats:Ignite"],"picked":"ats:Thermite Blade","floor":12},{"not_picked":["ats:Ignite","ats:Apocalypse","ats:Explosion Area Strengthen"],"picked":"SKIP","floor":13},{"not_picked":["ats:Powerful Strike","ats:Poison Spread"],"picked":"ats:Echo Reverb","floor":14}],"player_experience":160973,"relics_obtained":[{"floor":7,"key":"ats:Originium"},{"floor":7,"key":"ats:Industrial Water Cannon"},{"floor":9,"key":"Strawberry"}],"event_choices":[{"damage_healed":0,"gold_gain":0,"player_choice":"Entered Light","damage_taken":14,"max_hp_gain":0,"max_hp_loss":0,"event_name":"Shining Light","floor":2,"gold_loss":0,"cards_upgraded":["ats:Defend","ats:Strike V"]},{"damage_healed":0,"gold_gain":0,"player_choice":"Box","damage_taken":0,"relics_obtained":["ats:Ability Aura"],"max_hp_gain":0,"max_hp_loss":0,"event_name":"Big Fish","floor":3,"gold_loss":0,"cards_obtained":["Regret"]},{"cards_removed":["Regret"],"damage_healed":0,"gold_gain":0,"player_choice":"Card Removal","damage_taken":7,"max_hp_gain":0,"max_hp_loss":0,"event_name":"Golden Wing","floor":5,"gold_loss":0}],"is_beta":false,"boss_relics":[],"items_purged_floors":[],"is_endless":false,"potions_floor_spawned":[1,12,13,14],"killed_by":"The Guardian","ascension_level":0}}