{"host":"ordk2y2ebcetabk6","time":1610522044,"event":{"mods":["AlwaysNeverKeys","Astrologer","Bard","BaseMod","Better Debug","Colored Map","Colored Powertips","Dark Map","Hermit","Highlight Path","Minty Spire (QoL Compilation)","Permanent Neow","Rare Cards Sparkle","StSLib","The Todo","TheBandit","TheLocksmith","TheVelvet","Wandering Minibosses","Wide Potions","thorton"],"gold_per_floor":[117,117,130,80,100,100,100,124,124,124,149,187,63,63,63,63],"floor_reached":14,"language":"ENG","playtime":465,"items_purged":[],"score":90,"play_id":"300577be-2f1b-49eb-98de-fe0f4ba58290","local_time":"20210113001404","is_ascension_mode":false,"campfire_choices":[{"data":"locksmith:Absorb","floor":6,"key":"SMITH"},{"data":"locksmith:DummyRevenge","floor":10,"key":"SMITH"}],"circlet_count":0,"master_deck":["locksmith:Strike","locksmith:Strike","locksmith:Strike","locksmith:Defend","locksmith:Defend","locksmith:Defend","locksmith:Defend","locksmith:KeyMove","locksmith:LockCrash","locksmith:DummyRevenge+1","locksmith:Absorb+1","locksmith:Grab","locksmith:HiddenPower","locksmith:ValueDummy","Finesse"],"relics":["locksmith:FreeKey","Golden Idol","Akabeko","Shuriken"],"acts_visited":["Exordium"],"potions_floor_usage":[12,12,14,14],"damage_taken":[{"damage":1,"enemies":"Jaw Worm","floor":1,"turns":5},{"damage":4,"enemies":"Small Slimes","floor":3,"turns":6},{"damage":8,"enemies":"2 Louse","floor":5,"turns":3},{"damage":19,"enemies":"Exordium Wildlife","floor":8,"turns":7},{"damage":11,"enemies":"Blue Slaver","floor":11,"turns":6},{"damage":35,"enemies":"Lagavulin","floor":12,"turns":7},{"damage":28,"enemies":"Gremlin Nob","floor":14,"turns":3}],"seed_played":"-3806685971362434597","potions_obtained":[{"floor":0,"key":"SmokeBomb"},{"floor":0,"key":"Regen Potion"},{"floor":0,"key":"SteroidPotion"},{"floor":8,"key":"locksmith:KeyPotion"},{"floor":11,"key":"Dexterity Potion"},{"floor":12,"key":"Strength Potion"}],"is_trial":false,"path_per_floor":["M","?","M","?","M","R","?","M","T","R","M","E","$","E"],"character_chosen":"THE_LOCKSMITH","items_purchased":["locksmith:ValueDummy","Finesse"],"campfire_rested":0,"item_purchase_floors":[13,13],"current_hp_per_floor":[78,83,79,79,71,71,71,52,52,52,41,6,6,0,0,0],"gold":63,"neow_bonus":"THREE_SMALL_POTIONS","is_daily":false,"chose_seed":false,"campfire_upgraded":2,"win_rate":0.0,"timestamp":1610522044,"path_taken":["M","?","M","?","M","R","?","M","T","R","M","E","$","E"],"items_purchased_type":["Card","Card"],"build_version":"2020-12-22","purchased_purges":0,"victory":false,"max_hp_per_floor":[79,84,84,84,84,84,78,78,78,78,78,78,78,78,78,78],"card_choices":[{"not_picked":["locksmith:Grab","locksmith:BlockAndKey"],"picked":"locksmith:DummyRevenge","floor":1},{"not_picked":["locksmith:FriendlyGift","locksmith:LockBlock","locksmith:HiddenPower"],"picked":"SKIP","floor":3},{"not_picked":["locksmith:TrashToTreasure","locksmith:GolfGash"],"picked":"locksmith:Absorb","floor":5},{"not_picked":["locksmith:BlockAndKey","locksmith:LockBlock"],"picked":"locksmith:Grab","floor":8},{"not_picked":["locksmith:Grab","locksmith:SoulSucker"],"picked":"locksmith:HiddenPower","floor":11},{"not_picked":["locksmith:ShrapnelLock","locksmith:DoubleKey","locksmith:DeathGaze"],"picked":"SKIP","floor":12}],"player_experience":1148389,"relics_obtained":[{"floor":9,"key":"Akabeko"},{"floor":12,"key":"Shuriken"}],"event_choices":[{"damage_healed":0,"gold_gain":0,"player_choice":"Donut","damage_taken":0,"max_hp_gain":5,"max_hp_loss":0,"event_name":"Big Fish","floor":2,"gold_loss":0},{"cards_removed":["locksmith:Strike"],"damage_healed":0,"gold_gain":0,"player_choice":"Card Removal","damage_taken":0,"max_hp_gain":0,"max_hp_loss":0,"event_name":"The Cleric","floor":4,"gold_loss":50},{"damage_healed":0,"gold_gain":0,"player_choice":"Lose Max HP","damage_taken":0,"relics_obtained":["Golden Idol"],"max_hp_gain":0,"max_hp_loss":6,"event_name":"Golden Idol","floor":7,"gold_loss":0}],"is_beta":false,"boss_relics":[],"items_purged_floors":[],"is_endless":false,"potions_floor_spawned":[5,8,11,12],"killed_by":"Gremlin Nob","ascension_level":0}}