{"host":"4rvakrj1idbgia3f","time":1610533729,"event":{"mods":["BaseMod","Colored Map","Colored Powertips","DeckTracker","Highlight Path","Minty Spire (QoL Compilation)","Random Character Button","StSLib"],"gold_per_floor":[361,361,378,99,113,113,155,185,185],"floor_reached":8,"language":"JPN","playtime":230,"items_purged":["Defend_P"],"score":96,"play_id":"8526d593-8991-4bb2-af0b-3ccded3db66a","local_time":"20210113192849","is_ascension_mode":true,"campfire_choices":[{"data":"Wish","floor":6.0,"key":"SMITH"}],"circlet_count":0,"master_deck":["AscendersBane","Strike_P","Strike_P","Strike_P","Strike_P","Defend_P","Defend_P","Defend_P","Eruption","Vigilance","EmptyFist","ClearTheMind","Brilliance","Worship","Wish+1","BowlingBash"],"relics":["PureWater"],"acts_visited":["Exordium"],"potions_floor_usage":[],"damage_taken":[{"damage":4.0,"enemies":"2 Louse","floor":1.0,"turns":4.0},{"damage":0.0,"enemies":"Cultist","floor":3.0,"turns":2.0},{"damage":0.0,"enemies":"Small Slimes","floor":5.0,"turns":2.0},{"damage":23.0,"enemies":"Looter","floor":7.0,"turns":4.0},{"damage":22,"enemies":"3 Sentries","floor":8,"turns":5}],"seed_played":"21153231939086605","potions_obtained":[{"floor":5.0,"key":"SpeedPotion"}],"is_trial":false,"path_per_floor":["M","?","M","$","M","R","M","E"],"character_chosen":"WATCHER","items_purchased":["Brilliance","Worship"],"campfire_rested":0,"item_purchase_floors":[4,4],"current_hp_per_floor":[57,57,57,57,57,57,34,12,12],"gold":185,"neow_bonus":"TWO_FIFTY_GOLD","is_daily":false,"chose_seed":false,"campfire_upgraded":1,"win_rate":0.0,"timestamp":1610533729,"path_taken":["M","?","M","$","M","R","?","E"],"items_purchased_type":["Card","Card"],"build_version":"2020-12-22","purchased_purges":1,"victory":false,"max_hp_per_floor":[68,68,68,68,68,68,68,68,68],"card_choices":[{"not_picked":["CutThroughFate","CrushJoints"],"picked":"EmptyFist","floor":1.0},{"not_picked":["PathToVictory","Protect"],"picked":"ClearTheMind","floor":3.0},{"not_picked":["EmptyFist","FlyingSleeves"],"picked":"Wish","floor":5.0},{"not_picked":["CrushJoints","ForeignInfluence"],"picked":"BowlingBash","floor":7.0}],"player_experience":2015179,"relics_obtained":[],"event_choices":[{"cards_removed":["Normality"],"damage_healed":0.0,"max_hp_gain":0.0,"max_hp_loss":0.0,"gold_gain":0.0,"event_name":"Purifier","player_choice":"Purged","floor":2.0,"gold_loss":0.0,"damage_taken":0.0}],"is_beta":false,"boss_relics":[],"items_purged_floors":[4],"is_endless":false,"potions_floor_spawned":[5],"killed_by":"3 Sentries","ascension_level":20}}