{"host":"x21cvmfdo17nyhii","time":1610522163,"event":{"mods":["AchievementEnabler","BaseMod","Colored Map","Colored Powertips","DeckTracker","Highlight Path","Minty Spire (QoL Compilation)","Quick Restart","Rare Cards Sparkle","SuperFastMode"],"gold_per_floor":[113,188,6,24,43,77,77,96,96,96,96,96,96,121,121,221,221,235,4,4,23,40,71,71,102,102,117,117,32,58,58,58,157,157,174,221,221,443,457,483,483,90,117,117,167,177,97,116,116,116,116,116,1,35,35,35],"floor_reached":55,"language":"ENG","playtime":2471,"items_purged":["Strike_R","Parasite"],"score":764,"play_id":"8f429859-91f4-4501-8e6c-932cd1956444","local_time":"20210112231603","is_ascension_mode":false,"campfire_choices":[{"data":"Shrug It Off","floor":7.0,"key":"SMITH"},{"floor":10.0,"key":"REST"},{"data":"Bash","floor":13.0,"key":"SMITH"},{"data":"Evaluate","floor":15.0,"key":"SMITH"},{"floor":24.0,"key":"REST"},{"data":"Prostrate","floor":28.0,"key":"SMITH"},{"floor":32.0,"key":"REST"},{"floor":41.0,"key":"REST"},{"data":"Body Slam","floor":44.0,"key":"SMITH"},{"floor":49.0,"key":"RECALL"},{"data":"Headbutt","floor":52,"key":"SMITH"}],"circlet_count":0,"master_deck":["Strike_R+1","Strike_R+1","Strike_R+1","Defend_R+1","Defend_R+1","Defend_R+1","Bash+1","Headbutt+1","Shrug It Off+1","Slice","Cleave+1","Evaluate+1","Protect+1","Cleave+1","Prostrate+1","Body Slam+1","Armaments+1","Body Slam+1","PiercingWail"],"relics":["Burning Blood","NeowsBlessing","PrismaticShard","Boot","Singing Bowl","Kunai","Runic Dome","ClockworkSouvenir","HornCleat","White Beast Statue","Red Mask","Matryoshka","Question Card","The Courier","SacredBark","Lizard Tail","Shuriken","Letter Opener","War Paint","Mummified Hand","Gambling Chip","Bag of Marbles","Paper Frog"],"acts_visited":["Exordium","TheCity","TheBeyond","TheEnding"],"potions_floor_usage":[50,50,54,55],"damage_taken":[{"damage":0.0,"enemies":"2 Louse","floor":1.0,"turns":1.0},{"damage":0.0,"enemies":"Small Slimes","floor":4.0,"turns":1.0},{"damage":0.0,"enemies":"Jaw Worm","floor":5.0,"turns":1.0},{"damage":20.0,"enemies":"Gremlin Nob","floor":6.0,"turns":4.0},{"damage":15.0,"enemies":"Exordium Wildlife","floor":8.0,"turns":4.0},{"damage":6.0,"enemies":"3 Sentries","floor":14.0,"turns":7.0},{"damage":26.0,"enemies":"Slime Boss","floor":16.0,"turns":13.0},{"damage":10.0,"enemies":"2 Thieves","floor":18.0,"turns":4.0},{"damage":0.0,"enemies":"3 Byrds","floor":21.0,"turns":5.0},{"damage":0.0,"enemies":"Snake Plant","floor":22.0,"turns":5.0},{"damage":43.0,"enemies":"Gremlin Leader","floor":23.0,"turns":9.0},{"damage":0.0,"enemies":"Masked Bandits","floor":25.0,"turns":2.0},{"damage":1.0,"enemies":"Shelled Parasite and Fungi","floor":27.0,"turns":6.0},{"damage":33.0,"enemies":"Book of Stabbing","floor":30.0,"turns":8.0},{"damage":52.0,"enemies":"Collector","floor":33.0,"turns":8.0},{"damage":2.0,"enemies":"3 Shapes","floor":35.0,"turns":5.0},{"damage":2.0,"enemies":"2 Orb Walkers","floor":36.0,"turns":3.0},{"damage":0.0,"enemies":"3 Darklings","floor":39.0,"turns":4.0},{"damage":37.0,"enemies":"Reptomancer","floor":40.0,"turns":7.0},{"damage":0.0,"enemies":"Mind Bloom Boss Battle","floor":45.0,"turns":3.0},{"damage":0.0,"enemies":"Writhing Mass","floor":46.0,"turns":4.0},{"damage":5.0,"enemies":"Sphere and 2 Shapes","floor":48.0,"turns":4.0},{"damage":29,"enemies":"Donu and Deca","floor":50,"turns":10},{"damage":41,"enemies":"Shield and Spear","floor":54,"turns":9},{"damage":122,"enemies":"The Heart","floor":55,"turns":8}],"seed_played":"-1430833442543402722","potions_obtained":[{"floor":4.0,"key":"BlessingOfTheForge"},{"floor":8.0,"key":"Swift Potion"},{"floor":14.0,"key":"Swift Potion"},{"floor":16.0,"key":"Swift Potion"},{"floor":21.0,"key":"Regen Potion"},{"floor":23.0,"key":"AttackPotion"},{"floor":25.0,"key":"SteroidPotion"},{"floor":30.0,"key":"Block Potion"},{"floor":33.0,"key":"DistilledChaos"},{"floor":36.0,"key":"ColorlessPotion"},{"floor":39.0,"key":"DistilledChaos"},{"floor":40.0,"key":"Dexterity Potion"},{"floor":45.0,"key":"Energy Potion"},{"floor":46.0,"key":"Dexterity Potion"},{"floor":54,"key":"LiquidBronze"}],"is_trial":false,"path_per_floor":["M","?","$","M","M","E","R","M","T","R","?","?","R","E","R","B",null,"M","$","?","M","M","E","R","?","T","M","R","?","E","?","R","B",null,"M","?","?","?","M","E","R","$","T","R","?","M","$","M","R","B",null,"R","$","E","B"],"character_chosen":"IRONCLAD","items_purchased":["PrismaticShard","Headbutt","ClockworkSouvenir","Letter Opener","Armaments","War Paint","Body Slam","Bag of Marbles"],"campfire_rested":4,"item_purchase_floors":[3,3,19,42,42,42,42,53],"current_hp_per_floor":[80,69,69,75,80,66,66,57,57,80,80,73,73,73,73,55,82,80,80,80,86,86,49,74,82,82,87,87,87,62,62,89,45,92,94,94,94,94,96,67,96,96,96,96,100,102,99,101,101,78,101,101,101,66,0,0],"gold":35,"neow_bonus":"THREE_ENEMY_KILL","is_daily":false,"chose_seed":false,"campfire_upgraded":6,"win_rate":0.0,"timestamp":1610522163,"path_taken":["M","?","$","M","M","E","R","M","T","R","?","?","R","E","R","BOSS","M","$","?","M","M","E","R","?","T","M","R","?","E","?","R","BOSS","M","?","?","?","M","E","R","$","T","R","?","?","$","M","R","BOSS","R","$","E","BOSS"],"items_purchased_type":["Relic","Card","Relic","Relic","Card","Relic","Card","Relic"],"build_version":"2020-12-22","purchased_purges":2,"victory":false,"max_hp_per_floor":[80,80,80,80,80,80,80,80,80,80,80,80,80,80,80,82,82,84,84,84,86,86,86,86,88,88,88,88,88,90,90,90,92,92,94,94,94,94,96,98,98,98,98,98,100,102,99,101,101,101,101,101,101,101,101,101],"card_choices":[{"not_picked":["Perfected Strike","True Grit","Sentinel"],"picked":"SKIP","floor":1.0},{"not_picked":["Redo","Clothesline"],"picked":"Shrug It Off","floor":4.0},{"not_picked":["Sanctity","Doom and Gloom"],"picked":"Slice","floor":5.0},{"not_picked":["EmptyFist","Dual Wield","Steam"],"picked":"SKIP","floor":6.0},{"not_picked":["Dodge and Roll","Doom and Gloom"],"picked":"Cleave","floor":8.0},{"not_picked":["ClearTheMind","HandOfGreed"],"picked":"Evaluate","floor":14.0},{"not_picked":["Blasphemy","Biased Cognition","Establishment"],"picked":"Singing Bowl","floor":16.0},{"not_picked":["Heel Hook","Flex","Cold Snap+1"],"picked":"Singing Bowl","floor":18.0},{"not_picked":["Heavy Blade","Genetic Algorithm","Consume"],"picked":"Singing Bowl","floor":21.0},{"not_picked":["Beam Cell+1","Blood for Blood+1"],"picked":"Protect","floor":22.0},{"not_picked":["Calculated Gamble+1","Storm+1"],"picked":"Cleave+1","floor":23.0},{"not_picked":["Auto Shields+1","ClearTheMind","Anger"],"picked":"Singing Bowl","floor":25.0},{"not_picked":["Feel No Pain","Iron Wave"],"picked":"Prostrate","floor":27.0},{"not_picked":["Expertise","Grand Finale","Cold Snap","CrushJoints"],"picked":"Singing Bowl","floor":30.0},{"not_picked":["Barricade","Meteor Strike","Apotheosis","Magnetism"],"picked":"Singing Bowl","floor":33.0},{"not_picked":["PiercingWail+1","Stack","Dagger Throw","Evaluate"],"picked":"Singing Bowl","floor":35.0},{"not_picked":["PanicButton","Stack+1","Cleave"],"picked":"Body Slam+1","floor":36.0},{"not_picked":["Auto Shields","Streamline+1","Terror","PathToVictory"],"picked":"Singing Bowl","floor":39.0},{"not_picked":["Blade Dance","Cold Snap","Deadly Poison+1","Deflect"],"picked":"Singing Bowl","floor":40.0},{"not_picked":["Flex+1","ConjureBlade","SashWhip","All Out Attack"],"picked":"Singing Bowl","floor":45.0},{"not_picked":["Dagger Spray+1","Blur+1","Flex+1","Streamline+1"],"picked":"Singing Bowl","floor":46.0},{"not_picked":["Dash","Conclude","Hello World+1","Clothesline+1"],"picked":"Singing Bowl","floor":48.0},{"not_picked":["PathToVictory+1","Dark Shackles","Streamline+1"],"picked":"PiercingWail","floor":54}],"player_experience":330469,"relics_obtained":[{"floor":6.0,"key":"Boot"},{"floor":9.0,"key":"Singing Bowl"},{"floor":14.0,"key":"Kunai"},{"floor":23.0,"key":"White Beast Statue"},{"floor":25.0,"key":"Red Mask"},{"floor":26.0,"key":"Matryoshka"},{"floor":30.0,"key":"The Courier"},{"floor":36.0,"key":"Lizard Tail"},{"floor":40.0,"key":"Shuriken"},{"floor":43.0,"key":"Mummified Hand"},{"floor":45.0,"key":"Gambling Chip"},{"floor":54,"key":"Paper Frog"}],"event_choices":[{"damage_healed":0.0,"max_hp_gain":0.0,"max_hp_loss":0.0,"gold_gain":75.0,"event_name":"World of Goop","player_choice":"Gather Gold","floor":2.0,"gold_loss":0.0,"damage_taken":11.0},{"damage_healed":0.0,"max_hp_gain":0.0,"max_hp_loss":0.0,"gold_gain":0.0,"event_name":"Living Wall","player_choice":"Grow","floor":11.0,"gold_loss":0.0,"damage_taken":0.0,"cards_upgraded":["Cleave"]},{"cards_removed":["Strike_R"],"damage_healed":0.0,"max_hp_gain":0.0,"max_hp_loss":0.0,"gold_gain":0.0,"event_name":"Golden Wing","player_choice":"Card Removal","floor":12.0,"gold_loss":0.0,"damage_taken":7.0},{"damage_healed":0.0,"max_hp_gain":0.0,"max_hp_loss":0.0,"gold_gain":0.0,"event_name":"The Mausoleum","player_choice":"Opened","floor":20.0,"gold_loss":0.0,"damage_taken":0.0,"relics_obtained":["HornCleat"]},{"damage_healed":0.0,"max_hp_gain":0.0,"max_hp_loss":0.0,"gold_gain":0.0,"event_name":"Masked Bandits","player_choice":"Fought Bandits","floor":25.0,"gold_loss":0.0,"damage_taken":0.0},{"damage_healed":0.0,"max_hp_gain":0.0,"max_hp_loss":0.0,"gold_gain":0.0,"event_name":"Addict","player_choice":"Obtained Relic","floor":29.0,"gold_loss":85.0,"damage_taken":0.0,"relics_obtained":["Question Card"]},{"damage_healed":0.0,"max_hp_gain":0.0,"max_hp_loss":0.0,"gold_gain":0.0,"event_name":"Back to Basics","player_choice":"Simplicity","floor":31.0,"gold_loss":0.0,"damage_taken":0.0,"cards_upgraded":["Strike_R","Strike_R","Strike_R","Defend_R","Defend_R","Defend_R","Defend_R"]},{"damage_healed":0.0,"max_hp_gain":0.0,"max_hp_loss":0.0,"gold_gain":0.0,"event_name":"Mysterious Sphere","player_choice":"Fight","floor":36.0,"gold_loss":0.0,"damage_taken":0.0},{"cards_removed":["Defend_R"],"damage_healed":0.0,"max_hp_gain":0.0,"max_hp_loss":0.0,"gold_gain":0.0,"event_name":"Falling","player_choice":"Removed Skill","floor":37.0,"gold_loss":0.0,"damage_taken":0.0},{"damage_healed":0.0,"max_hp_gain":0.0,"max_hp_loss":0.0,"gold_gain":222.0,"event_name":"Tomb of Lord Red Mask","player_choice":"Wore Mask","floor":38.0,"gold_loss":0.0,"damage_taken":0.0},{"damage_healed":0.0,"max_hp_gain":0.0,"max_hp_loss":0.0,"gold_gain":0.0,"event_name":"MindBloom","player_choice":"Fight","floor":45.0,"gold_loss":0.0,"damage_taken":0.0}],"is_beta":false,"boss_relics":[{"not_picked":["Coffee Dripper","Pandora\u0027s Box"],"picked":"Runic Dome"},{"not_picked":["Snecko Eye","Mark of Pain"],"picked":"SacredBark"}],"items_purged_floors":[19,47],"is_endless":false,"potions_floor_spawned":[4,8,14,16,21,23,25,27,30,33,35,36,39,40,45,46,48,54],"killed_by":"The Heart","ascension_level":0}}