{"host":"qm4rv4rkpk76sbxu","time":1610574653,"event":{"mods":["BaseMod","Bestiary","Block Reminder","DeckTracker","Filter the Spire","Keyboard Shortcuts","Minty Spire (QoL Compilation)","MonsterHotkey","Potion Indicator Mod","Quick Restart","Relic Stats","Slay-I","StSLib","ojb\u0027s Better Paths Mod"],"gold_per_floor":[216,266,2,2,20,51,66,66,66,66,93,93,118,129,129,205,205,221,238,238,238,19,45,16,47,59,71,94,116,159,185,197,287,299,322,345,11,29,29,60,74,74,74,24,24,43,73,73,73,73,73],"floor_reached":50,"language":"ENG","playtime":3102,"items_purged":["Strike_G","Strike_G","Strike_G"],"score":1306,"play_id":"a532ad4b-a166-46f6-8cc2-b448ef1d1215","local_time":"20210113225053","is_ascension_mode":true,"campfire_choices":[{"data":"Dramatic Entrance","floor":8.0,"key":"SMITH"},{"data":"Masterful Stab","floor":10.0,"key":"SMITH"},{"data":"Poisoned Stab","floor":12.0,"key":"SMITH"},{"data":"Noxious Fumes","floor":15.0,"key":"SMITH"},{"floor":32.0,"key":"RECALL"},{"floor":45.0,"key":"DIG"},{"floor":49.0,"key":"DIG"}],"circlet_count":0,"master_deck":["AscendersBane","Strike_G","Strike_G","Defend_G","Defend_G","Defend_G","Defend_G","Defend_G","Survivor","Deadly Poison","Poisoned Stab+1","Dramatic Entrance+1","Leg Sweep","Backflip","Masterful Stab+1","Venomology","Noxious Fumes+1","Tools of the Trade","Backflip","Cloak And Dagger+1","Bullet Time","Acrobatics","Ghostly","Ghostly","Ghostly","Outmaneuver+1","After Image","Night Terror","Poisoned Stab","Acrobatics","Reflex","Crippling Poison","Adrenaline","Reflex+1"],"relics":["Ring of the Snake","Gremlin Horn","Omamori","Smiling Mask","Vajra","Eternal Feather","Fusion Hammer","Membership Card","Meat on the Bone","MawBank","Anchor","Question Card","Coffee Dripper","PreservedInsect","Thread and Needle","Shovel","Bottled Tornado","Boot","Du-Vu Doll"],"acts_visited":["Exordium","TheCity","TheBeyond"],"potions_floor_usage":[50,50,50],"damage_taken":[{"damage":2.0,"enemies":"2 Louse","floor":1.0,"turns":4.0},{"damage":0.0,"enemies":"Cultist","floor":5.0,"turns":3.0},{"damage":19.0,"enemies":"Lagavulin","floor":6.0,"turns":7.0},{"damage":5.0,"enemies":"Jaw Worm","floor":7.0,"turns":4.0},{"damage":6.0,"enemies":"Gremlin Nob","floor":11.0,"turns":3.0},{"damage":0.0,"enemies":"3 Sentries","floor":13.0,"turns":5.0},{"damage":0.0,"enemies":"Blue Slaver","floor":14.0,"turns":2.0},{"damage":10.0,"enemies":"The Guardian","floor":16.0,"turns":11.0},{"damage":7.0,"enemies":"Shell Parasite","floor":18.0,"turns":5.0},{"damage":0.0,"enemies":"2 Thieves","floor":19.0,"turns":3.0},{"damage":12.0,"enemies":"Gremlin Leader","floor":23.0,"turns":7.0},{"damage":1.0,"enemies":"Slavers","floor":25.0,"turns":5.0},{"damage":23.0,"enemies":"Shelled Parasite and Fungi","floor":28.0,"turns":5.0},{"damage":0.0,"enemies":"Centurion and Healer","floor":29.0,"turns":6.0},{"damage":0.0,"enemies":"Book of Stabbing","floor":30.0,"turns":5.0},{"damage":1.0,"enemies":"Snecko","floor":31.0,"turns":5.0},{"damage":28.0,"enemies":"Automaton","floor":33.0,"turns":10.0},{"damage":1.0,"enemies":"3 Shapes","floor":35.0,"turns":5.0},{"damage":0.0,"enemies":"Orb Walker","floor":36.0,"turns":3.0},{"damage":0.0,"enemies":"Transient","floor":38.0,"turns":6.0},{"damage":21.0,"enemies":"Giant Head","floor":40.0,"turns":8.0},{"damage":0.0,"enemies":"4 Shapes","floor":41.0,"turns":5.0},{"damage":2.0,"enemies":"3 Darklings","floor":46.0,"turns":6.0},{"damage":0.0,"enemies":"Reptomancer","floor":47.0,"turns":5.0},{"damage":57,"enemies":"Time Eater","floor":50,"turns":15}],"seed_played":"2570806751407815756","potions_obtained":[{"floor":5.0,"key":"GamblersBrew"},{"floor":7.0,"key":"CunningPotion"},{"floor":11.0,"key":"SmokeBomb"},{"floor":13.0,"key":"EssenceOfSteel"},{"floor":23.0,"key":"DuplicationPotion"},{"floor":25.0,"key":"FearPotion"},{"floor":28.0,"key":"DistilledChaos"},{"floor":30.0,"key":"LiquidBronze"},{"floor":40.0,"key":"SpeedPotion"},{"floor":41.0,"key":"DuplicationPotion"}],"is_trial":false,"path_per_floor":["M","?","$","T","M","E","M","R","T","R","E","R","E","M","R","B",null,"M","M","?","?","$","E","$","E","T","?","M","M","E","M","R","B",null,"M","M","$","M","?","E","M","?","T","$","R","M","E","?","R","B"],"character_chosen":"THE_SILENT","items_purchased":["Poisoned Stab","Fire Potion","Explosive Potion","Dramatic Entrance","Membership Card","Acrobatics","PreservedInsect","Thread and Needle","Reflex"],"campfire_rested":0,"item_purchase_floors":[3,3,3,3,22,24,37,37,37],"current_hp_per_floor":[57,51,51,51,51,32,27,27,27,27,21,21,21,21,33,23,55,48,48,48,30,30,18,18,29,29,29,20,20,20,19,35,19,31,30,30,30,30,30,21,21,21,21,21,35,33,33,33,35,0,0],"gold":73,"neow_bonus":"HUNDRED_GOLD","is_daily":false,"chose_seed":false,"campfire_upgraded":4,"win_rate":0.0,"timestamp":1610574653,"path_taken":["M","?","$","?","M","E","M","R","T","R","E","R","E","M","R","BOSS","M","M","?","?","?","E","$","E","T","?","M","M","E","M","R","BOSS","M","M","$","M","?","E","M","?","T","$","R","M","E","?","R","BOSS"],"items_purchased_type":["Card","Potion","Potion","Card","Relic","Card","Relic","Relic","Card"],"build_version":"2020-12-22","purchased_purges":3,"victory":false,"max_hp_per_floor":[66,66,66,66,66,66,66,66,66,66,66,66,66,66,66,66,66,66,66,66,71,71,71,71,71,71,35,35,35,35,35,35,35,35,35,35,35,35,35,35,35,35,35,35,35,35,35,35,35,35,35],"relic_stats":{"Shovel":2,"Gremlin Horn":[26,27],"counters":[25,143],"Eternal Feather":44,"PreservedInsect":191,"Smiling Mask":1,"MawBank":144,"Question Card":9,"Boot":[0],"obtain_stats":[{"Gremlin Horn":4,"Vajra":11,"Eternal Feather":13,"Thread and Needle":37,"PreservedInsect":37,"Omamori":6,"Bottled Tornado":45,"Smiling Mask":9,"MawBank":25,"Question Card":30,"Boot":47,"Du-Vu Doll":49,"Anchor":26,"Shovel":40,"Fusion Hammer":17,"Coffee Dripper":34,"Membership Card":22,"Ring of the Snake":0,"Meat on the Bone":23},{"Gremlin Horn":1,"Vajra":5,"Eternal Feather":6,"Thread and Needle":19,"PreservedInsect":19,"Omamori":3,"Bottled Tornado":22,"Smiling Mask":4,"MawBank":12,"Question Card":15,"Boot":24,"Du-Vu Doll":24,"Anchor":12,"Shovel":21,"Fusion Hammer":8,"Coffee Dripper":17,"Membership Card":10,"Ring of the Snake":0,"Meat on the Bone":11},{"Gremlin Horn":4,"Vajra":21,"Eternal Feather":26,"Thread and Needle":98,"PreservedInsect":98,"Omamori":14,"Bottled Tornado":117,"Smiling Mask":18,"MawBank":59,"Question Card":75,"Boot":128,"Du-Vu Doll":128,"Anchor":59,"Shovel":112,"Fusion Hammer":39,"Coffee Dripper":90,"Membership Card":47,"Ring of the Snake":0,"Meat on the Bone":54}],"Ring of the Snake":[50],"Meat on the Bone":36},"card_choices":[{"not_picked":["Acrobatics","Flying Knee"],"picked":"Deadly Poison","floor":1.0},{"not_picked":["Heel Hook","Dagger Spray"],"picked":"Leg Sweep","floor":5.0},{"not_picked":["Escape Plan","PiercingWail"],"picked":"Backflip","floor":6.0},{"not_picked":["Tactician","Flying Knee"],"picked":"Masterful Stab","floor":7.0},{"not_picked":["Deflect","Prepared"],"picked":"Venomology","floor":11.0},{"not_picked":["Flying Knee","PiercingWail"],"picked":"Noxious Fumes","floor":13.0},{"not_picked":["PiercingWail","Prepared","Quick Slash"],"picked":"SKIP","floor":14.0},{"not_picked":["Doppelganger","Malaise"],"picked":"Tools of the Trade","floor":16.0},{"not_picked":["Deadly Poison","PiercingWail"],"picked":"Backflip","floor":18.0},{"not_picked":["Blade Dance","Masterful Stab"],"picked":"Cloak And Dagger+1","floor":19.0},{"not_picked":["Concentrate","PiercingWail+1","Calculated Gamble"],"picked":"SKIP","floor":23.0},{"not_picked":["A Thousand Cuts","Bane","Caltrops"],"picked":"SKIP","floor":25.0},{"not_picked":["Bane","Outmaneuver","Eviscerate"],"picked":"SKIP","floor":28.0},{"not_picked":["Bane","Outmaneuver","Eviscerate"],"picked":"SKIP","floor":28.0},{"not_picked":["Quick Slash","Prepared","Finisher"],"picked":"SKIP","floor":29.0},{"not_picked":["Bane","Underhanded Strike+1"],"picked":"Outmaneuver+1","floor":30.0},{"not_picked":["Acrobatics+1","Escape Plan","Backflip"],"picked":"After Image","floor":31.0},{"not_picked":["Malaise","Adrenaline","Die Die Die"],"picked":"Night Terror","floor":33.0},{"not_picked":["All Out Attack+1","Sucker Punch","Infinite Blades+1"],"picked":"Poisoned Stab","floor":35.0},{"not_picked":["Well Laid Plans","Escape Plan","Poisoned Stab+1"],"picked":"Acrobatics","floor":36.0},{"not_picked":["Caltrops","Quick Slash","Endless Agony","Slice"],"picked":"SKIP","floor":38.0},{"not_picked":["Setup","Backflip+1","Expertise"],"picked":"Crippling Poison","floor":40.0},{"not_picked":["Dagger Spray","Backflip","All Out Attack","Flying Knee"],"picked":"SKIP","floor":41.0},{"not_picked":["Bouncing Flask","Quick Slash+1","All Out Attack"],"picked":"Adrenaline","floor":46.0},{"not_picked":["Terror+1","Noxious Fumes","Riddle With Holes"],"picked":"Reflex+1","floor":47.0}],"player_experience":1277421,"relics_obtained":[{"floor":4.0,"key":"Gremlin Horn"},{"floor":6.0,"key":"Omamori"},{"floor":9.0,"key":"Smiling Mask"},{"floor":11.0,"key":"Vajra"},{"floor":13.0,"key":"Eternal Feather"},{"floor":23.0,"key":"Meat on the Bone"},{"floor":25.0,"key":"MawBank"},{"floor":26.0,"key":"Anchor"},{"floor":30.0,"key":"Question Card"},{"floor":40.0,"key":"Shovel"},{"floor":45.0,"key":"Bottled Tornado"},{"floor":47.0,"key":"Boot"},{"floor":49.0,"key":"Du-Vu Doll"}],"event_choices":[{"damage_healed":0.0,"max_hp_gain":0.0,"max_hp_loss":0.0,"gold_gain":50.0,"event_name":"FaceTrader","player_choice":"Touch","floor":2.0,"gold_loss":0.0,"damage_taken":6.0},{"damage_healed":0.0,"max_hp_gain":0.0,"max_hp_loss":0.0,"gold_gain":0.0,"event_name":"The Library","player_choice":"Read","floor":20.0,"gold_loss":0.0,"damage_taken":0.0,"cards_obtained":["Bullet Time"]},{"damage_healed":0.0,"max_hp_gain":5.0,"max_hp_loss":0.0,"gold_gain":0.0,"event_name":"Forgotten Altar","player_choice":"Shed Blood","floor":21.0,"gold_loss":0.0,"damage_taken":23.0},{"damage_healed":0.0,"max_hp_gain":0.0,"max_hp_loss":36.0,"gold_gain":0.0,"event_name":"Ghosts","player_choice":"Became a Ghost","floor":27.0,"gold_loss":0.0,"damage_taken":0.0,"cards_obtained":["Ghostly","Ghostly","Ghostly"]},{"cards_removed":["Neutralize"],"damage_healed":0.0,"max_hp_gain":0.0,"max_hp_loss":0.0,"gold_gain":0.0,"event_name":"Falling","player_choice":"Removed Attack","floor":39.0,"gold_loss":0.0,"damage_taken":0.0},{"damage_healed":0.0,"max_hp_gain":0.0,"max_hp_loss":0.0,"gold_gain":0.0,"event_name":"Tomb of Lord Red Mask","player_choice":"Ignored","floor":42.0,"gold_loss":0.0,"damage_taken":0.0},{"damage_healed":0.0,"max_hp_gain":0.0,"max_hp_loss":0.0,"gold_gain":0.0,"event_name":"SecretPortal","player_choice":"Ignored","floor":48.0,"gold_loss":0.0,"damage_taken":0.0}],"is_beta":false,"boss_relics":[{"not_picked":["SacredBark","Pandora\u0027s Box"],"picked":"Fusion Hammer"},{"not_picked":["Busted Crown","Sozu"],"picked":"Coffee Dripper"}],"items_purged_floors":[22,37,44],"is_endless":false,"potions_floor_spawned":[5,7,11,13,23,25,28,30,36,40,41],"killed_by":"Time Eater","ascension_level":20}}