{"host":"sx74perrby2168l1","time":1610544621,"event":{"mods":["AchievementEnabler","Act Like it!","BaseMod","Better Third Choice","BetterRewards","Card Forge","Colored Powertips","Conspire","Energized Spire","Friendly Minions","Highlight Path","Hubris","Infinite Spire","Minty Spire (QoL Compilation)","Quick Restart","Replay The Spire","Shop Mod","Spicy Shops","StSLib","SuperFastMode","WarShipGirlsR/????R mod"],"gold_per_floor":[110,110,110,110,126,126,144,157,157,82,106,121,121,143,143,254,254,276,81,81,12,32,32,44,44],"floor_reached":24,"language":"ENG","playtime":1513,"items_purged":["hubris:Strike_Merchant","rmod:strick"],"score":188,"play_id":"3cb31aa5-5da4-4c28-813c-378854e2c27a","local_time":"20210113133021","is_ascension_mode":false,"campfire_choices":[{"data":"rmod:basicallowance","floor":6,"key":"SMITH"},{"data":"rmod:ammunitionsupply","floor":13,"key":"SMITH"},{"data":"rmod:fuelsupply","floor":15,"key":"SMITH"},{"data":"rmod:expedition","floor":23,"key":"SMITH"}],"circlet_count":0,"master_deck":["rmod:strick","rmod:strick","rmod:strick","rmod:defend","rmod:defend","rmod:defend","rmod:defend","rmod:basicallowance+1","rmod:maingunfire+1","rmod:ammunitionsupply+1","rmod:selfconfidence","rmod:fuelsupply+1","rmod:lonelyqueen","rmod:steelsupply","rmod:seals","rmod:expedition+1"],"relics":["rmod:firstchargereward","Hammer of Thor","Seething Fire","Anvil of the Gods","CaptainsWheel","Letter Opener","infinitespire:Midas Blood","hubris:TerracottaHorce","MerchantsRug","hubris:Towel"],"acts_visited":["Exordium","TheCity"],"potions_floor_usage":[],"damage_taken":[{"damage":0,"enemies":"Small Slimes","floor":1,"turns":3},{"damage":6,"enemies":"conspire:RoseBush","floor":5,"turns":1},{"damage":0,"enemies":"infinitespire:Voidling","floor":7,"turns":3},{"damage":3,"enemies":"Red Slaver","floor":8,"turns":3},{"damage":4,"enemies":"3 Louse","floor":11,"turns":3},{"damage":0,"enemies":"Blue Slaver","floor":12,"turns":3},{"damage":4,"enemies":"Looter","floor":14,"turns":3},{"damage":32,"enemies":"Hexaghost","floor":16,"turns":10},{"damage":9,"enemies":"3 Byrds","floor":18,"turns":4},{"damage":8,"enemies":"Chosen","floor":22,"turns":6},{"damage":50,"enemies":"Nightmare","floor":24,"turns":8}],"seed_played":"3535721752500262685","potions_obtained":[{"floor":1,"key":"SkillPotion"},{"floor":7,"key":"Swift Potion"},{"floor":11,"key":"BlessingOfTheForge"}],"is_trial":false,"path_per_floor":["M","?","?","?","M","R","M","M","T","$","M","M","R","M","R","B",null,"M","$","?","$","M","R","NM"],"character_chosen":"PRAEFECT","items_purchased":["MerchantsRug","rmod:expedition"],"campfire_rested":0,"item_purchase_floors":[19,21],"current_hp_per_floor":[75,75,75,75,69,69,69,66,66,66,62,62,62,58,58,26,63,54,54,54,54,46,46,0,0],"gold":44,"neow_bonus":"ONE_RARE_RELIC","is_daily":false,"chose_seed":false,"campfire_upgraded":4,"win_rate":0.0,"timestamp":1610544621,"path_taken":["M","?","?","?","M","R","M","M","T","$","M","M","R","?","R","BOSS","M","?","?","$","M","R","NM"],"items_purchased_type":["Relic","Card"],"build_version":"2020-12-22","purchased_purges":2,"victory":false,"max_hp_per_floor":[75,75,75,75,75,75,75,75,75,75,75,75,75,75,75,75,75,75,75,75,75,75,75,75,75],"card_choices":[{"not_picked":["rmod:spoils","rmod:aggressivemary"],"picked":"rmod:ammunitionsupply","floor":1},{"not_picked":["rmod:intelligenceanalysis","rmod:robin"],"picked":"rmod:fuelsupply","floor":5},{"not_picked":["rmod:slowdown","rmod:supriseattacks","rmod:ammunitionsupply"],"picked":"SKIP","floor":7},{"not_picked":["rmod:steelsupply","rmod:fuelsupply"],"picked":"rmod:lonelyqueen","floor":8},{"not_picked":["rmod:intelligenceanalysis","rmod:diamondstrike","rmod:victimresponsibility"],"picked":"SKIP","floor":11},{"not_picked":["rmod:circuitoustactics","rmod:aviationdawn","rmod:capitalist"],"picked":"SKIP","floor":12},{"not_picked":["rmod:firesupport","rmod:supportescort"],"picked":"rmod:steelsupply","floor":14},{"not_picked":["rmod:u235","rmod:abidefaith"],"picked":"rmod:seals","floor":16},{"not_picked":["rmod:fletcherpendant","rmod:tearstotiara","rmod:robin"],"picked":"SKIP","floor":18},{"not_picked":["rmod:firesupport","rmod:supportescort+1","rmod:expedition"],"picked":"SKIP","floor":22}],"player_experience":48817,"relics_obtained":[{"floor":2,"key":"Letter Opener"},{"floor":9,"key":"infinitespire:Midas Blood"}],"event_choices":[{"damage_healed":0,"gold_gain":0,"cards_transformed":["Vigilance"],"player_choice":"Transformed","damage_taken":0,"max_hp_gain":0,"max_hp_loss":0,"event_name":"Transmorgrifier","floor":4,"gold_loss":0,"cards_obtained":["rmod:selfconfidence"]}],"is_beta":false,"boss_relics":[{"not_picked":["SacredBark","Calling Bell"],"picked":"hubris:TerracottaHorce"}],"items_purged_floors":[10,19],"is_endless":true,"potions_floor_spawned":[1,7,11,14,18],"killed_by":"Nightmare","ascension_level":0}}