{"host":"gquo1rsrdiuo0hhv","time":1610550096,"event":{"mods":["Act Like it!","BaseMod","Colored Powertips","Minty Spire (QoL Compilation)","StSLib"],"gold_per_floor":[115,40,40,57,57,57,57,76,102,129,93,168,168,202,202,298,298,312,63,77,77,95,95,122,122,122,140,140,153,153,78,78,180,180,196,214,214,233,37,37,37,63,63,63,63,63],"floor_reached":45,"language":"ENG","playtime":2639,"items_purged":["Strike_P"],"score":490,"play_id":"e6372b25-6c5e-4d80-83cb-19c5619ef0ac","local_time":"20210113220136","is_ascension_mode":true,"campfire_choices":[{"data":"Vigilance","floor":6,"key":"SMITH"},{"data":"Sanctity","floor":13,"key":"SMITH"},{"floor":15,"key":"REST"},{"floor":23,"key":"REST"},{"floor":28,"key":"REST"},{"floor":32,"key":"REST"},{"floor":40,"key":"REST"},{"floor":41,"key":"REST"}],"circlet_count":0,"master_deck":["Strike_P","Defend_P","Defend_P","Defend_P","Defend_P","Eruption","Vigilance+1","WheelKick","ClearTheMind","CrushJoints","DeceiveReality","BattleHymn","Sanctity+1","Establishment","Protect+1","FollowUp","Consecrate","SpiritShield+1","WaveOfTheHand+1","ThirdEye","MasterReality","CurseOfTheBell","Evaluate+1","Madness","Madness"],"relics":["PureWater","Pen Nib","WingedGreaves","Ornamental Fan","Philosopher\u0027s Stone","Kunai","Smiling Mask","Centennial Puzzle","Oddly Smooth Stone","Calling Bell","Juzu Bracelet","StrikeDummy","Pocketwatch","PreservedInsect","Anchor","Happy Flower"],"acts_visited":["Exordium","TheCity","TheBeyond"],"potions_floor_usage":[10,10,10,14,24,38,42],"damage_taken":[{"damage":0,"enemies":"2 Louse","floor":1,"turns":4},{"damage":0,"enemies":"Cultist","floor":4,"turns":2},{"damage":0,"enemies":"Small Slimes","floor":8,"turns":3},{"damage":19,"enemies":"3 Sentries","floor":10,"turns":10},{"damage":4,"enemies":"Gremlin Nob","floor":14,"turns":4},{"damage":18,"enemies":"Hexaghost","floor":16,"turns":8},{"damage":23,"enemies":"3 Byrds","floor":18,"turns":6},{"damage":1,"enemies":"2 Thieves","floor":20,"turns":4},{"damage":17,"enemies":"Cultist and Chosen","floor":22,"turns":10},{"damage":22,"enemies":"Slavers","floor":24,"turns":7},{"damage":0,"enemies":"Centurion and Healer","floor":27,"turns":6},{"damage":6,"enemies":"Snake Plant","floor":29,"turns":5},{"damage":6,"enemies":"Automaton","floor":33,"turns":13},{"damage":0,"enemies":"Orb Walker","floor":35,"turns":5},{"damage":0,"enemies":"3 Shapes","floor":36,"turns":7},{"damage":49,"enemies":"Sphere and 2 Shapes","floor":38,"turns":10},{"damage":8,"enemies":"Nemesis","floor":42,"turns":9},{"damage":69,"enemies":"2 Orb Walkers","floor":45,"turns":8}],"seed_played":"6549161384742667397","potions_obtained":[{"floor":1,"key":"Swift Potion"},{"floor":3,"key":"FearPotion"},{"floor":3,"key":"ColorlessPotion"},{"floor":3,"key":"LiquidMemories"},{"floor":10,"key":"PowerPotion"},{"floor":20,"key":"SkillPotion"},{"floor":27,"key":"LiquidBronze"},{"floor":36,"key":"Weak Potion"}],"is_trial":false,"path_per_floor":["M","$","?","M","?","R","?","M","T","E","$","?","R","E","R","B",null,"M","$","M","?","M","R","E","?","T","M","R","M","?","?","R","B",null,"M","M","?","M","$","R","R","E","T","?","?"],"character_chosen":"WATCHER","items_purchased":["Sanctity","Kunai","PreservedInsect","SkillPotion"],"campfire_rested":6,"item_purchase_floors":[11,19,39,39],"current_hp_per_floor":[72,72,72,72,72,72,72,72,72,53,53,42,42,38,59,41,72,49,49,48,48,31,52,30,30,30,30,51,45,45,45,66,60,72,72,72,63,14,14,35,56,48,48,48,0,0],"gold":63,"neow_bonus":"REMOVE_CARD","is_daily":false,"chose_seed":false,"campfire_upgraded":2,"win_rate":0.0,"timestamp":1610550096,"path_taken":["M","$","?","?","?","R","?","M","T","E","$","?","R","E","R","BOSS","M","$","M","?","M","R","E","?","T","?","R","M","?","?","R","BOSS","M","M","?","M","$","R","R","E","T","?","?"],"items_purchased_type":["Card","Relic","Relic","Potion"],"build_version":"2020-12-22","purchased_purges":1,"victory":false,"max_hp_per_floor":[72,72,72,72,72,72,72,72,72,72,72,72,72,72,72,72,72,72,72,72,72,72,72,72,72,72,72,72,72,72,72,72,72,72,72,72,72,72,72,72,72,72,72,72,72,72],"card_choices":[{"not_picked":["FollowUp","Worship"],"picked":"WheelKick","floor":1},{"not_picked":["FlyingSleeves","Vengeance"],"picked":"ClearTheMind","floor":4},{"not_picked":["Nirvana","MentalFortress"],"picked":"DeceiveReality","floor":8},{"not_picked":["FlyingSleeves","Evaluate"],"picked":"BattleHymn","floor":10},{"not_picked":["JustLucky","FlyingSleeves","Halt"],"picked":"SKIP","floor":14},{"not_picked":["Omniscience","MasterReality"],"picked":"Establishment","floor":16},{"not_picked":["PathToVictory","FearNoEvil"],"picked":"Protect+1","floor":18},{"not_picked":["Protect","PathToVictory+1"],"picked":"FollowUp","floor":20},{"not_picked":["Wireheading+1","PathToVictory+1"],"picked":"Consecrate","floor":22},{"not_picked":["Protect+1","Sanctity"],"picked":"SpiritShield","floor":24},{"not_picked":["BowlingBash+1","ClearTheMind"],"picked":"WaveOfTheHand+1","floor":27},{"not_picked":["EmptyBody","FlyingSleeves"],"picked":"ThirdEye","floor":29},{"not_picked":["DeusExMachina","Scrawl"],"picked":"MasterReality","floor":33},{"not_picked":["WreathOfFlame","JustLucky"],"picked":"Evaluate+1","floor":35},{"not_picked":["Sanctity","Crescendo","FearNoEvil"],"picked":"SKIP","floor":36},{"not_picked":["Nirvana+1","CrushJoints+1","Prostrate+1"],"picked":"SKIP","floor":38},{"not_picked":["WaveOfTheHand+1","Evaluate","JustLucky+1"],"picked":"SKIP","floor":42}],"player_experience":382513,"relics_obtained":[{"floor":10,"key":"WingedGreaves"},{"floor":14,"key":"Ornamental Fan"},{"floor":24,"key":"Smiling Mask"},{"floor":25,"key":"Centennial Puzzle"},{"floor":26,"key":"Oddly Smooth Stone"},{"floor":34,"key":"Juzu Bracelet"},{"floor":34,"key":"StrikeDummy"},{"floor":34,"key":"Pocketwatch"},{"floor":42,"key":"Anchor"},{"floor":43,"key":"Happy Flower"}],"event_choices":[{"damage_healed":0,"gold_gain":0,"player_choice":"Got Potions","damage_taken":0,"max_hp_gain":0,"max_hp_loss":0,"event_name":"Lab","floor":3,"gold_loss":0},{"damage_healed":0,"gold_gain":0,"cards_transformed":["Strike_P"],"player_choice":"Change","damage_taken":0,"max_hp_gain":0,"max_hp_loss":0,"event_name":"Living Wall","floor":5,"gold_loss":0,"cards_obtained":["CrushJoints"]},{"damage_healed":0,"gold_gain":0,"player_choice":"Searched \u00272\u0027 times","damage_taken":0,"relics_obtained":["Pen Nib"],"max_hp_gain":0,"max_hp_loss":0,"event_name":"Dead Adventurer","floor":7,"gold_loss":0},{"damage_healed":0,"gold_gain":75,"player_choice":"Gather Gold","damage_taken":11,"max_hp_gain":0,"max_hp_loss":0,"event_name":"World of Goop","floor":12,"gold_loss":0},{"damage_healed":0,"gold_gain":0,"player_choice":"Ignored","damage_taken":0,"max_hp_gain":0,"max_hp_loss":0,"event_name":"Vampires","floor":21,"gold_loss":0},{"damage_healed":0,"gold_gain":0,"player_choice":"Relic","damage_taken":0,"max_hp_gain":0,"max_hp_loss":0,"event_name":"Wheel of Change","floor":25,"gold_loss":0},{"damage_healed":0,"gold_gain":0,"player_choice":"Smashed Altar","damage_taken":0,"max_hp_gain":0,"max_hp_loss":0,"event_name":"Forgotten Altar","floor":30,"gold_loss":0,"cards_obtained":["Decay"]},{"cards_removed":["Decay"],"damage_healed":0,"gold_gain":0,"player_choice":"Gave Gold","damage_taken":0,"max_hp_gain":0,"max_hp_loss":0,"event_name":"Beggar","floor":31,"gold_loss":75},{"damage_healed":0,"gold_gain":0,"player_choice":"Embrace Madness","damage_taken":9,"max_hp_gain":0,"max_hp_loss":0,"event_name":"Winding Halls","floor":37,"gold_loss":0,"cards_obtained":["Madness","Madness"]},{"damage_healed":0,"gold_gain":0,"player_choice":"Forge","damage_taken":0,"max_hp_gain":0,"max_hp_loss":0,"event_name":"Accursed Blacksmith","floor":44,"gold_loss":0,"cards_upgraded":["SpiritShield"]},{"damage_healed":0,"gold_gain":0,"player_choice":"Fight","damage_taken":0,"max_hp_gain":0,"max_hp_loss":0,"event_name":"Mysterious Sphere","floor":45,"gold_loss":0}],"is_beta":false,"boss_relics":[{"not_picked":["Pandora\u0027s Box","Ectoplasm"],"picked":"Philosopher\u0027s Stone"},{"not_picked":["Astrolabe","Sozu"],"picked":"Calling Bell"}],"items_purged_floors":[2],"is_endless":false,"potions_floor_spawned":[1,10,20,27,36],"killed_by":"2 Orb Walkers","ascension_level":1}}