{"host":"e87rn453naquue3h","time":1610574612,"event":{"mods":["AchievementEnabler","BaseMod","Downfall","Minty Spire (QoL Compilation)","StSLib"],"gold_per_floor":[99,119,132,152,144,144,144,144,144,162,190,233,233,383,403,512,512,512,530,555,205,205,205,232,340,366,393,318,418,418,456,491,592,592,592,604,271,271,296,338,338,373,404,487,516,6,6,29,46,46],"floor_reached":51,"language":"ENG","playtime":5316,"items_purged":["Slimebound:Icky","hexamod:EtherealExpedition","hexamod:CouncilsJustice"],"score":975,"play_id":"180681da-e6cf-45ba-92d8-31c6e9229652","local_time":"20210113165011","is_ascension_mode":true,"campfire_choices":[{"data":"hexamod:Float","floor":1,"key":"SMITH"},{"data":"hexamod:SuperheatedStrike","floor":9,"key":"SMITH"},{"data":"hexamod:NecessarySacrifice","floor":13,"key":"SMITH"},{"data":"hexamod:GhostflameInferno","floor":18,"key":"SMITH"},{"data":"expansioncontent:StudyTheSpire","floor":23,"key":"SMITH"},{"floor":28,"key":"REST"},{"data":"hexamod:CrushingStance","floor":30,"key":"SMITH"},{"floor":35,"key":"RECALL"},{"floor":47,"key":"DIG"}],"circlet_count":0,"master_deck":["hexamod:Float+1","hexamod:SuperheatedStrike+1","hexamod:PowerFromBeyond","hexamod:Hexaguard+1","hexamod:NecessarySacrifice+1","hexamod:DynamicBlow","hexamod:GhostflameInferno+1","hexamod:GhostflameInferno+1","expansioncontent:StudyTheSpire+1","Ghostly+1","Ghostly","Ghostly","hexamod:CouncilsJustice","hexamod:CouncilsJustice","hexamod:FastForward+1","hexamod:CrushingStance+1","hexamod:Hexaguard+1","hexamod:EtherealExpedition+1","hexamod:EmpoweredFlame","hexamod:HexaLevel"],"relics":["hexamod:SpiritBrand","downfall:ShatteredFragment","Lizard Tail","Kunai","sneckomod:SneckoTalon","WingedGreaves","downfall:HeartBlessingBlue","MutagenicStrength","Happy Flower","Fusion Hammer","HornCleat","hexamod:TheBrokenSeal","Guardian:GemstoneGun","Shovel","hexamod:TheBrokenSeal","Lee\u0027s Waffle","Orichalcum","Sundial","Regal Pillow","hexamod:TheBrokenSeal"],"acts_visited":["Exordium","TheCity","TheBeyond"],"potions_floor_usage":[16,20,27,37,40,40,40,40,42,42,42,43,43,45,50,50],"damage_taken":[{"damage":0,"enemies":"Small Slimes","floor":2,"turns":3},{"damage":1,"enemies":"Jaw Worm","floor":3,"turns":3},{"damage":3,"enemies":"2 Louse","floor":4,"turns":2},{"damage":0,"enemies":"Large Slime","floor":10,"turns":3},{"damage":0,"enemies":"3 Louse","floor":11,"turns":3},{"damage":17,"enemies":"3 Sentries","floor":12,"turns":6},{"damage":0,"enemies":"Blue Slaver","floor":15,"turns":3},{"damage":18,"enemies":"downfall:Silent","floor":16,"turns":6},{"damage":28,"enemies":"3 Byrds","floor":19,"turns":4},{"damage":6,"enemies":"Spheric Guardian","floor":20,"turns":2},{"damage":0,"enemies":"downfall:FleeingMerchant","floor":21,"turns":4},{"damage":17,"enemies":"Colosseum Nobs","floor":25,"turns":3},{"damage":0,"enemies":"3 Cultists","floor":26,"turns":4},{"damage":9,"enemies":"Snake Plant","floor":27,"turns":3},{"damage":0,"enemies":"downfall:Augmenter","floor":29,"turns":4},{"damage":14,"enemies":"Slavers","floor":31,"turns":4},{"damage":0,"enemies":"Sentry and Sphere","floor":32,"turns":3},{"damage":0,"enemies":"downfall:Defect","floor":33,"turns":5},{"damage":0,"enemies":"3 Shapes","floor":36,"turns":3},{"damage":5,"enemies":"downfall:FleeingMerchant","floor":37,"turns":4},{"damage":0,"enemies":"Orb Walker","floor":39,"turns":5},{"damage":52,"enemies":"Nemesis","floor":40,"turns":7},{"damage":11,"enemies":"4 Shapes","floor":42,"turns":6},{"damage":43,"enemies":"Spire Growth","floor":43,"turns":5},{"damage":6,"enemies":"downfall:FleeingMerchant","floor":44,"turns":3},{"damage":0,"enemies":"Reptomancer","floor":45,"turns":4},{"damage":0,"enemies":"3 Darklings","floor":48,"turns":4},{"damage":0,"enemies":"Jaw Worm Horde","floor":49,"turns":2},{"damage":0,"enemies":"downfall:Watcher","floor":50,"turns":4}],"seed_played":"-2390393459247449097","potions_obtained":[{"floor":3,"key":"Energy Potion"},{"floor":11,"key":"DistilledChaos"},{"floor":12,"key":"SteroidPotion"},{"floor":16,"key":"champ:CounterPotion"},{"floor":27,"key":"SkillPotion"},{"floor":36,"key":"hexamod:EctoCoolerPotion"},{"floor":37,"key":"EntropicBrew"},{"floor":39,"key":"CultistPotion"},{"floor":40,"key":"Regen Potion"},{"floor":42,"key":"Guardian:BlockOnCardUsePotion"},{"floor":43,"key":"CultistPotion"},{"floor":43,"key":"ColorlessPotion"},{"floor":44,"key":"Strength Potion"},{"floor":45,"key":"LiquidMemories"}],"is_trial":false,"path_per_floor":["R","M","M","M","?","?","T","?","R","M","M","E","R","?","M","B",null,"R","M","M","$","?","R","T","?","M","M","R","?","R","E","M","B",null,"R","M","$","?","M","E","T","M","M","$","E","$","R","M","M","B",null],"character_chosen":"THE_SPIRIT","items_purchased":["expansioncontent:StudyTheSpire","EntropicBrew","hexamod:FourthSeal","HornCleat","Lee\u0027s Waffle","CultistPotion","Sundial","hexamod:EmpoweredFlame"],"campfire_rested":1,"item_purchase_floors":[21,21,37,37,44,46,46,46],"current_hp_per_floor":[77,77,76,73,73,52,52,52,52,52,52,35,35,35,35,17,77,77,49,43,43,38,38,38,21,21,12,36,36,36,22,22,22,48,48,48,43,43,43,37,37,41,68,75,75,75,75,85,85,85],"gold":46,"neow_bonus":"TEN_PERCENT_HP_BONUS","is_daily":false,"chose_seed":false,"campfire_upgraded":6,"win_rate":0.0,"timestamp":1610574611,"path_taken":["R","M","M","M","?","?","T","?","R","M","M","E","R","?","M","BOSS","R","M","M","$","?","R","T","?","M","M","R","?","R","E","M","BOSS","R","M","$","?","M","E","T","M","M","$","E","$","R","?","M","BOSS"],"items_purchased_type":["Card","Potion","Card","Relic","Relic","Potion","Relic","Card"],"build_version":"2020-12-22","purchased_purges":3,"victory":true,"max_hp_per_floor":[77,77,77,77,77,77,77,77,77,77,77,77,77,77,77,77,77,77,77,77,77,38,38,38,38,38,38,48,48,48,48,48,48,48,48,48,48,48,48,58,58,58,68,75,75,75,75,85,85,85],"card_choices":[{"not_picked":["hexamod:AdvancingGuard","hexamod:InspiringFlames"],"picked":"hexamod:SuperheatedStrike","floor":2},{"not_picked":["hexamod:ShieldOfDarkness","hexamod:HeatShield","hexamod:HauntingEcho"],"picked":"SKIP","floor":3},{"not_picked":["hexamod:FirstSeal","hexamod:Hexaguard"],"picked":"hexamod:PowerFromBeyond","floor":4},{"not_picked":["hexamod:GhostOfSpirePast","hexamod:PhantomFireball"],"picked":"hexamod:Hexaguard","floor":10},{"not_picked":["hexamod:Firestarter","hexamod:NightmareGuise","hexamod:GhostLash"],"picked":"SKIP","floor":11},{"not_picked":["hexamod:SpectersWail","hexamod:BurningTouch"],"picked":"hexamod:NecessarySacrifice","floor":12},{"not_picked":["hexamod:CatchUp","hexamod:FastForward"],"picked":"hexamod:DynamicBlow","floor":15},{"not_picked":["hexamod:EmpoweringStance","hexamod:ApocalypseNow"],"picked":"hexamod:GhostflameInferno","floor":16},{"not_picked":["hexamod:ShieldOfDarkness","hexamod:RainOfEmbers"],"picked":"hexamod:ThirdSeal","floor":19},{"not_picked":["hexamod:SwordOfDarkness","hexamod:NightmareGuise","hexamod:BacktrackSmack"],"picked":"SKIP","floor":20},{"not_picked":["hexamod:BacktrackSmack","hexamod:ShieldOfDarkness+1","hexamod:NightmareGuise"],"picked":"SKIP","floor":20},{"not_picked":["hexamod:SwordOfDarkness","hexamod:Hexaguard"],"picked":"hexamod:GhostflameInferno","floor":21},{"not_picked":["hexamod:FastForward","hexamod:GhostOfSpireFuture","hexamod:ChargedBarrage"],"picked":"SKIP","floor":21},{"not_picked":["hexamod:StepThrough","hexamod:HeatCrush"],"picked":"hexamod:EtherealExpedition","floor":26},{"not_picked":["hexamod:SecondSeal","hexamod:BacktrackSmack+1"],"picked":"hexamod:SpectersWail","floor":26},{"not_picked":["hexamod:HeatMetal+1","hexamod:SpectersWail+1"],"picked":"hexamod:FastForward+1","floor":27},{"not_picked":["hexamod:ThirdSeal","hexamod:EtherealExpedition","hexamod:DynamicBlow+1"],"picked":"SKIP","floor":31},{"not_picked":["hexamod:Firestarter","hexamod:UnlimitedPower","hexamod:GhostOfSpirePresent+1"],"picked":"SKIP","floor":32},{"not_picked":["hexamod:FastForward","hexamod:PhantomCloak","hexamod:AdvancingGuard"],"picked":"SKIP","floor":32},{"not_picked":["hexamod:GiftsFromTheDead","hexamod:WildfireWeapon"],"picked":"hexamod:FifthSeal","floor":33},{"not_picked":["hexamod:FirstSeal","hexamod:SecondSeal"],"picked":"hexamod:FourthSeal","floor":36},{"not_picked":["hexamod:SpectersWail","hexamod:ThermalTransfer+1"],"picked":"hexamod:Hexaguard+1","floor":36},{"not_picked":["hexamod:FastForward","hexamod:HeatMetal","hexamod:SwordOfDarkness"],"picked":"SKIP","floor":36},{"not_picked":["hexamod:SecondSeal","hexamod:ThirdSeal"],"picked":"hexamod:FirstSeal","floor":37},{"not_picked":["hexamod:SpectersWail","hexamod:EmpoweredFlame+1"],"picked":"hexamod:FifthSeal","floor":37},{"not_picked":["hexamod:HauntingEcho+1","hexamod:BacktrackSmack+1"],"picked":"hexamod:EtherealExpedition","floor":37},{"not_picked":["hexamod:BacktrackSmack+1","hexamod:NightmareGuise+1","hexamod:GhostShield"],"picked":"SKIP","floor":37},{"not_picked":["hexamod:FourthSeal","hexamod:SecondSeal"],"picked":"hexamod:SixthSeal","floor":39},{"not_picked":["hexamod:SecondSeal","hexamod:ThirdSeal"],"picked":"hexamod:SixthSeal","floor":39},{"not_picked":["hexamod:FirstSeal","hexamod:SixthSeal"],"picked":"hexamod:ThirdSeal","floor":39},{"not_picked":["hexamod:Firestarter","hexamod:AdvancingGuard+1"],"picked":"hexamod:SecondSeal","floor":39},{"not_picked":["hexamod:RainOfEmbers+1","hexamod:Firestarter+1","hexamod:NightmareGuise+1"],"picked":"SKIP","floor":39},{"not_picked":["hexamod:SixthSeal","hexamod:ThirdSeal"],"picked":"hexamod:FirstSeal","floor":40},{"not_picked":["hexamod:SecondSeal","hexamod:FourthSeal"],"picked":"hexamod:SixthSeal","floor":40},{"not_picked":["hexamod:Again","hexamod:ThermalTransfer+1","hexamod:VolcanoVisage"],"picked":"SKIP","floor":40},{"not_picked":["hexamod:FirstSeal","hexamod:ThirdSeal"],"picked":"hexamod:FourthSeal","floor":42},{"not_picked":["hexamod:PhantomFireball","hexamod:ChargedBarrage+1","hexamod:RainOfEmbers+1"],"picked":"SKIP","floor":42},{"not_picked":["hexamod:HauntingEcho+1","hexamod:GhostLash","hexamod:NightmareStrike"],"picked":"SKIP","floor":42},{"not_picked":["hexamod:SecondSeal","hexamod:SixthSeal"],"picked":"hexamod:FirstSeal","floor":43},{"not_picked":["hexamod:Incineration","hexamod:ShieldOfDarkness+1","hexamod:ThermalTransfer"],"picked":"SKIP","floor":43},{"not_picked":["hexamod:NightmareGuise","hexamod:RainOfEmbers+1","hexamod:NightmareStrike"],"picked":"SKIP","floor":44},{"not_picked":["hexamod:FirstSeal","hexamod:SixthSeal"],"picked":"hexamod:ThirdSeal","floor":45},{"not_picked":["hexamod:HeatMetal","hexamod:ApocalypticArmor","hexamod:Hexaguard+1"],"picked":"SKIP","floor":45},{"not_picked":["hexamod:GhostLash","hexamod:BacktrackSmack","hexamod:EtherealExpedition+1"],"picked":"SKIP","floor":48},{"not_picked":["hexamod:ChargedBarrage+1","hexamod:HauntingEcho+1","hexamod:InspiringFlames"],"picked":"SKIP","floor":48},{"not_picked":["hexamod:ExtraCrispy+1","hexamod:HeatCrush+1"],"picked":"hexamod:HexaLevel","floor":49}],"player_experience":2491047,"relics_obtained":[{"floor":7,"key":"Lizard Tail"},{"floor":12,"key":"Kunai"},{"floor":25,"key":"WingedGreaves"},{"floor":25,"key":"InkBottle"},{"floor":29,"key":"MutagenicStrength"},{"floor":31,"key":"Happy Flower"},{"floor":40,"key":"Guardian:GemstoneGun"},{"floor":41,"key":"Shovel"},{"floor":45,"key":"Orichalcum"},{"floor":47,"key":"Regal Pillow"}],"event_choices":[],"is_beta":false,"boss_relics":[{"not_picked":["SlaversCollar","Cursed Key"],"picked":"sneckomod:SneckoTalon"},{"not_picked":["SacredBark","Velvet Choker"],"picked":"Fusion Hammer"}],"items_purged_floors":[21,44,46],"is_endless":false,"potions_floor_spawned":[3,11,12,16,19,25,27,36,40,43,48,49],"ascension_level":3}}