{"host":"1u4zr9vl8my47i07","time":1610542635,"event":{"mods":["AchievementEnabler","BaseMod","DeckTracker","Highlight Path","Keyboard Shortcuts","Minty Spire (QoL Compilation)","Relic Stats","StSLib","SuperFastMode","Uncapped","Waifu the Spire","everything is the same but u backflip on backflip"],"gold_per_floor":[111,123,134,284,59,59,86,86,86,121,121,154,154,168,168,240,240,251,265,282,187,203,229,229,256,256,276,191,112,112,127,127,204,204,217,231,100,117,133,165,181,181,181,192,192,221,221,0,0,0],"floor_reached":51,"language":"KOR","playtime":1963,"items_purged":[],"score":1426,"play_id":"edf22179-7a4b-47ab-aacd-266e6bbc39a8","local_time":"20210113215715","is_ascension_mode":true,"campfire_choices":[{"data":"Perfected Strike","floor":6.0,"key":"SMITH"},{"data":"Perfected Strike","floor":11.0,"key":"SMITH"},{"floor":13.0,"key":"REST"},{"data":"Perfected Strike","floor":15.0,"key":"SMITH"},{"floor":24.0,"key":"REST"},{"data":"Uppercut","floor":32.0,"key":"SMITH"},{"floor":42.0,"key":"REST"},{"data":"Offering","floor":49.0,"key":"SMITH"}],"circlet_count":0,"master_deck":["AscendersBane","Strike_R","Strike_R","Strike_R","Strike_R","Strike_R","Defend_R","Defend_R+1","Defend_R+1","Defend_R","Bash","Wild Strike","Perfected Strike+1","Twin Strike","Perfected Strike+1","Cleave","Battle Trance","Perfected Strike+1","Perfected Strike","Feed","Evolve","Twin Strike","Clothesline+1","Dark Shackles","Offering+1","Twin Strike","Uppercut+1","Shrug It Off","Double Tap","Perfected Strike","Power Through","Shrug It Off","Pommel Strike+1","Pommel Strike+1","Decay"],"relics":["Burning Blood","Omamori","DollysMirror","Oddly Smooth Stone","Pear","Kunai","Ancient Tea Set","Snecko Eye","War Paint","Juzu Bracelet","StrikeDummy","Pantograph","Nilry\u0027s Codex","Calling Bell","Anchor","Ornamental Fan","Ice Cream","Shuriken","Torii","Question Card","Red Mask"],"acts_visited":["Exordium","TheCity","TheBeyond"],"potions_floor_usage":[],"damage_taken":[{"damage":14.0,"enemies":"Jaw Worm","floor":1.0,"turns":3.0},{"damage":10.0,"enemies":"Small Slimes","floor":2.0,"turns":3.0},{"damage":0.0,"enemies":"Cultist","floor":3.0,"turns":3.0},{"damage":32.0,"enemies":"Gremlin Nob","floor":7.0,"turns":4.0},{"damage":42.0,"enemies":"Lagavulin","floor":10.0,"turns":8.0},{"damage":8.0,"enemies":"Gremlin Nob","floor":12.0,"turns":3.0},{"damage":13.0,"enemies":"Exordium Thugs","floor":14.0,"turns":2.0},{"damage":25.0,"enemies":"The Guardian","floor":16.0,"turns":9.0},{"damage":15.0,"enemies":"Shell Parasite","floor":18.0,"turns":2.0},{"damage":0.0,"enemies":"3 Byrds","floor":19.0,"turns":2.0},{"damage":41.0,"enemies":"Snake Plant","floor":20.0,"turns":3.0},{"damage":4.0,"enemies":"Cultist and Chosen","floor":22.0,"turns":5.0},{"damage":22.0,"enemies":"Book of Stabbing","floor":23.0,"turns":3.0},{"damage":8.0,"enemies":"Gremlin Leader","floor":25.0,"turns":3.0},{"damage":0.0,"enemies":"Sentry and Sphere","floor":27.0,"turns":2.0},{"damage":9.0,"enemies":"Centurion and Healer","floor":31.0,"turns":2.0},{"damage":18.0,"enemies":"Automaton","floor":33.0,"turns":6.0},{"damage":0.0,"enemies":"Orb Walker","floor":35.0,"turns":1.0},{"damage":13.0,"enemies":"3 Shapes","floor":36.0,"turns":6.0},{"damage":17.0,"enemies":"Jaw Worm Horde","floor":38.0,"turns":3.0},{"damage":33.0,"enemies":"Writhing Mass","floor":39.0,"turns":4.0},{"damage":21.0,"enemies":"Giant Head","floor":40.0,"turns":6.0},{"damage":23.0,"enemies":"3 Darklings","floor":41.0,"turns":5.0},{"damage":14.0,"enemies":"4 Shapes","floor":44.0,"turns":6.0},{"damage":24.0,"enemies":"Reptomancer","floor":46.0,"turns":4.0},{"damage":16,"enemies":"Donu and Deca","floor":50,"turns":6}],"seed_played":"-5865634898033491742","potions_obtained":[{"floor":2.0,"key":"Dexterity Potion"},{"floor":3.0,"key":"BlessingOfTheForge"},{"floor":18.0,"key":"BloodPotion"},{"floor":22.0,"key":"Swift Potion"},{"floor":23.0,"key":"Explosive Potion"},{"floor":40.0,"key":"FairyPotion"},{"floor":46.0,"key":"Energy Potion"}],"is_trial":false,"path_per_floor":["M","M","M","?","$","R","E","?","T","E","R","E","R","M","R","B",null,"M","M","M","$","M","E","R","E","T","M","?","$","?","M","R","B",null,"M","M","$","M","M","E","M","R","T","M","?","E","?","?","R","B",null],"character_chosen":"IRONCLAD","items_purchased":["Twin Strike","DollysMirror","Dark Shackles","Uppercut","Power Through","Shrug It Off"],"campfire_rested":3,"item_purchase_floors":[5,5,21,29,37,37],"current_hp_per_floor":[60,56,62,62,62,62,36,41,51,15,15,13,38,31,31,12,67,58,67,32,32,34,35,61,59,59,65,65,65,44,41,41,57,83,89,82,82,71,44,29,12,39,39,31,75,57,57,57,57,68],"gold":0,"neow_bonus":"RANDOM_COMMON_RELIC","is_daily":false,"chose_seed":false,"campfire_upgraded":5,"win_rate":0.0,"timestamp":1610542635,"path_taken":["M","M","M","?","?","R","E","?","T","E","R","E","R","M","R","BOSS","M","M","M","$","M","E","R","E","T","M","?","$","?","M","R","BOSS","M","M","$","M","M","E","M","R","T","M","?","E","?","?","R","BOSS"],"items_purchased_type":["Card","Relic","Card","Card","Card","Card"],"build_version":"2020-12-22","purchased_purges":0,"victory":true,"max_hp_per_floor":[75,75,75,75,75,75,75,75,85,85,85,85,85,85,85,85,85,85,88,88,88,88,88,88,88,88,88,88,88,88,88,88,91,91,91,91,91,91,91,91,91,91,91,91,75,75,75,75,75,78],"relic_stats":{"Torii":3,"counters":[26,104],"Ornamental Fan":[68],"Shuriken":[9],"Pantograph":43,"Snecko Eye":[146,116,134,134],"Juzu Bracelet":2,"Kunai":[37],"War Paint":["Defend_R","Defend_R"],"Question Card":0,"obtain_stats":[{"Ice Cream":34,"Pear":9,"Torii":43,"Nilry\u0027s Codex":30,"Oddly Smooth Stone":7,"Omamori":0,"Juzu Bracelet":25,"War Paint":23,"Ancient Tea Set":12,"Question Card":46,"Burning Blood":0,"Calling Bell":34,"Anchor":34,"DollysMirror":5,"Ornamental Fan":34,"Shuriken":40,"Pantograph":28,"Snecko Eye":17,"Red Mask":48,"Kunai":10,"StrikeDummy":26},{"Ice Cream":17,"Pear":4,"Torii":23,"Nilry\u0027s Codex":15,"Oddly Smooth Stone":4,"Omamori":0,"Juzu Bracelet":14,"War Paint":13,"Ancient Tea Set":6,"Question Card":25,"Burning Blood":0,"Calling Bell":17,"Anchor":17,"DollysMirror":3,"Ornamental Fan":17,"Shuriken":22,"Pantograph":15,"Snecko Eye":8,"Red Mask":25,"Kunai":5,"StrikeDummy":14},{"Ice Cream":63,"Pear":13,"Torii":88,"Nilry\u0027s Codex":55,"Oddly Smooth Stone":13,"Omamori":0,"Juzu Bracelet":53,"War Paint":50,"Ancient Tea Set":24,"Question Card":98,"Burning Blood":0,"Calling Bell":63,"Anchor":63,"DollysMirror":9,"Ornamental Fan":63,"Shuriken":83,"Pantograph":55,"Snecko Eye":35,"Red Mask":98,"Kunai":21,"StrikeDummy":53}],"Burning Blood":156},"card_choices":[{"not_picked":["Cleave","Thunderclap"],"picked":"Wild Strike","floor":1.0},{"not_picked":["Hemokinesis","Havoc"],"picked":"Perfected Strike","floor":2.0},{"not_picked":["Pummel","Dual Wield"],"picked":"Body Slam","floor":3.0},{"not_picked":["Burning Pact","Havoc"],"picked":"Cleave","floor":7.0},{"not_picked":["Rage","Corruption"],"picked":"Battle Trance","floor":10.0},{"not_picked":["Power Through","Shrug It Off"],"picked":"Perfected Strike","floor":12.0},{"not_picked":["Pommel Strike","Burning Pact"],"picked":"Perfected Strike","floor":14.0},{"not_picked":["Juggernaut","Reaper"],"picked":"Feed","floor":16.0},{"not_picked":["Clash","True Grit"],"picked":"Evolve","floor":18.0},{"not_picked":["Body Slam","Clash"],"picked":"Twin Strike","floor":19.0},{"not_picked":["Warcry","Ghostly Armor"],"picked":"Clothesline+1","floor":20.0},{"not_picked":["Pummel","Havoc","Cleave"],"picked":"SKIP","floor":22.0},{"not_picked":["Warcry","Seeing Red","Pummel"],"picked":"SKIP","floor":23.0},{"not_picked":["Shrug It Off","Havoc"],"picked":"Offering","floor":25.0},{"not_picked":["Iron Wave+1","Headbutt"],"picked":"Twin Strike","floor":27.0},{"not_picked":["Rupture","True Grit"],"picked":"Shrug It Off","floor":31.0},{"not_picked":["Impervious","Fiend Fire"],"picked":"Double Tap","floor":33.0},{"not_picked":["True Grit","Iron Wave+1","Headbutt"],"picked":"SKIP","floor":35.0},{"not_picked":["Body Slam","Clash"],"picked":"Perfected Strike","floor":36.0},{"not_picked":["Rampage","Thunderclap","Flex"],"picked":"SKIP","floor":38.0},{"not_picked":["Pummel","Havoc","Clothesline+1"],"picked":"SKIP","floor":39.0},{"not_picked":["Sword Boomerang","Searing Blow","Inflame+1"],"picked":"SKIP","floor":40.0},{"not_picked":["Anger","Sentinel"],"picked":"Pommel Strike+1","floor":41.0},{"not_picked":["Juggernaut","Sever Soul","Dropkick"],"picked":"SKIP","floor":44.0},{"not_picked":["Anger","Heavy Blade"],"picked":"Pommel Strike+1","floor":46.0}],"player_experience":330750,"relics_obtained":[{"floor":7.0,"key":"Oddly Smooth Stone"},{"floor":9.0,"key":"Pear"},{"floor":10.0,"key":"Kunai"},{"floor":12.0,"key":"Ancient Tea Set"},{"floor":23.0,"key":"War Paint"},{"floor":25.0,"key":"Juzu Bracelet"},{"floor":26.0,"key":"StrikeDummy"},{"floor":30.0,"key":"Nilry\u0027s Codex"},{"floor":34.0,"key":"Anchor"},{"floor":34.0,"key":"Ornamental Fan"},{"floor":34.0,"key":"Ice Cream"},{"floor":40.0,"key":"Shuriken"},{"floor":43.0,"key":"Torii"},{"floor":46.0,"key":"Question Card"}],"event_choices":[{"damage_healed":0.0,"max_hp_gain":0.0,"max_hp_loss":0.0,"gold_gain":150.0,"event_name":"Liars Game","player_choice":"AGREE","floor":4.0,"gold_loss":0.0,"damage_taken":0.0,"cards_obtained":["Doubt"]},{"cards_removed":["Body Slam"],"damage_healed":5.0,"max_hp_gain":0.0,"max_hp_loss":0.0,"gold_gain":0.0,"event_name":"Bonfire Elementals","player_choice":"Offered Common","floor":8.0,"gold_loss":0.0,"damage_taken":0.0},{"cards_removed":["Body Slam"],"damage_healed":5.0,"max_hp_gain":0.0,"max_hp_loss":0.0,"gold_gain":0.0,"event_name":"Bonfire Elementals","player_choice":"Offered Special","floor":8.0,"gold_loss":0.0,"damage_taken":0.0},{"damage_healed":0.0,"max_hp_gain":0.0,"max_hp_loss":0.0,"gold_gain":0.0,"event_name":"Addict","player_choice":"Obtained Relic","floor":28.0,"gold_loss":85.0,"damage_taken":0.0,"relics_obtained":["Pantograph"]},{"damage_healed":0.0,"max_hp_gain":0.0,"max_hp_loss":0.0,"gold_gain":0.0,"event_name":"Cursed Tome","player_choice":"Obtained Book","floor":30.0,"gold_loss":0.0,"damage_taken":21.0},{"damage_healed":75.0,"max_hp_gain":0.0,"max_hp_loss":16.0,"gold_gain":0.0,"event_name":"The Moai Head","player_choice":"Heal","floor":45.0,"gold_loss":0.0,"damage_taken":0.0},{"damage_healed":0.0,"max_hp_gain":0.0,"max_hp_loss":0.0,"gold_gain":0.0,"event_name":"Wheel of Change","player_choice":"Cursed","floor":47.0,"gold_loss":0.0,"damage_taken":0.0,"cards_obtained":["Decay"]},{"damage_healed":0.0,"max_hp_gain":0.0,"max_hp_loss":0.0,"gold_gain":0.0,"event_name":"Tomb of Lord Red Mask","player_choice":"Paid","floor":48.0,"gold_loss":221.0,"damage_taken":0.0,"relics_obtained":["Red Mask"]}],"is_beta":false,"boss_relics":[{"not_picked":["Ectoplasm","Black Blood"],"picked":"Snecko Eye"},{"not_picked":["Pandora\u0027s Box","Velvet Choker"],"picked":"Calling Bell"}],"items_purged_floors":[],"is_endless":false,"potions_floor_spawned":[2,3,7,14,18,22,23,33,35,38,40,46],"ascension_level":17}}