{"host":"skvwuvqqk8x6jusd","time":1610576613,"event":{"mods":["AchievementEnabler","BaseMod","Colored Map","Colored Powertips","Highlight Path","Minty Spire (QoL Compilation)","Relic Stats","Slay-I"],"gold_per_floor":[114,132,132,144,109,109,127,127,200,230,153,177,29,29,29,124,124,139,153,166,177,177,177,377,377,377,405,415,429,444,159,159,260,260,276,291,305,321,321,321,338,338,338,338,338,348,348,4,4,4,4],"floor_reached":50,"language":"ENG","playtime":1169,"items_purged":[],"score":454,"play_id":"799e352e-aeef-4e56-9a45-1844b49ec576","local_time":"20210113222333","is_ascension_mode":false,"campfire_choices":[{"data":"Spot Weakness","floor":6,"key":"SMITH"},{"data":"Bash","floor":8,"key":"SMITH"},{"data":"Pummel","floor":15,"key":"SMITH"},{"data":"Spot Weakness","floor":23,"key":"SMITH"},{"floor":25,"key":"REST"},{"floor":32,"key":"REST"},{"data":"Double Tap","floor":40,"key":"SMITH"},{"data":"Offering","floor":42,"key":"SMITH"},{"floor":49,"key":"REST"}],"circlet_count":0,"master_deck":["Strike_R+1","Strike_R+1","Strike_R+1","Strike_R+1","Bash+1","Spot Weakness+1","Wild Strike+1","Wild Strike+1","Rampage+1","Pummel+1","Cleave+1","Spot Weakness+1","Clash+1","Clash+1","Offering+1","Double Tap+1","Heavy Blade+1","Sword Boomerang+1","Dropkick+1","Violence+1"],"relics":["Burning Blood","Paper Frog","Vajra","Odd Mushroom","Medical Kit","NlothsMask","Empty Cage","MutagenicStrength","Orichalcum","Lantern","Philosopher\u0027s Stone","Bag of Marbles","Mark of the Bloom","Lizard Tail"],"acts_visited":["Exordium","TheCity","TheBeyond"],"potions_floor_usage":[12,16,21,27,29,33,37,50,50],"damage_taken":[{"damage":5,"enemies":"2 Louse","floor":1,"turns":3},{"damage":15,"enemies":"Cultist","floor":2,"turns":4},{"damage":11,"enemies":"Jaw Worm","floor":4,"turns":2},{"damage":16,"enemies":"Large Slime","floor":7,"turns":4},{"damage":9,"enemies":"The Mushroom Lair","floor":12,"turns":2},{"damage":41,"enemies":"Hexaghost","floor":16,"turns":5},{"damage":12,"enemies":"Shell Parasite","floor":18,"turns":2},{"damage":30,"enemies":"Spheric Guardian","floor":19,"turns":4},{"damage":20,"enemies":"Chosen and Byrds","floor":20,"turns":4},{"damage":31,"enemies":"Shelled Parasite and Fungi","floor":21,"turns":3},{"damage":41,"enemies":"Slavers","floor":27,"turns":5},{"damage":4,"enemies":"Sentry and Sphere","floor":28,"turns":3},{"damage":12,"enemies":"Centurion and Healer","floor":29,"turns":3},{"damage":8,"enemies":"Shelled Parasite and Fungi","floor":30,"turns":2},{"damage":46,"enemies":"Automaton","floor":33,"turns":5},{"damage":6,"enemies":"3 Darklings","floor":35,"turns":2},{"damage":11,"enemies":"3 Shapes","floor":36,"turns":2},{"damage":6,"enemies":"Writhing Mass","floor":37,"turns":2},{"damage":6,"enemies":"Jaw Worm Horde","floor":38,"turns":2},{"damage":6,"enemies":"4 Shapes","floor":41,"turns":1},{"damage":0,"enemies":"Sphere and 2 Shapes","floor":46,"turns":1},{"damage":72,"enemies":"Awakened One","floor":50,"turns":4}],"seed_played":"-5015722799359040086","potions_obtained":[{"floor":1,"key":"DuplicationPotion"},{"floor":7,"key":"Energy Potion"},{"floor":19,"key":"FairyPotion"},{"floor":20,"key":"ColorlessPotion"},{"floor":21,"key":"EssenceOfSteel"},{"floor":28,"key":"Regen Potion"},{"floor":30,"key":"BloodPotion"},{"floor":35,"key":"Block Potion"},{"floor":46,"key":"BloodPotion"}],"is_trial":false,"path_per_floor":["M","M","?","M","?","R","M","R","T","?","$","?","$","?","R","B",null,"M","M","M","M","?","R","?","R","T","E","M","M","M","$","R","B",null,"M","M","M","M","?","R","M","R","T","?","?","M","?","$","R","B"],"character_chosen":"IRONCLAD","items_purchased":["Rampage","Medical Kit","Offering","Lantern","Lizard Tail","AttackPotion"],"campfire_rested":3,"item_purchase_floors":[11,13,31,31,48,48],"current_hp_per_floor":[72,63,56,51,69,69,59,59,59,59,59,56,56,56,56,21,72,66,42,28,27,27,27,27,48,48,13,15,18,16,16,37,11,72,72,67,67,67,67,67,67,67,67,67,67,67,67,67,67,0,0],"gold":4,"neow_bonus":"REMOVE_TWO","is_daily":false,"chose_seed":false,"campfire_upgraded":6,"win_rate":0.0,"timestamp":1610576613,"path_taken":["M","M","?","M","?","R","M","R","T","?","$","?","$","?","R","BOSS","M","M","M","?","?","R","?","R","T","E","?","M","M","$","R","BOSS","M","M","M","M","?","R","M","R","T","?","?","M","?","$","R","BOSS"],"items_purchased_type":["Card","Relic","Card","Relic","Relic","Potion"],"build_version":"2020-12-22","purchased_purges":0,"victory":false,"max_hp_per_floor":[72,72,72,72,72,72,72,72,72,72,72,72,72,72,72,72,72,72,72,72,72,72,72,72,72,72,72,72,72,72,72,72,72,72,72,72,72,72,72,72,72,72,72,72,72,72,72,72,72,72,72],"relic_stats":{"Mark of the Bloom":41,"Lizard Tail":0,"counters":[22,65],"Orichalcum":[96],"Medical Kit":[11],"obtain_stats":[{"Lantern":31,"Mark of the Bloom":45,"Vajra":10,"Odd Mushroom":12,"Orichalcum":27,"Medical Kit":13,"Empty Cage":17,"Burning Blood":0,"Lizard Tail":48,"MutagenicStrength":22,"Philosopher\u0027s Stone":34,"Bag of Marbles":43,"Paper Frog":9,"NlothsMask":14},{"Lantern":14,"Mark of the Bloom":20,"Vajra":4,"Odd Mushroom":5,"Orichalcum":11,"Medical Kit":5,"Empty Cage":6,"Burning Blood":0,"Lizard Tail":21,"MutagenicStrength":10,"Philosopher\u0027s Stone":15,"Bag of Marbles":20,"Paper Frog":4,"NlothsMask":5},{"Lantern":46,"Mark of the Bloom":60,"Vajra":13,"Odd Mushroom":15,"Orichalcum":38,"Medical Kit":15,"Empty Cage":20,"Burning Blood":0,"Lizard Tail":61,"MutagenicStrength":33,"Philosopher\u0027s Stone":51,"Bag of Marbles":60,"Paper Frog":13,"NlothsMask":15}],"Burning Blood":119},"card_choices":[{"not_picked":["Armaments","Heavy Blade"],"picked":"Spot Weakness","floor":1},{"not_picked":["Shrug It Off","Warcry"],"picked":"Wild Strike","floor":2},{"not_picked":["Infernal Blade","Rupture"],"picked":"Wild Strike","floor":4},{"not_picked":["Feel No Pain","Clothesline","Twin Strike"],"picked":"SKIP","floor":7},{"not_picked":["Armaments","Fire Breathing"],"picked":"Pummel","floor":12},{"not_picked":["Perfected Strike+1","Warcry","True Grit+1"],"picked":"SKIP","floor":18},{"not_picked":["Clothesline","Feel No Pain"],"picked":"Cleave","floor":19},{"not_picked":["Perfected Strike+1","Second Wind","Fire Breathing+1"],"picked":"SKIP","floor":20},{"not_picked":["Dual Wield","Clothesline"],"picked":"Spot Weakness","floor":21},{"not_picked":["Searing Blow","Power Through","Warcry"],"picked":"SKIP","floor":27},{"not_picked":["Exhume","Bloodletting"],"picked":"Clash","floor":28},{"not_picked":["Twin Strike+1","Thunderclap","Headbutt"],"picked":"SKIP","floor":29},{"not_picked":["Iron Wave","Seeing Red+1"],"picked":"Clash","floor":30},{"not_picked":["Barricade","Brutality"],"picked":"Double Tap","floor":33},{"not_picked":["Warcry","Shrug It Off"],"picked":"Sword Boomerang+1","floor":35},{"not_picked":["Havoc+1","Armaments"],"picked":"Heavy Blade+1","floor":36},{"not_picked":["Reckless Charge+1","Ghostly Armor+1","Iron Wave"],"picked":"SKIP","floor":37},{"not_picked":["Rupture","Shrug It Off"],"picked":"Sword Boomerang+1","floor":38},{"not_picked":["Uppercut+1","Headbutt+1"],"picked":"Dropkick+1","floor":41},{"not_picked":["Mayhem","Sadistic Nature"],"picked":"Violence","floor":44},{"not_picked":["Wild Strike+1","Sword Boomerang+1","Burning Pact+1"],"picked":"SKIP","floor":46}],"player_experience":615241,"relics_obtained":[{"floor":9,"key":"Paper Frog"},{"floor":12,"key":"Odd Mushroom"},{"floor":27,"key":"Orichalcum"},{"floor":43,"key":"Bag of Marbles"}],"event_choices":[{"cards_removed":["Defend_R"],"damage_healed":0,"gold_gain":0,"player_choice":"Card Removal","damage_taken":7,"max_hp_gain":0,"max_hp_loss":0,"event_name":"Golden Wing","floor":3,"gold_loss":0},{"damage_healed":18,"gold_gain":0,"player_choice":"Healed","damage_taken":0,"max_hp_gain":0,"max_hp_loss":0,"event_name":"The Cleric","floor":5,"gold_loss":35},{"damage_healed":0,"gold_gain":30,"player_choice":"Searched \u00272\u0027 times","damage_taken":0,"relics_obtained":["Vajra"],"max_hp_gain":0,"max_hp_loss":0,"event_name":"Dead Adventurer","floor":10,"gold_loss":0},{"damage_healed":0,"gold_gain":0,"player_choice":"Fought Mushrooms","damage_taken":0,"max_hp_gain":0,"max_hp_loss":0,"event_name":"Mushrooms","floor":12,"gold_loss":0},{"damage_healed":0,"gold_gain":0,"player_choice":"Trade","damage_taken":0,"relics_obtained":["NlothsMask"],"max_hp_gain":0,"max_hp_loss":0,"event_name":"FaceTrader","floor":14,"gold_loss":0},{"damage_healed":0,"gold_gain":0,"player_choice":"Inject Mutagens","damage_taken":0,"relics_obtained":["MutagenicStrength"],"max_hp_gain":0,"max_hp_loss":0,"event_name":"Drug Dealer","floor":22,"gold_loss":0},{"damage_healed":0,"gold_gain":250,"player_choice":"Bet on Owner","damage_taken":0,"max_hp_gain":0,"max_hp_loss":0,"event_name":"The Joust","floor":24,"gold_loss":50},{"cards_removed":["Sword Boomerang"],"damage_healed":0,"gold_gain":0,"player_choice":"Removed Attack","damage_taken":0,"max_hp_gain":0,"max_hp_loss":0,"event_name":"Falling","floor":39,"gold_loss":0},{"damage_healed":0,"gold_gain":0,"player_choice":"Memory 1","damage_taken":0,"max_hp_gain":0,"max_hp_loss":0,"event_name":"SensoryStone","floor":44,"gold_loss":0},{"damage_healed":0,"gold_gain":0,"player_choice":"Upgrade","damage_taken":0,"relics_obtained":["Mark of the Bloom"],"max_hp_gain":0,"max_hp_loss":0,"event_name":"MindBloom","floor":45,"gold_loss":0,"cards_upgraded":["Strike_R","Strike_R","Strike_R","Strike_R","Wild Strike","Wild Strike","Rampage","Cleave","Clash","Clash","Violence"]},{"damage_healed":0,"gold_gain":0,"player_choice":"Ignored","damage_taken":0,"max_hp_gain":0,"max_hp_loss":0,"event_name":"Mysterious Sphere","floor":47,"gold_loss":0}],"is_beta":false,"boss_relics":[{"not_picked":["Black Star","SacredBark"],"picked":"Empty Cage"},{"not_picked":["Coffee Dripper","Tiny House"],"picked":"Philosopher\u0027s Stone"}],"items_purged_floors":[],"is_endless":false,"potions_floor_spawned":[1,7,19,20,21,28,30,35,46],"killed_by":"Awakened One","ascension_level":0}}