{"host":"lh9qfzqeqctr28d2","time":1610514593,"event":{"mods":["BaseMod","Luminous","Minty Spire (QoL Compilation)","Quick Restart","Relic Stats","Remilia£®¿Ÿ√◊¿Ú—«£©","StSLib"],"gold_per_floor":[110,110,110,185,197,228,240,250,250,261,66,86,104,124,124,219,219,232,192,211,211,231,231,243,277,277,296,308,39,39,52,52,148,148,162,212,212,232,77,106,116,116,116,116,134,161,179,179,179,179],"floor_reached":51,"language":"ZHS","playtime":2503,"items_purged":["ScarletDevilSign","Strike_RM"],"score":885,"play_id":"3d74b9f8-e5f3-4a2d-b425-fd46eed69230","local_time":"20210113130953","is_ascension_mode":false,"campfire_choices":[{"floor":15.0,"key":"REST"},{"data":"TransientEternity","floor":23.0,"key":"SMITH"},{"data":"BatForm","floor":30.0,"key":"SMITH"},{"data":"VampireClaw","floor":32.0,"key":"SMITH"},{"data":"CeilingFear","floor":42.0,"key":"SMITH"},{"data":"MillenniumVampire","floor":44.0,"key":"SMITH"},{"floor":49,"key":"REST"}],"circlet_count":0,"master_deck":["RedMoon","ScarletShoot+1","DiffusionOfMisfortune","BloodHunter","SuperhumanBloodyKnife+1","BombardNight","BatForm+1","UnstableMagic","BombardNight","BloodHunter","TransientEternity+1","VampireSweep+1","MastersStateliness","ReincarnationDial","BombardNight+1","VampireClaw+1","FitfulNightmare","NightDance","CeilingFear+1","ScarletMeister","HellCatastrophe","BloodHunter","VampireFantasy","MillenniumVampire+1","FitfulNightmare","ScarletImprint+1","RedRainbow+1","Stigmanizer+1"],"relics":["ScarletHat","NeowsBlessing","Dream Catcher","Mummified Hand","Smiling Mask","Omamori","Runic Pyramid","Singing Bowl","Ancient Tea Set","Happy Flower","HandDrill","Pandora\u0027s Box","Pocketwatch","Whetstone","Toxic Egg 2","Frozen Egg 2","Bronze Scales","Pantograph"],"acts_visited":["Exordium","TheCity","TheBeyond"],"potions_floor_usage":[50,50],"damage_taken":[{"damage":0.0,"enemies":"Jaw Worm","floor":1.0,"turns":1.0},{"damage":0.0,"enemies":"Small Slimes","floor":5.0,"turns":1.0},{"damage":0.0,"enemies":"3 Sentries","floor":6.0,"turns":1.0},{"damage":0.0,"enemies":"2 Louse","floor":7.0,"turns":2.0},{"damage":0.0,"enemies":"Exordium Wildlife","floor":8.0,"turns":4.0},{"damage":0.0,"enemies":"Blue Slaver","floor":10.0,"turns":3.0},{"damage":0.0,"enemies":"Red Slaver","floor":12.0,"turns":3.0},{"damage":0.0,"enemies":"2 Fungi Beasts","floor":13.0,"turns":4.0},{"damage":8.0,"enemies":"3 Louse","floor":14.0,"turns":2.0},{"damage":28.0,"enemies":"The Guardian","floor":16.0,"turns":11.0},{"damage":0.0,"enemies":"Spheric Guardian","floor":18.0,"turns":3.0},{"damage":2.0,"enemies":"Shell Parasite","floor":20.0,"turns":4.0},{"damage":19.0,"enemies":"Snake Plant","floor":22.0,"turns":4.0},{"damage":2.0,"enemies":"Centurion and Healer","floor":24.0,"turns":7.0},{"damage":13.0,"enemies":"Gremlin Leader","floor":25.0,"turns":4.0},{"damage":0.0,"enemies":"3 Cultists","floor":27.0,"turns":4.0},{"damage":0.0,"enemies":"Sentry and Sphere","floor":28.0,"turns":4.0},{"damage":4.0,"enemies":"Snecko","floor":31.0,"turns":3.0},{"damage":0.0,"enemies":"Automaton","floor":33.0,"turns":7.0},{"damage":0.0,"enemies":"Orb Walker","floor":35.0,"turns":2.0},{"damage":0.0,"enemies":"Mind Bloom Boss Battle","floor":36.0,"turns":5.0},{"damage":0.0,"enemies":"3 Darklings","floor":38.0,"turns":4.0},{"damage":0.0,"enemies":"Reptomancer","floor":40.0,"turns":4.0},{"damage":0.0,"enemies":"Sphere and 2 Shapes","floor":41.0,"turns":4.0},{"damage":0,"enemies":"Maw","floor":45,"turns":6},{"damage":0,"enemies":"Giant Head","floor":46,"turns":6},{"damage":0,"enemies":"Transient","floor":47,"turns":5},{"damage":36,"enemies":"Donu and Deca","floor":50,"turns":4}],"seed_played":"4841056855740916712","potions_obtained":[{"floor":1.0,"key":"EntropicBrew"},{"floor":6.0,"key":"EssenceOfSteel"},{"floor":18.0,"key":"Swift Potion"},{"floor":25.0,"key":"PowerPotion"},{"floor":28.0,"key":"DistilledChaos"},{"floor":36.0,"key":"Energy Potion"},{"floor":40.0,"key":"Ancient Potion"},{"floor":45,"key":"FairyPotion"}],"is_trial":false,"path_per_floor":["M","?","?","?","M","E","M","M","T","M","$","M","M","M","R","B",null,"M","?","M","?","M","R","M","E","T","M","M","$","R","M","R","B",null,"M","?","?","M","$","E","M","R","T","R","M","E","M","T","R","B",null],"character_chosen":"REMILIA","items_purchased":["Omamori","FitfulNightmare","HandDrill","Whetstone"],"campfire_rested":2,"item_purchase_floors":[11,29,29,39],"current_hp_per_floor":[75,60,57,46,46,51,51,51,51,51,51,51,51,43,67,55,80,80,80,78,78,61,61,63,57,57,58,58,58,58,59,59,84,86,88,90,85,85,85,87,89,89,89,89,91,95,97,97,97,89],"gold":179,"neow_bonus":"THREE_ENEMY_KILL","is_daily":false,"chose_seed":false,"campfire_upgraded":5,"win_rate":0.0,"timestamp":1610514593,"path_taken":["M","?","?","?","M","E","M","M","T","?","$","M","M","M","R","BOSS","M","?","?","?","M","R","M","E","T","M","M","$","R","M","R","BOSS","M","?","?","M","?","E","?","R","T","R","M","E","M","?","R","BOSS"],"items_purchased_type":["Relic","Card","Relic","Relic"],"build_version":"2020-12-22","purchased_purges":2,"victory":true,"max_hp_per_floor":[75,75,75,75,75,80,80,80,80,80,80,80,80,80,80,80,80,80,80,80,80,80,80,82,84,84,84,84,84,84,84,84,86,86,88,90,85,85,85,87,89,89,89,89,91,95,97,97,97,97],"relic_stats":{"Singing Bowl":18,"Happy Flower":[19],"counters":[28,112],"Whetstone":["SuperhumanBloodyKnife","ScarletShoot"],"Smiling Mask":75,"Dream Catcher":2,"Mummified Hand":[78],"Bronze Scales":[21],"Pantograph":0,"Pandora\u0027s Box":["CeilingFear","ScarletMeister","HellCatastrophe","BloodHunter","VampireFantasy","MillenniumVampire","FitfulNightmare"],"HandDrill":[16],"obtain_stats":[{"NeowsBlessing":0,"Singing Bowl":21,"Happy Flower":26,"Omamori":11,"Whetstone":39,"Frozen Egg 2":43,"Smiling Mask":9,"Ancient Tea Set":25,"ScarletHat":0,"Dream Catcher":3,"Mummified Hand":6,"Bronze Scales":46,"Pantograph":48,"Pandora\u0027s Box":34,"HandDrill":29,"Toxic Egg 2":40,"Runic Pyramid":17,"Pocketwatch":36},{"NeowsBlessing":0,"Singing Bowl":12,"Happy Flower":15,"Omamori":6,"Whetstone":22,"Frozen Egg 2":24,"Smiling Mask":5,"Ancient Tea Set":15,"ScarletHat":0,"Dream Catcher":1,"Mummified Hand":3,"Bronze Scales":26,"Pantograph":27,"Pandora\u0027s Box":19,"HandDrill":17,"Toxic Egg 2":23,"Runic Pyramid":10,"Pocketwatch":21},{"NeowsBlessing":0,"Singing Bowl":39,"Happy Flower":54,"Omamori":12,"Whetstone":83,"Frozen Egg 2":91,"Smiling Mask":9,"Ancient Tea Set":54,"ScarletHat":0,"Dream Catcher":1,"Mummified Hand":3,"Bronze Scales":103,"Pantograph":108,"Pandora\u0027s Box":72,"HandDrill":62,"Toxic Egg 2":87,"Runic Pyramid":32,"Pocketwatch":79}],"Pocketwatch":[10]},"card_choices":[{"not_picked":["Septette","UnstableMagic"],"picked":"DiffusionOfMisfortune","floor":1.0},{"not_picked":["UnstableMagic","MastersStateliness"],"picked":"BloodHunter","floor":5.0},{"not_picked":["ScarletGensokyo","StarOfDavid"],"picked":"SuperhumanBloodyKnife","floor":6.0},{"not_picked":["NightDance","EndlessAdversity"],"picked":"ScarletDevilSign","floor":7.0},{"not_picked":["NightDance","GlobalNightmare"],"picked":"BombardNight","floor":8.0},{"not_picked":["UnderTheZenith","DiffusionOfMisfortune"],"picked":"BatForm","floor":10.0},{"not_picked":["EmergencyRegeneration","BloodAndWine"],"picked":"UnstableMagic","floor":12.0},{"not_picked":["UnstableMagic","UnderTheZenith"],"picked":"BombardNight","floor":13.0},{"not_picked":["CharismaGuard","BombardNight","FavorOfDestiny"],"picked":"SKIP","floor":14.0},{"not_picked":["BloodAndWine","UnstableMagic"],"picked":"BloodHunter","floor":15.0},{"not_picked":["BloodyHallows","BatForm"],"picked":"TransientEternity","floor":16.0},{"not_picked":["CharismaGuard","BloodAndWine"],"picked":"VampireSweep+1","floor":18.0},{"not_picked":["BadLadyScramble","Stigmanizer"],"picked":"MastersStateliness","floor":20.0},{"not_picked":["RedRainbow","BlasphemousPunishment"],"picked":"ReincarnationDial","floor":22.0},{"not_picked":["MastersStateliness","BloodHunter+1","CharismaGuard"],"picked":"Singing Bowl","floor":24.0},{"not_picked":["BadLadyScramble+1","UnderTheZenith","MastersStateliness"],"picked":"Singing Bowl","floor":25.0},{"not_picked":["BatForm","DevilSight"],"picked":"BombardNight+1","floor":27.0},{"not_picked":["VampireKiss","BlasphemousPunishment"],"picked":"VampireClaw","floor":28.0},{"not_picked":["ScarletDevil","RedMagic+1"],"picked":"NightDance","floor":31.0},{"not_picked":["HeartBreak","BloodyCatastrophe","ChaoticDestiny"],"picked":"Singing Bowl","floor":33.0},{"not_picked":["RedRainbow","ReincarnationDial+1","FitfulNightmare+1"],"picked":"Singing Bowl","floor":35.0},{"not_picked":["NightDance+1","ScarletImprint","CharismaGuard+1"],"picked":"Singing Bowl","floor":36.0},{"not_picked":["BlasphemousPunishment+1","VampireClaw+1"],"picked":"ScarletImprint+1","floor":38.0},{"not_picked":["ForbiddenFruit+1","BlasphemousPunishment+1","HeartBreak"],"picked":"Singing Bowl","floor":40.0},{"not_picked":["BlasphemousPunishment+1","BombardNight","RedRainbow"],"picked":"Singing Bowl","floor":41.0},{"not_picked":["Stigmanizer","FavorOfDestiny+1","ScarletDevilSign+1"],"picked":"Singing Bowl","floor":45},{"not_picked":["LeisurelyOfLord","EndlessAdversity+1"],"picked":"RedRainbow+1","floor":46},{"not_picked":["LeisurelyOfLord","GlobalNightmare+1","NightDance+1"],"picked":"Singing Bowl","floor":47},{"not_picked":["ForbiddenFruit+1","BloodHunter+1"],"picked":"Stigmanizer+1","floor":49}],"player_experience":366856,"relics_obtained":[{"floor":6.0,"key":"Mummified Hand"},{"floor":9.0,"key":"Smiling Mask"},{"floor":25.0,"key":"Ancient Tea Set"},{"floor":26.0,"key":"Happy Flower"},{"floor":36.0,"key":"Pocketwatch"},{"floor":40.0,"key":"Toxic Egg 2"},{"floor":43.0,"key":"Frozen Egg 2"},{"floor":46,"key":"Bronze Scales"},{"floor":48,"key":"Pantograph"}],"event_choices":[{"damage_healed":0.0,"max_hp_gain":0.0,"max_hp_loss":0.0,"gold_gain":0.0,"event_name":"Shining Light","player_choice":"Entered Light","floor":2.0,"gold_loss":0.0,"damage_taken":15.0,"cards_upgraded":["Strike_RM","Strike_RM"]},{"damage_healed":0.0,"max_hp_gain":0.0,"max_hp_loss":0.0,"gold_gain":0.0,"event_name":"Scrap Ooze","player_choice":"Success","floor":3.0,"gold_loss":0.0,"damage_taken":3.0,"relics_obtained":["Dream Catcher"]},{"damage_healed":0.0,"max_hp_gain":0.0,"max_hp_loss":0.0,"gold_gain":75.0,"event_name":"World of Goop","player_choice":"Gather Gold","floor":4.0,"gold_loss":0.0,"damage_taken":11.0},{"damage_healed":0.0,"max_hp_gain":0.0,"max_hp_loss":0.0,"gold_gain":0.0,"event_name":"Designer","player_choice":"Upgraded Two","floor":19.0,"gold_loss":40.0,"damage_taken":0.0,"cards_upgraded":["Defend_RM","Defend_RM"]},{"damage_healed":0.0,"max_hp_gain":0.0,"max_hp_loss":0.0,"gold_gain":0.0,"event_name":"MindBloom","player_choice":"Fight","floor":36.0,"gold_loss":0.0,"damage_taken":0.0},{"damage_healed":0.0,"max_hp_gain":0.0,"max_hp_loss":5.0,"gold_gain":0.0,"event_name":"Winding Halls","player_choice":"Max HP","floor":37.0,"gold_loss":0.0,"damage_taken":0.0}],"is_beta":false,"boss_relics":[{"not_picked":["Velvet Choker","Cursed Key"],"picked":"Runic Pyramid"},{"not_picked":["Black Star","SacredBark"],"picked":"Pandora\u0027s Box"}],"items_purged_floors":[11,29],"is_endless":false,"potions_floor_spawned":[1,6,8,12,18,25,28,36,40,45],"ascension_level":0}}