{"host":"94qggqh0xz0sp6ai","time":1610516808,"event":{"mods":["Abigail Mod","Act Like it!","BaseMod","CapriCore","Downfall","Friendly Minions","Gensokyo","Hermit","Jorbs\u0027s Wanderer Trilogy","Koishi","Marisa（霧雨　魔理沙）","Minty Spire (QoL Compilation)","Permanent Neow","Reimu（博??梦）","StSLib","The Alterego","The Construct","The Cursed","The Hierophant","The Immortal","The Marked","The Servant 0.9.4","TheBandit","Waifu the Spire"],"gold_per_floor":[115,115,265,21,39,39,54,54,80,80,80,115,131,131,131,205,205,222,15,15,15,32,42,42,69,95,12,23,23,23,39,39,114,114,132,178,203,221,240,275,275,275,275,305,325,325,325,354,354,354,354],"floor_reached":52,"language":"ENG","playtime":2061,"items_purged":["Doubt","Strike_MRS"],"score":2137,"play_id":"d3f792ff-cb03-46e9-ba8a-a3985bf2ed47","local_time":"20210112234648","is_ascension_mode":true,"campfire_choices":[{"data":"BinaryStars","floor":6,"key":"SMITH"},{"data":"SprinkleStarSeal","floor":8,"key":"SMITH"},{"data":"MysteriousBeam","floor":11,"key":"SMITH"},{"data":"MachineGunSpark","floor":15,"key":"SMITH"},{"floor":24,"key":"REST"},{"floor":30,"key":"REST"},{"floor":32,"key":"REST"},{"data":"OortCloud","floor":41,"key":"SMITH"},{"floor":46,"key":"REST"},{"data":"FinalSpark","floor":49,"key":"SMITH"}],"circlet_count":0,"master_deck":["AscendersBane","Strike_MRS+1","Strike_MRS+1","Strike_MRS+1","Defend_MRS+1","Defend_MRS+1","Defend_MRS+1","Defend_MRS+1","MasterSpark","UpSweep","BinaryStars+1","MilkyWay","MysteriousBeam+1","ChargeUpSpray","GasGiant","MachineGunSpark+1","SporeBomb","UnstableBomb","SprinkleStarSeal+1","UnstableBomb","Singularity+1","CasketOfStar","EnergyFlow","Bandage Up","PropBag","Singularity","WitchLeyline","OortCloud+1","EarthLightRay","DragonMeteor","CollectingQuirk","PropBag+1","6A","OrrerysSun+1","PulseMagic+1","ChargeUpSpray","expansioncontent:DefensiveStance","MagicAbsorber","FinalSpark+1"],"relics":["MiniHakkero","Medical Kit","Oddly Smooth Stone","Ginger","Mummified Hand","SlaversCollar","MutagenicStrength","Kunai","Blood Vial","construct:WeddingRing","Letter Opener","CatCart","MagicBroom","Bottled Tornado","Pen Nib","CaptainsWheel","Shuriken","InkBottle"],"acts_visited":["Exordium","TheCity","TheBeyond"],"potions_floor_usage":[31,33,33,40,40,50],"damage_taken":[{"damage":8,"enemies":"2 Louse","floor":1,"turns":3},{"damage":2,"enemies":"Jaw Worm","floor":5,"turns":3},{"damage":0,"enemies":"Cultist","floor":7,"turns":2},{"damage":0,"enemies":"3 Sentries","floor":12,"turns":4},{"damage":16,"enemies":"3 Louse","floor":13,"turns":4},{"damage":6,"enemies":"Hexaghost","floor":16,"turns":8},{"damage":28,"enemies":"Shell Parasite","floor":18,"turns":6},{"damage":0,"enemies":"Spheric Guardian","floor":22,"turns":3},{"damage":12,"enemies":"Snake Plant","floor":23,"turns":4},{"damage":35,"enemies":"Gremlin Leader","floor":25,"turns":4},{"damage":8,"enemies":"Centurion and Healer","floor":28,"turns":4},{"damage":27,"enemies":"Chosen and Byrds","floor":31,"turns":6},{"damage":39,"enemies":"Collector","floor":33,"turns":6},{"damage":2,"enemies":"3 Shapes","floor":35,"turns":8},{"damage":21,"enemies":"Orin","floor":36,"turns":5},{"damage":2,"enemies":"Mind Bloom Boss Battle","floor":37,"turns":5},{"damage":16,"enemies":"Orb Walker","floor":38,"turns":3},{"damage":14,"enemies":"4 Shapes","floor":39,"turns":3},{"damage":0,"enemies":"Nemesis","floor":40,"turns":3},{"damage":38,"enemies":"Reptomancer","floor":44,"turns":4},{"damage":0,"enemies":"Transient","floor":45,"turns":6},{"damage":0,"enemies":"Giant Head","floor":48,"turns":4},{"damage":24,"enemies":"Awakened One","floor":50,"turns":4},{"damage":43,"enemies":"Time Eater","floor":51,"turns":4}],"seed_played":"-2146815447344887099","potions_obtained":[{"floor":7,"key":"SteroidPotion"},{"floor":13,"key":"ZuzhouPotion:ReiMu"},{"floor":25,"key":"Explosive Potion"},{"floor":28,"key":"LiquidMemories"},{"floor":31,"key":"Guardian:BlockOnCardUsePotion"},{"floor":33,"key":"BlessingOfTheForge"},{"floor":37,"key":"SpeedPotion"},{"floor":39,"key":"PowerPotion"},{"floor":45,"key":"PowerPotion"},{"floor":48,"key":"ShroomBrew"}],"is_trial":false,"path_per_floor":["M","?","?","$","M","R","M","R","T","?","R","E","M","?","R","B",null,"M","$","?","?","M","M","R","E","T","$","M","?","R","M","R","B",null,"M","?","?","M","M","E","R","?","T","E","M","R","T","E","R","B","B",null],"character_chosen":"MARISA","items_purchased":["Medical Kit","Bandage Up","OortCloud"],"campfire_rested":4,"item_purchase_floors":[4,19,27],"current_hp_per_floor":[55,55,55,55,53,53,53,53,53,53,53,53,37,37,37,31,60,32,32,32,32,36,28,49,14,14,14,8,8,29,12,33,4,54,62,51,59,53,45,51,51,51,51,23,33,54,54,60,60,46,5],"gold":354,"neow_bonus":"ONE_RANDOM_RARE_CARD","is_daily":false,"chose_seed":false,"campfire_upgraded":6,"win_rate":0.0,"timestamp":1610516808,"path_taken":["M","?","?","?","M","R","M","R","T","?","R","E","?","?","R","BOSS","M","$","?","?","M","M","R","E","T","?","M","?","R","M","R","BOSS","M","?","?","M","M","E","R","?","T","E","M","R","?","E","R","BOSS","BOSS"],"items_purchased_type":["Relic","Card","Card"],"build_version":"2020-12-22","purchased_purges":2,"victory":true,"max_hp_per_floor":[70,70,70,70,70,70,70,70,70,70,70,70,70,70,70,70,70,70,70,70,70,70,70,70,70,70,70,70,70,70,70,70,70,70,70,70,70,70,70,70,70,70,70,70,70,70,70,70,70,70,70],"card_choices":[{"not_picked":["PowerUp","ChargingUp"],"picked":"MilkyWay","floor":1},{"not_picked":["EnergyRecoil","NonDirectionalLaser"],"picked":"UnstableBomb","floor":5},{"not_picked":["MilkyWay","AsteroidBelt"],"picked":"SprinkleStarSeal","floor":7},{"not_picked":["MilkyWay","IllusionStar"],"picked":"UnstableBomb","floor":12},{"not_picked":["DC","DoubleSpark"],"picked":"Singularity","floor":13},{"not_picked":["SatelliteIllusion","ManaRampage"],"picked":"CasketOfStar","floor":16},{"not_picked":["MilkyWay","StarlightTyphoon"],"picked":"EnergyFlow","floor":18},{"not_picked":["SprinkleStarSeal","EnergyFlow"],"picked":"PropBag","floor":22},{"not_picked":["DoubleSpark","StarlightTyphoon"],"picked":"Singularity","floor":23},{"not_picked":["SprinkleStarSeal","DC+1"],"picked":"WitchLeyline","floor":25},{"not_picked":["GravityBeat","DoubleSpark"],"picked":"EarthLightRay","floor":28},{"not_picked":["GasGiant","DoubleSpark+1"],"picked":"DragonMeteor","floor":31},{"not_picked":["BigCrunch","SatelliteIllusion"],"picked":"CollectingQuirk","floor":33},{"not_picked":["ShootingEcho","SuperPerseids","WitchOfGreed+1"],"picked":"SKIP","floor":35},{"not_picked":["Acceleration","PulseMagic+1"],"picked":"PropBag+1","floor":36},{"not_picked":["MachineGunSpark","UnstableBomb+1"],"picked":"6A","floor":37},{"not_picked":["PowerUp","DarkMatter+1"],"picked":"OrrerysSun+1","floor":38},{"not_picked":["6A","DC"],"picked":"PulseMagic+1","floor":39},{"not_picked":["Robbery+1","DC"],"picked":"ChargeUpSpray","floor":40},{"not_picked":["Blind","expansioncontent:GuardianWhirl"],"picked":"expansioncontent:DefensiveStance","floor":42},{"not_picked":["MeteoricShower","OpenUniverse","MilkyWay"],"picked":"SKIP","floor":44},{"not_picked":["ShootingEcho","DeepEcoloBomb"],"picked":"MagicAbsorber","floor":45},{"not_picked":["6A+1","StarBarrage"],"picked":"FinalSpark","floor":48}],"player_experience":1375137,"relics_obtained":[{"floor":9,"key":"Oddly Smooth Stone"},{"floor":12,"key":"Mummified Hand"},{"floor":25,"key":"Kunai"},{"floor":26,"key":"Blood Vial"},{"floor":36,"key":"CatCart"},{"floor":37,"key":"MagicBroom"},{"floor":40,"key":"Bottled Tornado"},{"floor":43,"key":"Pen Nib"},{"floor":44,"key":"CaptainsWheel"},{"floor":47,"key":"Shuriken"},{"floor":48,"key":"InkBottle"}],"event_choices":[{"damage_healed":0,"gold_gain":150,"player_choice":"AGREE","damage_taken":0,"max_hp_gain":0,"max_hp_loss":0,"event_name":"Liars Game","floor":3,"gold_loss":0,"cards_obtained":["Doubt"]},{"damage_healed":0,"gold_gain":0,"player_choice":"Gave Potion","damage_taken":0,"relics_obtained":["Ginger"],"max_hp_gain":0,"max_hp_loss":0,"event_name":"WeMeetAgain","floor":10,"gold_loss":0},{"damage_healed":0,"gold_gain":0,"player_choice":"Grow","damage_taken":0,"max_hp_gain":0,"max_hp_loss":0,"event_name":"Living Wall","floor":14,"gold_loss":0,"cards_upgraded":["Singularity"]},{"damage_healed":0,"gold_gain":0,"player_choice":"Inject Mutagens","damage_taken":0,"relics_obtained":["MutagenicStrength"],"max_hp_gain":0,"max_hp_loss":0,"event_name":"Drug Dealer","floor":20,"gold_loss":0},{"damage_healed":0,"gold_gain":0,"player_choice":"Simplicity","damage_taken":0,"max_hp_gain":0,"max_hp_loss":0,"event_name":"Back to Basics","floor":21,"gold_loss":0,"cards_upgraded":["Strike_MRS","Strike_MRS","Strike_MRS","Defend_MRS","Defend_MRS","Defend_MRS","Defend_MRS"]},{"damage_healed":0,"gold_gain":0,"player_choice":"Ignored","damage_taken":0,"max_hp_gain":0,"max_hp_loss":0,"event_name":"N\u0027loth","floor":29,"gold_loss":0},{"damage_healed":0,"gold_gain":0,"player_choice":"Fight","damage_taken":0,"max_hp_gain":0,"max_hp_loss":0,"event_name":"OrinTheCat","floor":36,"gold_loss":0},{"damage_healed":0,"gold_gain":0,"player_choice":"Fight","damage_taken":0,"max_hp_gain":0,"max_hp_loss":0,"event_name":"MindBloom","floor":37,"gold_loss":0},{"damage_healed":0,"gold_gain":0,"player_choice":"Memory 1","damage_taken":0,"max_hp_gain":0,"max_hp_loss":0,"event_name":"SensoryStone","floor":42,"gold_loss":0}],"is_beta":false,"boss_relics":[{"not_picked":["Busted Crown","Coffee Dripper"],"picked":"SlaversCollar"},{"not_picked":["Sozu","Runic Dome"],"picked":"construct:WeddingRing"}],"items_purged_floors":[4,19],"is_endless":false,"potions_floor_spawned":[7,13,25,28,31,33,37,38,39,45,48],"ascension_level":20}}