{"host":"f5n4tidiz2n5sooh","time":1610529984,"event":{"mods":["BaseMod","Colored Map","Minty Spire (QoL Compilation)","Relic Stats","Slay the Relics Exporter","StSLib"],"gold_per_floor":[112,128,146,17,32,57,57,78,78,78,111,111,111,130,130,219,219,233,27,27,41,41,41,41],"floor_reached":23,"language":"ENG","playtime":744,"items_purged":["Strike_B","Strike_B"],"score":398,"play_id":"aa215bf5-1779-4c35-b6ed-741ab3259075","local_time":"20210113032624","is_ascension_mode":true,"campfire_choices":[{"data":"Sunder","floor":7,"key":"SMITH"},{"data":"Sweeping Beam","floor":10,"key":"SMITH"},{"floor":12,"key":"REST"},{"data":"Beam Cell","floor":15,"key":"SMITH"}],"circlet_count":0,"master_deck":["AscendersBane","Strike_B","Strike_B","Defend_B","Defend_B","Defend_B","Defend_B","Zap","Dualcast","Sweeping Beam+1","Ball Lightning","Sunder+1","Ball Lightning","Beam Cell+1","Doom and Gloom","Biased Cognition","Capacitor","Shame","Self Repair"],"relics":["Cracked Core","InkBottle","Odd Mushroom","Matryoshka","The Courier","Golden Idol","Sozu","Anchor","Pear"],"acts_visited":["Exordium","TheCity"],"potions_floor_usage":[6,8,11,16],"damage_taken":[{"damage":7,"enemies":"Jaw Worm","floor":1,"turns":3},{"damage":21,"enemies":"Small Slimes","floor":2,"turns":3},{"damage":1,"enemies":"2 Louse","floor":3,"turns":3},{"damage":6,"enemies":"Blue Slaver","floor":5,"turns":3},{"damage":5,"enemies":"3 Sentries","floor":6,"turns":4},{"damage":1,"enemies":"The Mushroom Lair","floor":8,"turns":2},{"damage":20,"enemies":"Lagavulin","floor":11,"turns":6},{"damage":12,"enemies":"Exordium Wildlife","floor":14,"turns":3},{"damage":18,"enemies":"Slime Boss","floor":16,"turns":6},{"damage":2,"enemies":"Chosen","floor":18,"turns":3},{"damage":22,"enemies":"Spheric Guardian","floor":21,"turns":4},{"damage":44,"enemies":"Book of Stabbing","floor":23,"turns":3}],"seed_played":"6907717338604194672","potions_obtained":[{"floor":1,"key":"SteroidPotion"},{"floor":6,"key":"GamblersBrew"},{"floor":14,"key":"Swift Potion"},{"floor":16,"key":"Ancient Potion"}],"is_trial":false,"path_per_floor":["M","M","M","$","M","E","R","?","T","R","E","R","?","M","R","B",null,"M","$","?","M","?","E"],"character_chosen":"DEFECT","items_purchased":["Fire Potion","Anchor"],"campfire_rested":1,"item_purchase_floors":[4,19],"current_hp_per_floor":[64,43,42,42,36,31,31,30,30,30,10,33,33,21,21,3,54,52,52,62,40,40,0,0],"gold":41,"neow_bonus":"TEN_PERCENT_HP_BONUS","is_daily":false,"chose_seed":false,"campfire_upgraded":3,"win_rate":0.0,"timestamp":1610529984,"path_taken":["M","M","M","$","M","E","R","?","T","R","E","R","?","M","R","BOSS","M","$","?","M","?","E"],"items_purchased_type":["Potion","Relic"],"build_version":"2020-12-22","purchased_purges":2,"victory":false,"max_hp_per_floor":[78,78,78,78,78,78,78,78,78,78,78,78,71,71,71,71,71,71,71,81,81,81,81,81],"relic_stats":{"Sozu":0,"counters":[12,43],"Golden Idol":28,"obtain_stats":[{"Sozu":17,"Anchor":19,"Matryoshka":9,"Pear":20,"Golden Idol":13,"The Courier":11,"Odd Mushroom":8,"Cracked Core":0,"InkBottle":6},{"Sozu":9,"Anchor":10,"Matryoshka":6,"Pear":10,"Golden Idol":7,"The Courier":7,"Odd Mushroom":6,"Cracked Core":0,"InkBottle":5},{"Sozu":33,"Anchor":36,"Matryoshka":18,"Pear":36,"Golden Idol":24,"The Courier":24,"Odd Mushroom":18,"Cracked Core":0,"InkBottle":16}],"InkBottle":[7]},"card_choices":[{"not_picked":["Aggregate","Rebound"],"picked":"Sweeping Beam","floor":1},{"not_picked":["Lockon","Cold Snap"],"picked":"Ball Lightning","floor":2},{"not_picked":["Recycle","Sweeping Beam"],"picked":"Sunder","floor":3},{"not_picked":["Cold Snap","BootSequence"],"picked":"Ball Lightning","floor":5},{"not_picked":["Leap","Sweeping Beam","Go for the Eyes"],"picked":"SKIP","floor":6},{"not_picked":["Static Discharge","Hologram"],"picked":"Beam Cell","floor":11},{"not_picked":["Go for the Eyes","Ball Lightning"],"picked":"Doom and Gloom","floor":14},{"not_picked":["Machine Learning","Reboot"],"picked":"Biased Cognition","floor":16},{"not_picked":["Chaos+1","Beam Cell"],"picked":"Capacitor","floor":18},{"not_picked":["Go for the Eyes","Hologram"],"picked":"Self Repair","floor":21}],"player_experience":2004500,"relics_obtained":[{"floor":6,"key":"InkBottle"},{"floor":8,"key":"Odd Mushroom"},{"floor":9,"key":"Matryoshka"},{"floor":11,"key":"The Courier"}],"event_choices":[{"damage_healed":0,"gold_gain":0,"player_choice":"Fought Mushrooms","damage_taken":0,"max_hp_gain":0,"max_hp_loss":0,"event_name":"Mushrooms","floor":8,"gold_loss":0},{"damage_healed":0,"gold_gain":0,"player_choice":"Lose Max HP","damage_taken":0,"relics_obtained":["Golden Idol"],"max_hp_gain":0,"max_hp_loss":7,"event_name":"Golden Idol","floor":13,"gold_loss":0},{"damage_healed":0,"gold_gain":0,"player_choice":"Stole Relic","damage_taken":0,"relics_obtained":["Pear"],"max_hp_gain":0,"max_hp_loss":0,"event_name":"Addict","floor":20,"gold_loss":0,"cards_obtained":["Shame"]},{"damage_healed":0,"gold_gain":0,"player_choice":"Ignored","damage_taken":0,"max_hp_gain":0,"max_hp_loss":0,"event_name":"Vampires","floor":22,"gold_loss":0}],"is_beta":false,"boss_relics":[{"not_picked":["Busted Crown","Calling Bell"],"picked":"Sozu"}],"items_purged_floors":[4,19],"is_endless":false,"potions_floor_spawned":[1,6,14,16],"killed_by":"Book of Stabbing","ascension_level":20}}