{"host":"eemx8njkng76fu5x","time":1610544554,"event":{"mods":["2.2 Compatiblity","BaseMod","Downfall","Minty Spire (QoL Compilation)","Permanent Neow","StSLib","Unceasing Turn Reminder","Unknown Chances"],"gold_per_floor":[99,110,110,130,144,69,69,96,108,108,135,135,45,195,206,278,278,278,288,313,324,12,44,70,70,70,95,114,130,55,68,83,157,157,82,92,92,110,148,148,148,165,183,183,211,226,226,257,270,270,270,270,270,270],"floor_reached":52,"language":"ENG","playtime":3360,"items_purged":["Slimebound:Split","Doubt","Slimebound:Defend_Slimebound"],"score":1392,"play_id":"92a831e7-5fd3-4f1d-a996-91c0ae045b64","local_time":"20210113212914","is_ascension_mode":true,"campfire_choices":[{"floor":1.0,"key":"RECALL"},{"data":"Slimebound:SplitSpecialist","floor":6.0,"key":"SMITH"},{"data":"Slimebound:LivingWall","floor":10.0,"key":"SMITH"},{"data":"Slimebound:LeadByExample","floor":12.0,"key":"SMITH"},{"data":"Slimebound:DisruptingSlam","floor":18.0,"key":"SMITH"},{"data":"Slimebound:SlimeSpikes","floor":30.0,"key":"SMITH"},{"data":"Slimebound:Defend_Slimebound","floor":35.0,"key":"SMITH"},{"data":"Slimebound:Defend_Slimebound","floor":40,"key":"SMITH"},{"data":"Slimebound:Defend_Slimebound","floor":47,"key":"SMITH"}],"circlet_count":0,"master_deck":["AscendersBane","Slimebound:Strike_Slimebound+1","Slimebound:Strike_Slimebound+1","Slimebound:Defend_Slimebound+1","Slimebound:Defend_Slimebound+1","Slimebound:Defend_Slimebound+1","Slimebound:CorrosiveSpit+1","Slimebound:SlimeSpikes+1","Slimebound:SplitSpecialist+1","Slimebound:LeadByExample+1","Slimebound:LivingWall+1","Slimebound:Dissolve+1","Slimebound:DisruptingSlam+1","Slimebound:Darklings+1","Slimebound:SamplingLick+1","Slimebound:SlimeSpikes+1","Slimebound:ServeAndProtect+1","Slimebound:SlimeTap+1","Slimebound:RejuvenatingLick+1","Slimebound:LivingWall+1","Slimebound:SamplingLick+1","Slimebound:RejuvenatingLick+1"],"relics":["Slimebound:AbsorbEndCombat","downfall:HeartBlessingRed","Letter Opener","Whetstone","Toxic Egg 2","Runic Pyramid","hexamod:BolsterEngine","Anchor","Matryoshka","downfall:HeartBlessingGreen","Empty Cage","downfall:HeartBlessingBlue","Lantern","Art of War","Ice Cream","Slimebound:AggressiveSlimeRelic","Unceasing Top"],"acts_visited":["Exordium","TheCity","TheBeyond","TheEnding"],"potions_floor_usage":[],"damage_taken":[{"damage":6.0,"enemies":"Jaw Worm","floor":2.0,"turns":5.0},{"damage":8.0,"enemies":"Cultist","floor":4.0,"turns":4.0},{"damage":8.0,"enemies":"2 Louse","floor":5.0,"turns":5.0},{"damage":28.0,"enemies":"Gremlin Nob","floor":8.0,"turns":4.0},{"damage":9.0,"enemies":"2 Fungi Beasts","floor":9.0,"turns":4.0},{"damage":10.0,"enemies":"Lagavulin","floor":11.0,"turns":5.0},{"damage":8.0,"enemies":"downfall:FleeingMerchant","floor":13.0,"turns":4.0},{"damage":10.0,"enemies":"Gremlin Gang","floor":15.0,"turns":3.0},{"damage":9.0,"enemies":"downfall:Watcher","floor":16.0,"turns":7.0},{"damage":32.0,"enemies":"Spheric Guardian","floor":19.0,"turns":4.0},{"damage":17.0,"enemies":"Chosen","floor":21.0,"turns":5.0},{"damage":16.0,"enemies":"downfall:FleeingMerchant","floor":22.0,"turns":4.0},{"damage":41.0,"enemies":"Slavers","floor":23.0,"turns":4.0},{"damage":16.0,"enemies":"Book of Stabbing","floor":27.0,"turns":5.0},{"damage":16.0,"enemies":"Snecko","floor":28.0,"turns":4.0},{"damage":16.0,"enemies":"3 Cultists","floor":29.0,"turns":3.0},{"damage":34.0,"enemies":"Snake Plant","floor":31.0,"turns":5.0},{"damage":14.0,"enemies":"Shelled Parasite and Fungi","floor":32.0,"turns":5.0},{"damage":21.0,"enemies":"downfall:Defect","floor":33.0,"turns":9.0},{"damage":23.0,"enemies":"Orb Walker","floor":36.0,"turns":4.0},{"damage":16.0,"enemies":"3 Shapes","floor":38.0,"turns":3.0},{"damage":20.0,"enemies":"downfall:FleeingMerchant","floor":39.0,"turns":4.0},{"damage":16,"enemies":"Jaw Worm Horde","floor":42,"turns":3},{"damage":29,"enemies":"Transient","floor":43,"turns":6},{"damage":17,"enemies":"Nemesis","floor":45,"turns":5},{"damage":20,"enemies":"Sphere and 2 Shapes","floor":46,"turns":3},{"damage":58,"enemies":"Reptomancer","floor":48,"turns":6},{"damage":27,"enemies":"Maw","floor":49,"turns":6},{"damage":42,"enemies":"downfall:Silent","floor":50,"turns":11},{"damage":97,"enemies":"downfall:CharBossMerchant","floor":52,"turns":8}],"seed_played":"416783575115128712","potions_obtained":[{"floor":2.0,"key":"Dexterity Potion"},{"floor":3.0,"key":"PowerPotion"},{"floor":5.0,"key":"Explosive Potion"},{"floor":8.0,"key":"DuplicationPotion"},{"floor":15.0,"key":"LiquidBronze"},{"floor":20.0,"key":"downfall:CursedFountainPotion"},{"floor":27.0,"key":"Fire Potion"},{"floor":28.0,"key":"Guardian:BlockOnCardUsePotion"},{"floor":29.0,"key":"SmokeBomb"},{"floor":31.0,"key":"Weak Potion"},{"floor":49,"key":"CultistPotion"}],"is_trial":false,"path_per_floor":["R","M","?","M","M","R","T","E","M","R","E","R","$","?","M","B",null,"R","M","?","M","$","E","T","?","?","E","M","M","R","M","M","B",null,"R","M","?","M","$","R","T","M","M","?","E","M","R","E","M","B",null,"E"],"character_chosen":"SLIMEBOUND","items_purchased":["hexamod:BolsterEngine","Slimebound:SlimeSpikes+1","Lantern"],"campfire_rested":0,"item_purchase_floors":[22,22,39],"current_hp_per_floor":[49,53,53,50,52,52,52,36,37,37,39,39,41,41,37,40,51,51,35,35,38,44,25,25,25,25,33,37,47,47,33,41,50,53,63,57,57,61,62,62,62,64,57,57,64,64,64,34,47,49,60,0,0,0],"gold":270,"neow_bonus":"UPGRADE_CARD","is_daily":false,"chose_seed":false,"campfire_upgraded":8,"win_rate":0.0,"timestamp":1610544554,"path_taken":["R","M","?","M","?","R","T","E","M","R","E","R","$","?","M","BOSS","R","M","?","?","$","E","T","?","?","E","M","M","R","M","M","BOSS","R","M","?","M","$","R","T","M","M","?","E","M","R","E","M","BOSS","E"],"items_purchased_type":["Relic","Card","Relic"],"build_version":"2020-12-22","purchased_purges":3,"victory":false,"max_hp_per_floor":[54,54,54,54,54,54,54,54,54,54,54,54,54,54,54,54,54,54,54,54,54,54,54,54,54,54,54,54,54,54,54,54,54,54,64,64,64,64,64,64,64,64,64,64,64,64,64,64,64,64,64,64,64,64],"card_choices":[{"not_picked":["Slimebound:GoopTackle","Slimebound:PressTheAttack"],"picked":"Slimebound:SlimeSpikes","floor":2.0},{"not_picked":["Slimebound:Repurpose","Slimebound:PressTheAttack"],"picked":"Slimebound:SplitSpecialist","floor":4.0},{"not_picked":["Slimebound:FinishingTackle","Slimebound:LeechEnergy"],"picked":"Slimebound:LeadByExample","floor":5.0},{"not_picked":["Slimebound:ViciousTackle","Slimebound:SplitAcid","Slimebound:LeadByExample"],"picked":"SKIP","floor":8.0},{"not_picked":["Slimebound:ServeAndProtect","Slimebound:ProtectTheBoss"],"picked":"Slimebound:LivingWall","floor":9.0},{"not_picked":["Slimebound:FirmFortitude","Slimebound:Equalize","Slimebound:LeadByExample"],"picked":"SKIP","floor":11.0},{"not_picked":["Slimebound:LeechEnergy","Slimebound:Schlurp+1"],"picked":"Slimebound:Dissolve+1","floor":13.0},{"not_picked":["Slimebound:ViciousTackle","Slimebound:SlimeSpikes+1"],"picked":"Slimebound:DisruptingSlam","floor":15.0},{"not_picked":["Slimebound:MinionMaster","Slimebound:MassRepurpose+1"],"picked":"Slimebound:Darklings+1","floor":16.0},{"not_picked":["Slimebound:DivideAndConquer+1","Slimebound:ViciousTackle","Slimebound:FinishingTackle"],"picked":"SKIP","floor":19.0},{"not_picked":["Slimebound:DivideAndConquer+1","Slimebound:ViciousTackle","Slimebound:FinishingTackle"],"picked":"SKIP","floor":19.0},{"not_picked":["Slimebound:SplitLeeching+1","Slimebound:LeechingTouch"],"picked":"Slimebound:SamplingLick+1","floor":21.0},{"not_picked":["Slimebound:SplitSpecialist+1","Slimebound:OozeBath+1","Slimebound:SplitMire+1"],"picked":"SKIP","floor":22.0},{"not_picked":["Slimebound:TongueLash","Slimebound:ForwardTackle"],"picked":"Slimebound:ServeAndProtect+1","floor":23.0},{"not_picked":["Slimebound:LeadByExample","Slimebound:SplitAcid+1"],"picked":"Slimebound:SlimeTap+1","floor":27.0},{"not_picked":["Slimebound:Recollect+1","Slimebound:SplitMire+1"],"picked":"Slimebound:RejuvenatingLick+1","floor":28.0},{"not_picked":["Slimebound:SplitLeeching+1","Slimebound:Repurpose+1"],"picked":"Slimebound:LivingWall+1","floor":29.0},{"not_picked":["Slimebound:Schlurp+1","Slimebound:SplitLeeching+1","Slimebound:SplitBruiser+1"],"picked":"SKIP","floor":31.0},{"not_picked":["Slimebound:SplitAcid+1","Slimebound:LeechingTouch+1","Slimebound:MassRepurpose+1"],"picked":"SKIP","floor":32.0},{"not_picked":["Slimebound:FinishingTackle","Slimebound:ForwardTackle"],"picked":"Slimebound:SamplingLick+1","floor":36.0},{"not_picked":["Slimebound:SplitAcid+1","Slimebound:ServeAndProtect+1","Slimebound:LivingWall+1"],"picked":"SKIP","floor":38.0},{"not_picked":["Slimebound:SplitAcid+1","Slimebound:Dissolve+1","Slimebound:ServeAndProtect+1"],"picked":"SKIP","floor":42},{"not_picked":["Slimebound:ServeAndProtect+1","Slimebound:SplitBruiser+1","Slimebound:SplitLeeching+1"],"picked":"SKIP","floor":43},{"not_picked":["Slimebound:DouseInSlime+1","Slimebound:PressTheAttack"],"picked":"Slimebound:RejuvenatingLick+1","floor":45},{"not_picked":["Slimebound:SplitMire+1","Slimebound:DivideAndConquer+1","Slimebound:MassFeed"],"picked":"SKIP","floor":46},{"not_picked":["Slimebound:PressTheAttack","Slimebound:Dissolve+1","Slimebound:Nibble+1"],"picked":"SKIP","floor":48},{"not_picked":["Slimebound:LeadByExample+1","Slimebound:Recollect+1","Slimebound:Prepare+1"],"picked":"SKIP","floor":49}],"player_experience":477726,"relics_obtained":[{"floor":7.0,"key":"Letter Opener"},{"floor":8.0,"key":"Whetstone"},{"floor":11.0,"key":"Toxic Egg 2"},{"floor":23.0,"key":"Anchor"},{"floor":27.0,"key":"Matryoshka"},{"floor":41,"key":"Art of War"},{"floor":41,"key":"Ice Cream"},{"floor":45,"key":"Slimebound:AggressiveSlimeRelic"},{"floor":48,"key":"Unceasing Top"}],"event_choices":[{"damage_healed":0.0,"max_hp_gain":0.0,"max_hp_loss":0.0,"gold_gain":0.0,"event_name":"Lab","player_choice":"Got Potions","floor":3.0,"gold_loss":0.0,"damage_taken":0.0},{"damage_healed":0.0,"max_hp_gain":0.0,"max_hp_loss":0.0,"gold_gain":0.0,"event_name":"Ghosts","player_choice":"Ignored","floor":26.0,"gold_loss":0.0,"damage_taken":0.0}],"is_beta":false,"boss_relics":[{"not_picked":["Cursed Key","Fusion Hammer"],"picked":"Runic Pyramid"},{"not_picked":["Tiny House","Slimebound:AbsorbEndCombatUpgraded"],"picked":"Empty Cage"}],"items_purged_floors":[13,22,39],"is_endless":false,"potions_floor_spawned":[2,5,8,15,16,19,27,28,29,31,32,38,49],"killed_by":"downfall:CharBossMerchant","ascension_level":17}}