{"host":"fjaupvxe7fzqrf4j","time":1610518847,"event":{"mods":["ATMod(°¢èªMod)","BaseMod","Minty Spire (QoL Compilation)","StSLib"],"gold_per_floor":[115,115,126,401,326,360,389,414,460,488,488,513,547,572,572,647,647,662,674,290,55,55,80,108,140,164,196,20,34,64,79,79,155,155,165,184,211,224,224,255,289,320,320,346,376,77,132,186,198,260,297,309,321,119,199,224],"floor_reached":57,"language":"ZHS","playtime":1494,"items_purged":["Regret","EmptyFist","ReachHeaven+1","BowlingBash+1","AT_OneInchPunch+1"],"score":4741,"play_id":"47ca2543-7c60-4b25-b25d-c9494a50da5c","local_time":"20210113142047","daily_mods":["SealedDeck","Heirloom","Time Dilation","Flight","Elite Swarm"],"is_ascension_mode":true,"campfire_choices":[{"data":"AT_OneInchPunch","floor":11.0,"key":"SMITH"},{"data":"Pray","floor":15.0,"key":"SMITH"},{"data":"ClearTheMind","floor":32,"key":"SMITH"},{"floor":49,"key":"RECALL"},{"floor":53,"key":"REST"}],"circlet_count":0,"master_deck":["AscendersBane","CutThroughFate+1","Prostrate+1","Pray+1","Consecrate+1","Tantrum+1","Indignation+1","Wallop+1","Brilliance+1","LessonLearned+1","Ragnarok+1","Adaptation+1","AT_ChampionStep+1","WheelKick+1","TalkToTheHand+1","Scrawl+1","ClearTheMind+1","InnerPeace+1","Omniscience+1","Omniscience+1","DevaForm+1","Scrawl+1","LikeWater+1"],"relics":["PureWater","AT_ATBox","Torii","Ginger","AT_PhaseBoots","Dream Catcher","Bag of Preparation","Singing Bowl","Pear","AT_GoldPhoenixTree","FossilizedHelix","Black Star","PreservedInsect","Vajra","Tiny Chest","AT_BellDemon","AT_ChloranthyRing","Bottled Lightning","AT_RedNoBalance","AT_EbonyIvory","AT_SeraphEmbrace","Bag of Marbles","Blood Vial","TeardropLocket","Lizard Tail","Art of War","Matryoshka","Bronze Scales","Happy Flower","Lantern","Fusion Hammer","Strawberry","Darkstone Periapt","Whetstone","Omamori","Bottled Flame","AT_SunfireAegis","Gremlin Horn","Ancient Tea Set","AT_BladeRuinedKing","Frozen Egg 2","Mango","Damaru","AT_BellowingDragoncrestRing","Pen Nib","StrikeDummy","Regal Pillow","Akabeko","CaptainsWheel","AT_MibuBalloonWealth","Boot","Mummified Hand","MealTicket","Thread and Needle","AT_RedTearstoneRing","Du-Vu Doll","MawBank","Letter Opener","AT_Kusabimaru","War Paint"],"acts_visited":["Exordium","TheCity","TheBeyond","TheEnding"],"potions_floor_usage":[56],"damage_taken":[{"damage":0.0,"enemies":"2 Louse","floor":1.0,"turns":1.0},{"damage":0.0,"enemies":"Cultist","floor":3.0,"turns":1.0},{"damage":0.0,"enemies":"Lagavulin","floor":6.0,"turns":2.0},{"damage":6.0,"enemies":"3 Sentries","floor":7.0,"turns":4.0},{"damage":0.0,"enemies":"Lagavulin","floor":8.0,"turns":2.0},{"damage":0.0,"enemies":"3 Sentries","floor":10.0,"turns":2.0},{"damage":0.0,"enemies":"Gremlin Nob","floor":12.0,"turns":1.0},{"damage":0.0,"enemies":"Lagavulin","floor":13.0,"turns":2.0},{"damage":0.0,"enemies":"Gremlin Nob","floor":14.0,"turns":2.0},{"damage":0.0,"enemies":"Slime Boss","floor":16.0,"turns":5.0},{"damage":26.0,"enemies":"3 Byrds","floor":18.0,"turns":3.0},{"damage":0.0,"enemies":"Shell Parasite","floor":19.0,"turns":1.0},{"damage":0.0,"enemies":"Gremlin Leader","floor":23.0,"turns":2.0},{"damage":0.0,"enemies":"Slavers","floor":24.0,"turns":2.0},{"damage":0.0,"enemies":"Book of Stabbing","floor":25.0,"turns":2.0},{"damage":0.0,"enemies":"Gremlin Leader","floor":27.0,"turns":1.0},{"damage":0.0,"enemies":"3 Cultists","floor":29.0,"turns":1.0},{"damage":0,"enemies":"Book of Stabbing","floor":30,"turns":1},{"damage":0,"enemies":"Chosen and Byrds","floor":31,"turns":1},{"damage":0,"enemies":"Collector","floor":33,"turns":1},{"damage":0,"enemies":"3 Shapes","floor":35,"turns":1},{"damage":0,"enemies":"Orb Walker","floor":36,"turns":1},{"damage":0,"enemies":"3 Darklings","floor":38,"turns":1},{"damage":0,"enemies":"Nemesis","floor":40,"turns":1},{"damage":0,"enemies":"Giant Head","floor":41,"turns":1},{"damage":0,"enemies":"Reptomancer","floor":42,"turns":1},{"damage":0,"enemies":"Giant Head","floor":44,"turns":1},{"damage":0,"enemies":"Reptomancer","floor":45,"turns":1},{"damage":0,"enemies":"Giant Head","floor":47,"turns":1},{"damage":0,"enemies":"Nemesis","floor":48,"turns":1},{"damage":0,"enemies":"Donu and Deca","floor":50,"turns":1},{"damage":0,"enemies":"Time Eater","floor":51,"turns":1},{"damage":0,"enemies":"Shield and Spear","floor":55,"turns":2},{"damage":24,"enemies":"The Heart","floor":56,"turns":4}],"seed_played":"-5154430389714727769","potions_obtained":[{"floor":3.0,"key":"Dexterity Potion"},{"floor":6.0,"key":"PowerPotion"},{"floor":25.0,"key":"Strength Potion"},{"floor":44,"key":"GamblersBrew"}],"is_trial":true,"path_per_floor":["M","?","M","?","$","E","E","E","T","E","R","E","E","E","R","B",null,"M","M","$","$","?","E","E","E","T","E","$","M","E","M","R","B",null,"M","M","T","M","?","E","E","E","T","E","E","$","E","E","R","B","B",null,"R","$","E","B",null],"character_chosen":"WATCHER","items_purchased":["PreservedInsect","AT_ChampionStep","WheelKick","TalkToTheHand","Vajra","ClearTheMind","DevaForm+1","LikeWater+1"],"campfire_rested":1,"item_purchase_floors":[20,20,20,21,21,28,46,54],"current_hp_per_floor":[61,61,61,61,61,61,55,55,55,55,55,65,67,69,69,69,79,55,55,55,55,94,94,96,98,98,51,51,52,56,60,60,62,94,105,109,109,111,111,115,119,135,135,137,139,139,139,141,141,141,141,141,143,143,145,121],"gold":224,"neow_bonus":"","is_daily":false,"chose_seed":false,"campfire_upgraded":3,"win_rate":0.0,"timestamp":1610518847,"path_taken":["M","?","?","?","$","E","E","E","T","E","R","E","E","E","R","BOSS","M","?","$","$","?","E","E","E","T","E","$","?","E","M","R","BOSS","M","?","?","?","?","E","E","E","T","E","E","$","E","E","R","BOSS","BOSS","R","$","E","BOSS"],"items_purchased_type":["Relic","Card","Card","Card","Relic","Card","Card","Card"],"build_version":"2020-12-22","purchased_purges":5,"victory":true,"max_hp_per_floor":[68,68,68,68,68,68,68,68,68,68,68,78,80,82,82,82,82,84,84,84,84,94,94,96,98,98,100,100,100,102,104,104,104,104,113,115,115,115,115,117,119,135,135,137,139,139,139,141,141,141,141,141,143,143,145,145],"card_choices":[{"not_picked":["Prostrate","CutThroughFate"],"picked":"Wallop","floor":1.0},{"not_picked":["Swivel","Study","BowlingBash"],"picked":"SKIP","floor":3.0},{"not_picked":["Swivel","Study"],"picked":"BowlingBash","floor":3.0},{"not_picked":["MasterReality","Alpha","Wish"],"picked":"SKIP","floor":6.0},{"not_picked":["AT_MachinaRedman","DeusExMachina"],"picked":"Brilliance","floor":7.0},{"not_picked":["Alpha","Blasphemy","Brilliance"],"picked":"SKIP","floor":8.0},{"not_picked":["Ragnarok","Blasphemy"],"picked":"LessonLearned","floor":10.0},{"not_picked":["Brilliance","AT_RealColorLess"],"picked":"Ragnarok","floor":12.0},{"not_picked":["AT_RealColorLess","ConjureBlade","Judgement"],"picked":"Singing Bowl","floor":13.0},{"not_picked":["AT_ChampionKick","Brilliance","LessonLearned"],"picked":"Singing Bowl","floor":14.0},{"not_picked":["Wish","Brilliance"],"picked":"Omniscience","floor":16.0},{"not_picked":["AT_RealFormLess","FlurryOfBlows","Crescendo"],"picked":"Singing Bowl","floor":18.0},{"not_picked":["ClearTheMind","CutThroughFate"],"picked":"Adaptation","floor":19.0},{"not_picked":["LessonLearned","Establishment"],"picked":"Scrawl","floor":23.0},{"not_picked":["Judgement","Wish","AT_RealColorLess"],"picked":"Singing Bowl","floor":24.0},{"not_picked":["Ragnarok","Alpha","Wish"],"picked":"Singing Bowl","floor":25.0},{"not_picked":["AT_MachinaRedman","Devotion","Establishment"],"picked":"Singing Bowl","floor":27.0},{"not_picked":["Consecrate","TalkToTheHand+1"],"picked":"InnerPeace","floor":29},{"not_picked":["LessonLearned","AT_MachinaRedman","AT_ChampionKick"],"picked":"Singing Bowl","floor":30},{"not_picked":["BattleHymn","AT_OneInchPunch","CutThroughFate"],"picked":"Singing Bowl","floor":31},{"not_picked":["Blasphemy","AT_MachinaRedman"],"picked":"Omniscience","floor":33},{"not_picked":["Protect","Prostrate","FlyingSleeves"],"picked":"Singing Bowl","floor":35},{"not_picked":["PathToVictory+1","Evaluate","MentalFortress"],"picked":"Singing Bowl","floor":36},{"not_picked":["ClearTheMind","Collect"],"picked":"Omniscience","floor":38},{"not_picked":["Omniscience","AT_IrregularMenstruation","Establishment"],"picked":"Singing Bowl","floor":40},{"not_picked":["Judgement","Ragnarok","AT_MachinaRedman"],"picked":"Singing Bowl","floor":41},{"not_picked":["Omniscience","Wish","Devotion+1"],"picked":"Singing Bowl","floor":42},{"not_picked":["Ragnarok","Blasphemy","SpiritShield"],"picked":"Singing Bowl","floor":44},{"not_picked":["ConjureBlade","Establishment+1","AT_RealColorLess+1"],"picked":"Singing Bowl","floor":45},{"not_picked":["AT_ChampionKick","AT_MachinaRedman"],"picked":"Scrawl","floor":47},{"not_picked":["Alpha","Ragnarok","AT_ChampionKick"],"picked":"Singing Bowl","floor":48},{"not_picked":["CutThroughFate","AT_DivineConfetti","Swivel"],"picked":"Singing Bowl","floor":53},{"not_picked":["Ragnarok","Vault","ConjureBlade"],"picked":"Singing Bowl","floor":55}],"player_experience":419636,"relics_obtained":[{"floor":6.0,"key":"Ginger"},{"floor":7.0,"key":"AT_SpeedBoots"},{"floor":8.0,"key":"Dream Catcher"},{"floor":9.0,"key":"Bag of Preparation"},{"floor":10.0,"key":"Singing Bowl"},{"floor":12.0,"key":"Pear"},{"floor":13.0,"key":"AT_GoldPhoenixTree"},{"floor":14.0,"key":"FossilizedHelix"},{"floor":23.0,"key":"Tiny Chest"},{"floor":23.0,"key":"AT_BellDemon"},{"floor":24.0,"key":"AT_ChloranthyRing"},{"floor":24.0,"key":"Bottled Lightning"},{"floor":25.0,"key":"AT_SilverBalance"},{"floor":25.0,"key":"AT_EbonyIvory"},{"floor":25.0,"key":"AT_ArchangelStaff"},{"floor":27.0,"key":"Bag of Marbles"},{"floor":27.0,"key":"Blood Vial"},{"floor":27.0,"key":"TeardropLocket"},{"floor":29,"key":"Lizard Tail"},{"floor":30,"key":"Art of War"},{"floor":30,"key":"Matryoshka"},{"floor":30,"key":"Bronze Scales"},{"floor":31,"key":"Happy Flower"},{"floor":33,"key":"Lantern"},{"floor":35,"key":"Strawberry"},{"floor":36,"key":"Darkstone Periapt"},{"floor":37,"key":"Whetstone"},{"floor":37,"key":"Omamori"},{"floor":38,"key":"Bottled Flame"},{"floor":40,"key":"AT_SunfireAegis"},{"floor":40,"key":"Gremlin Horn"},{"floor":41,"key":"Ancient Tea Set"},{"floor":41,"key":"AT_BladeRuinedKing"},{"floor":41,"key":"Frozen Egg 2"},{"floor":42,"key":"Mango"},{"floor":42,"key":"Damaru"},{"floor":42,"key":"AT_BellowingDragoncrestRing"},{"floor":43,"key":"Pen Nib"},{"floor":43,"key":"StrikeDummy"},{"floor":44,"key":"Regal Pillow"},{"floor":44,"key":"Akabeko"},{"floor":44,"key":"CaptainsWheel"},{"floor":45,"key":"AT_MibuBalloonWealth"},{"floor":45,"key":"Boot"},{"floor":45,"key":"Mummified Hand"},{"floor":47,"key":"MealTicket"},{"floor":47,"key":"Thread and Needle"},{"floor":47,"key":"AT_RedTearstoneRing"},{"floor":48,"key":"Du-Vu Doll"},{"floor":48,"key":"MawBank"},{"floor":48,"key":"Letter Opener"},{"floor":55,"key":"AT_Kusabimaru"},{"floor":55,"key":"War Paint"}],"event_choices":[{"damage_healed":0.0,"max_hp_gain":0.0,"max_hp_loss":0.0,"gold_gain":0.0,"cards_transformed":["Evaluate"],"event_name":"Transmorgrifier","player_choice":"Transformed","floor":2.0,"gold_loss":0.0,"damage_taken":0.0,"cards_obtained":["ReachHeaven"]},{"damage_healed":0.0,"max_hp_gain":0.0,"max_hp_loss":0.0,"gold_gain":275.0,"event_name":"Golden Shrine","player_choice":"Desecrate","floor":4.0,"gold_loss":0.0,"damage_taken":0.0,"cards_obtained":["Regret"]},{"cards_removed":["Omniscience"],"damage_healed":29.0,"max_hp_gain":10.0,"max_hp_loss":0.0,"gold_gain":0.0,"event_name":"Bonfire Elementals","player_choice":"Offered Rare","floor":22.0,"gold_loss":0.0,"damage_taken":0.0},{"cards_removed":["FollowUp"],"damage_healed":0,"gold_gain":0,"player_choice":"Removed Attack","damage_taken":0,"max_hp_gain":0,"max_hp_loss":0,"event_name":"Falling","floor":39,"gold_loss":0}],"is_beta":false,"boss_relics":[{"not_picked":["HolyWater","Tiny House"],"picked":"Black Star"},{"not_picked":["Cursed Key","Velvet Choker"],"picked":"Fusion Hammer"}],"items_purged_floors":[5,20,28,46,54],"is_endless":false,"potions_floor_spawned":[3,6,8,13,14,18,19,25,27,31,33,40,41,42,44,45,48,55],"ascension_level":20}}