{"host":"ojme7g6xlqwffsso","time":1610550493,"event":{"mods":["Act Like it!","BaseMod","Downfall","Hermit","Infinite Spire","MarisaÅiñ∂âJÅ@ñÇóùçπÅj","Minty Spire (QoL Compilation)","Replay The Spire","Shop Mod","StSLib","The Alterego","The Cursed","The Hierophant","Yuri Mod"],"gold_per_floor":[99,114,114,130,130,158,158,184,198,5,17,117,42,61,71,71,71,71],"floor_reached":16,"language":"ENG","playtime":761,"items_purged":[],"score":134,"play_id":"69485e10-ebb8-48ef-b9a7-85d6cbf3395d","local_time":"20210114000813","is_ascension_mode":true,"campfire_choices":[{"data":"hexamod:Float","floor":1,"key":"SMITH"},{"data":"hexamod:FastForward","floor":13,"key":"SMITH"}],"circlet_count":0,"master_deck":["hexamod:Strike","hexamod:Strike","hexamod:Strike","hexamod:Strike","hexamod:Defend","hexamod:Defend","hexamod:Defend","hexamod:Sear","hexamod:Float+1","hexamod:SwordOfDarkness","hexamod:Incineration","hexamod:ShieldOfDarkness","hexamod:InspiringFlames","hexamod:Hexaguard","hexamod:FastForward+1","hexamod:AdvancingGuard","hexamod:ExtraCrispy","hexamod:FirstSeal"],"relics":["hexamod:SpiritBrand","Replay:Bottled Flurry","Singing Bowl","Bronze Scales","MerchantsRug","downfall:HeartBlessingGreen"],"acts_visited":["Exordium"],"potions_floor_usage":[16,16],"damage_taken":[{"damage":0,"enemies":"Small Slimes","floor":2,"turns":3},{"damage":0,"enemies":"Cultist","floor":4,"turns":3},{"damage":43,"enemies":"Gremlin Nob","floor":6,"turns":5},{"damage":14,"enemies":"3 Sentries","floor":8,"turns":8},{"damage":0,"enemies":"2 Louse","floor":9,"turns":3},{"damage":0,"enemies":"downfall:FleeingMerchant","floor":10,"turns":4},{"damage":18,"enemies":"Exordium Thugs","floor":11,"turns":4},{"damage":10,"enemies":"Lots of Slimes","floor":14,"turns":4},{"damage":0,"enemies":"Blue Slaver","floor":15,"turns":3},{"damage":14,"enemies":"downfall:Silent","floor":16,"turns":12}],"seed_played":"7458169309161870519","potions_obtained":[{"floor":0,"key":"hexamod:EctoCoolerPotion"},{"floor":0,"key":"GamblersBrew"},{"floor":0,"key":"FairyPotion"},{"floor":11,"key":"SpeedPotion"},{"floor":14,"key":"Weak Potion"}],"is_trial":false,"path_per_floor":["R","M","?","M","?","E","T","E","M","$","M","?","R","M","M","B"],"character_chosen":"THE_SPIRIT","items_purchased":["MerchantsRug","hexamod:AdvancingGuard"],"campfire_rested":0,"item_purchase_floors":[10,10],"current_hp_per_floor":[70,70,70,70,70,27,27,13,13,13,21,21,21,13,13,0,0,0],"gold":71,"neow_bonus":"THREE_SMALL_POTIONS","is_daily":false,"chose_seed":false,"campfire_upgraded":2,"win_rate":0.0,"timestamp":1610550493,"path_taken":["R","M","?","M","?","E","T","E","M","$","?","?","R","M","M","BOSS"],"items_purchased_type":["Relic","Card"],"build_version":"2020-12-22","purchased_purges":0,"victory":false,"max_hp_per_floor":[70,70,70,70,70,70,70,70,70,70,70,70,70,72,72,72,72,72],"card_choices":[{"not_picked":["hexamod:Hexaguard","hexamod:RadiantFlame"],"picked":"hexamod:SwordOfDarkness","floor":2},{"not_picked":["hexamod:NightmareStrike","hexamod:NightmareGuise"],"picked":"hexamod:Incineration","floor":4},{"not_picked":["hexamod:CatchUp","hexamod:Haunt"],"picked":"hexamod:ShieldOfDarkness","floor":6},{"not_picked":["hexamod:CrushingStance","hexamod:HeatCrush"],"picked":"hexamod:InspiringFlames","floor":8},{"not_picked":["hexamod:BacktrackSmack","hexamod:SpectersWail"],"picked":"hexamod:Hexaguard","floor":9},{"not_picked":["hexamod:GhostOfSpirePresent","hexamod:SkipABeat"],"picked":"hexamod:FastForward","floor":10},{"not_picked":["hexamod:SpectersWail","hexamod:GhostShield"],"picked":"hexamod:ExtraCrispy","floor":11},{"not_picked":["hexamod:ShieldOfDarkness","hexamod:NightmareGuise","hexamod:SpectersWail"],"picked":"Singing Bowl","floor":14},{"not_picked":["hexamod:RainOfEmbers","hexamod:EtherealExpedition"],"picked":"hexamod:FirstSeal","floor":15}],"player_experience":941806,"relics_obtained":[{"floor":6,"key":"Replay:Bottled Flurry"},{"floor":7,"key":"Singing Bowl"},{"floor":8,"key":"Bronze Scales"}],"event_choices":[{"cards_removed":["hexamod:Defend"],"damage_healed":0,"gold_gain":0,"player_choice":"Offered Basic","damage_taken":0,"max_hp_gain":0,"max_hp_loss":0,"event_name":"Bonfire Elementals","floor":5,"gold_loss":0}],"is_beta":false,"boss_relics":[],"items_purged_floors":[],"is_endless":false,"potions_floor_spawned":[2,6,11,14],"killed_by":"downfall:Silent","ascension_level":4}}