{"host":"c8fb54zqeuygi2gg","time":1610527132,"event":{"mods":["Arknights The Spire","BaseMod","Minty Spire (QoL Compilation)","StSLib"],"gold_per_floor":[112,130,130,130,145,145,174,174,174,191,248,248,16,28,28,128,128,145,145,163,6,20,20,20,20,20,20,37,67,67,79,79,79,79],"floor_reached":33,"language":"ENG","playtime":1972,"items_purged":["ats:Strike V"],"score":265,"play_id":"244c14f9-f4fb-4121-94ed-52a0e80ae204","local_time":"20210113033852","is_ascension_mode":false,"campfire_choices":[{"data":"ats:Emotion Absorption","floor":6,"key":"SMITH"},{"data":"ats:Armor Crushing Shot","floor":8,"key":"SMITH"},{"floor":12,"key":"REST"},{"data":"ats:Collapsing Strike","floor":15,"key":"SMITH"},{"data":"ats:Thorns","floor":23,"key":"SMITH"},{"data":"ats:Sunburst","floor":25,"key":"SMITH"},{"floor":32,"key":"REST"}],"circlet_count":0,"master_deck":["ats:Strike C","ats:Strike G","ats:Strike S","ats:Armor Crushing Shot+1","ats:Defend","ats:Defend","ats:Defend","ats:Defend","ats:Emotion Absorption+1","ats:Collapsing Strike+1","ats:Leaping Hammer","ats:Shell Defense","ats:Poison Spread","ats:Shell Defense","ats:Thorns+1","ats:Echo Reverb","ats:Sunburst+1","ats:Healing Drone+1","Decay","RitualDagger+1","ats:Demon Strength","ats:Burning Ground"],"relics":["SacredBark","ats:Originium","Thread and Needle","Ice Cream","Incense Burner","Nunchaku","Cursed Key","Vajra","Nilry\u0027s Codex","Molten Egg 2","Du-Vu Doll","NlothsMask"],"acts_visited":["Exordium","TheCity"],"potions_floor_usage":[7,20,22,29,33],"damage_taken":[{"damage":5,"enemies":"Jaw Worm","floor":1,"turns":4},{"damage":10,"enemies":"Small Slimes","floor":2,"turns":3},{"damage":1,"enemies":"Cultist","floor":5,"turns":3},{"damage":25,"enemies":"Gremlin Nob","floor":7,"turns":4},{"damage":4,"enemies":"3 Louse","floor":10,"turns":4},{"damage":23,"enemies":"Lagavulin Event","floor":11,"turns":7},{"damage":0,"enemies":"2 Fungi Beasts","floor":14,"turns":3},{"damage":19,"enemies":"Hexaghost","floor":16,"turns":10},{"damage":14,"enemies":"3 Byrds","floor":18,"turns":5},{"damage":0,"enemies":"Chosen","floor":20,"turns":4},{"damage":0,"enemies":"3 Cultists","floor":22,"turns":5},{"damage":32,"enemies":"Sentry and Sphere","floor":28,"turns":9},{"damage":43,"enemies":"Slavers","floor":29,"turns":4},{"damage":21,"enemies":"Snake Plant","floor":31,"turns":4},{"damage":58,"enemies":"Collector","floor":33,"turns":6}],"seed_played":"7075541643271179259","potions_obtained":[{"floor":5,"key":"Fire Potion"},{"floor":14,"key":"Fire Potion"},{"floor":16,"key":"EssenceOfSteel"},{"floor":22,"key":"Dexterity Potion"},{"floor":28,"key":"BlessingOfTheForge"},{"floor":31,"key":"SteroidPotion"}],"is_trial":false,"path_per_floor":["M","M","?","?","M","R","E","R","T","M","?","R","$","M","R","B",null,"M","?","M","$","M","R","?","R","T","?","M","E","?","M","R","B"],"character_chosen":"DOCTOR_CLASS","items_purchased":["Nunchaku","Vajra"],"campfire_rested":2,"item_purchase_floors":[13,21],"current_hp_per_floor":[67,57,62,62,61,61,39,39,39,37,31,54,54,57,57,54,77,63,63,65,65,68,68,52,52,52,46,57,25,25,19,42,0,0],"gold":79,"neow_bonus":"BOSS_RELIC","is_daily":false,"chose_seed":false,"campfire_upgraded":5,"win_rate":0.0,"timestamp":1610527132,"path_taken":["M","M","?","?","M","R","E","R","T","M","?","R","$","M","R","BOSS","M","?","?","$","M","R","?","R","T","?","M","E","?","M","R","BOSS"],"items_purchased_type":["Relic","Relic"],"build_version":"2020-12-22","purchased_purges":1,"victory":false,"max_hp_per_floor":[72,72,77,77,77,77,77,77,77,77,77,77,77,77,77,77,77,77,77,77,77,77,77,77,77,77,77,77,77,77,77,77,77,77],"card_choices":[{"not_picked":["ats:Revitalization","ats:Poison Spread"],"picked":"ats:Collapsing Strike","floor":1},{"not_picked":["ats:Ignite","ats:Assault Order"],"picked":"ats:Leaping Hammer","floor":2},{"not_picked":["ats:Childhood Dance","ats:Revitalization"],"picked":"ats:Shell Defense","floor":5},{"not_picked":["ats:Volcano","ats:Hook Shot"],"picked":"ats:Poison Spread","floor":7},{"not_picked":["ats:Song Of Battle","ats:Poison Spread"],"picked":"ats:Shell Defense","floor":10},{"not_picked":["ats:Consecutive Shot Auto","ats:Sunburst"],"picked":"ats:Thorns","floor":11},{"not_picked":["ats:LN2 Cannon","ats:Red Shift","ats:Poison Spread"],"picked":"SKIP","floor":14},{"not_picked":["ats:True Silver Slash","ats:Calcification"],"picked":"ats:Echo Reverb","floor":16},{"not_picked":["ats:Hammer On","ats:Poison Spread"],"picked":"ats:Sunburst","floor":18},{"not_picked":["ats:Explosion Area Strengthen","ats:Directed Diagnosis+1","ats:Cat Scratch"],"picked":"SKIP","floor":20},{"not_picked":["ats:Hook Shot","ats:Ignite"],"picked":"ats:Healing Drone+1","floor":22},{"not_picked":["ats:Childhood Dance","ats:Hammer On+1"],"picked":"ats:Demon Strength","floor":28},{"not_picked":["ats:Powerful Strike+1","ats:Poison Spread+1","ats:Roar Of Ursus"],"picked":"SKIP","floor":29},{"not_picked":["ats:Overload+1","ats:Support Order"],"picked":"ats:Burning Ground","floor":31}],"player_experience":165930,"relics_obtained":[{"floor":7,"key":"ats:Originium"},{"floor":7,"key":"Thread and Needle"},{"floor":9,"key":"Ice Cream"},{"floor":11,"key":"Incense Burner"},{"floor":24,"key":"Nilry\u0027s Codex"},{"floor":26,"key":"Molten Egg 2"},{"floor":29,"key":"ats:Originium"},{"floor":29,"key":"Du-Vu Doll"}],"event_choices":[{"damage_healed":0,"gold_gain":0,"player_choice":"Donut","damage_taken":0,"max_hp_gain":5,"max_hp_loss":0,"event_name":"Big Fish","floor":3,"gold_loss":0},{"damage_healed":0,"gold_gain":0,"player_choice":"Ignored","damage_taken":0,"max_hp_gain":0,"max_hp_loss":0,"event_name":"Liars Game","floor":4,"gold_loss":0},{"damage_healed":0,"gold_gain":30,"player_choice":"Searched \u00273\u0027 times","damage_taken":0,"max_hp_gain":0,"max_hp_loss":0,"event_name":"Dead Adventurer","floor":11,"gold_loss":0},{"damage_healed":0,"gold_gain":0,"player_choice":"Ignored","damage_taken":0,"max_hp_gain":0,"max_hp_loss":0,"event_name":"NoteForYourself","floor":19,"gold_loss":0},{"damage_healed":0,"gold_gain":0,"player_choice":"Obtained Book","damage_taken":16,"max_hp_gain":0,"max_hp_loss":0,"event_name":"Cursed Tome","floor":24,"gold_loss":0},{"damage_healed":0,"gold_gain":0,"player_choice":"Joined the Cult","damage_taken":6,"max_hp_gain":0,"max_hp_loss":0,"event_name":"Nest","floor":27,"gold_loss":0,"cards_obtained":["RitualDagger"]},{"damage_healed":0,"gold_gain":0,"player_choice":"Trade","damage_taken":0,"relics_obtained":["NlothsMask"],"max_hp_gain":0,"max_hp_loss":0,"event_name":"FaceTrader","floor":30,"gold_loss":0}],"is_beta":false,"boss_relics":[{"not_picked":["Runic Pyramid","Tiny House"],"picked":"Cursed Key"}],"items_purged_floors":[13],"is_endless":false,"potions_floor_spawned":[5,14,16,22,28,31],"killed_by":"Collector","ascension_level":0}}