{"host":"k67zwea37tbl4jhz","time":1610513711,"event":{"mods":["AchievementEnabler","Aspiration","BaseMod","Better Altar","Better Match","Better Sensory Stone","Better Skull","Better Third Choice","BetterRewards","CCEM","Clawfect","Colored Map","Conspire","Downfall","GifTheSpireLib","Googly Eyes","Halation","Highlight Path","Mimic Mod","Minty Spire (QoL Compilation)","Permanent Neow","Replay The Spire","Shop Mod","Spicy Shops","StSLib","Stuff the Spire","Unceasing Turn Reminder","everything is the same but u backflip on backflip"],"gold_per_floor":[113,123,123,123,148,182,182,109,109,109,153,153,153,168,168,296,296,314,314,328,328,328,328,328,328,328,348,401,426,426,441,441,546,546,566,566,32,32,32,32,65,65,65,65,65,108,108,126,126,126],"floor_reached":51,"language":"ENG","playtime":2540,"items_purged":["ReplayTheSpireMod:Splinters"],"score":695,"play_id":"20f56189-58da-4a2e-a240-6a703f59c954","local_time":"20210112235511","is_ascension_mode":false,"campfire_choices":[{"floor":7,"key":"REST"},{"floor":10,"key":"REST"},{"floor":12,"key":"REST"},{"floor":15,"key":"REST"},{"data":"Feed","floor":23,"key":"SMITH"},{"data":"Metallicize","floor":25,"key":"SMITH"},{"data":"ReplayReversal","floor":32,"key":"SMITH"},{"data":"Inflame","floor":40,"key":"SMITH"},{"floor":45,"key":"REST"},{"data":"Shrug It Off","floor":47,"key":"SMITH"},{"data":"Bash","floor":49,"key":"SMITH"}],"circlet_count":0,"master_deck":["Strike_R+1","Strike_R+1","Strike_R+1","Defend_R","Defend_R","Defend_R","Bash+1","AbeCurse","Cleave","Metallicize+1","Inflame+1","Shrug It Off+1","Feed+1","ReplayReversal+1","Barricade+1","conspire:ExplosiveBarrier+1","Replay:SS_hec_2+1","ReplayTheSpireMod:Muscle Training+1"],"relics":["Abe\u0027s Treasure","Bloody Idol","Replay:Bottled Eggs","Juzu Bracelet","Ooze Armor","aspiration:Stabinomicon","Nloth\u0027s Gift","Chameleon Ring","Regal Pillow","CCEMRelics:GrapeVine","aspiration:PoetsPen_weak","Matryoshka","Lantern","StuffTheSpire:OldFever","InkBottle","StuffTheSpire:GreaterSneckoEye","CCEMRelics:FestiveHat","Calipers","MealTicket"],"acts_visited":["Exordium","TheCity","TheBeyond"],"potions_floor_usage":[27,29,29,33,33,41],"damage_taken":[{"damage":6,"enemies":"Jaw Worm","floor":1,"turns":2},{"damage":0,"enemies":"2 Louse","floor":2,"turns":2},{"damage":0,"enemies":"Small Slimes","floor":5,"turns":2},{"damage":39,"enemies":"Gremlin Nob","floor":6,"turns":5},{"damage":17,"enemies":"Lagavulin","floor":11,"turns":5},{"damage":4,"enemies":"Blue Slaver","floor":14,"turns":3},{"damage":23,"enemies":"Slime Boss","floor":16,"turns":8},{"damage":5,"enemies":"3 Byrds","floor":18,"turns":4},{"damage":8,"enemies":"Shell Parasite","floor":20,"turns":4},{"damage":2,"enemies":"Centurion and Healer","floor":27,"turns":4},{"damage":30,"enemies":"Gremlin Leader","floor":29,"turns":6},{"damage":18,"enemies":"Cultist and Chosen","floor":31,"turns":5},{"damage":48,"enemies":"Collector","floor":33,"turns":10},{"damage":20,"enemies":"Orb Walker","floor":35,"turns":4},{"damage":12,"enemies":"Giant Head","floor":41,"turns":4},{"damage":30,"enemies":"conspire:MimicChest","floor":46,"turns":6},{"damage":0,"enemies":"3 Shapes","floor":48,"turns":4},{"damage":2,"enemies":"Replay:Hell Engine","floor":50,"turns":14}],"seed_played":"-5597917227163390570","potions_obtained":[{"floor":1,"key":"Fire Potion"},{"floor":5,"key":"SkillPotion"},{"floor":6,"key":"BloodPotion"},{"floor":28,"key":"Dexterity Potion"},{"floor":28,"key":"Toxic Potion"},{"floor":29,"key":"Venom Potion"},{"floor":33,"key":"hexamod:EctoCoolerPotion"},{"floor":35,"key":"Energy Potion"}],"is_trial":false,"path_per_floor":["M","M","?","?","M","E","R","$","T","R","E","R","?","M","R","B",null,"M","?","M","?","?","R","?","R","T","M","?","E","?","M","R","B",null,"M","?","$","?","?","R","E","?","T","$","R","?","R","M","R","B",null],"character_chosen":"IRONCLAD","items_purchased":["Inflame","Matryoshka","Lantern","StuffTheSpire:OldFever"],"campfire_rested":5,"item_purchase_floors":[8,37,37,37],"current_hp_per_floor":[74,74,74,54,54,15,39,39,39,63,46,70,63,59,80,57,80,78,62,57,57,56,56,56,56,56,63,68,70,79,70,70,27,94,79,79,79,79,79,79,72,52,52,52,89,90,90,97,97,95],"gold":126,"neow_bonus":"BOSS_RELIC","is_daily":false,"chose_seed":false,"campfire_upgraded":6,"win_rate":0.0,"timestamp":1610513711,"path_taken":["M","M","?","?","M","E","R","?","T","R","E","R","?","M","R","BOSS","M","?","M","?","?","R","?","R","T","M","?","E","?","M","R","BOSS","M","?","$","?","?","R","E","?","T","$","R","?","R","M","R","BOSS"],"items_purchased_type":["Card","Relic","Relic","Relic"],"build_version":"2020-12-22","purchased_purges":1,"victory":true,"max_hp_per_floor":[80,80,80,80,80,80,80,80,80,80,80,80,80,80,80,80,80,83,83,86,86,86,86,86,86,86,90,90,90,90,94,94,94,94,94,94,94,94,89,89,89,89,89,89,89,93,93,97,97,97],"card_choices":[{"not_picked":["ReplayTheSpireMod:Strike From Hell","StuffTheSpire:Incineration"],"picked":"Cleave","floor":1},{"not_picked":["conspire:ExplosiveBarrier","Anger"],"picked":"Metallicize","floor":2},{"not_picked":["Body Slam","Power Through","ReplayTheSpireMod:Strike From Hell"],"picked":"SKIP","floor":5},{"not_picked":["Headbutt","Reckless Charge","Exhume"],"picked":"SKIP","floor":6},{"not_picked":["Shockwave","Wild Strike","Reckless Charge"],"picked":"SKIP","floor":11},{"not_picked":["Searing Blow","Sever Soul"],"picked":"Shrug It Off","floor":14},{"not_picked":["Immolate","Bludgeon"],"picked":"Feed","floor":16},{"not_picked":["Flex","Body Slam","Replay:Undeath\u0027s Touch+1"],"picked":"SKIP","floor":18},{"not_picked":["Rampage","Pommel Strike+1","Replay:Undeath\u0027s Touch"],"picked":"SKIP","floor":20},{"not_picked":["Feel No Pain","ReplayTheSpireMod:Limb From Limb","Flex"],"picked":"SKIP","floor":27},{"not_picked":["StuffTheSpire:RagingBull","Headbutt"],"picked":"ReplayReversal","floor":28},{"not_picked":["ReplayTheSpireMod:Strike From Hell","StuffTheSpire:RagingBull","Sever Soul"],"picked":"SKIP","floor":29},{"not_picked":["Iron Wave","StuffTheSpire:Slingshot","Anger+1"],"picked":"SKIP","floor":31},{"not_picked":["conspire:Purge","Reaper"],"picked":"Barricade","floor":33},{"not_picked":["Clothesline","Blood for Blood","Cleave+1"],"picked":"SKIP","floor":35},{"not_picked":["Seeing Red","Power Through","Clothesline+1"],"picked":"SKIP","floor":41},{"not_picked":["Flex","Anger+1"],"picked":"conspire:ExplosiveBarrier+1","floor":46},{"not_picked":["expansioncontent:DarkVoid+1","Good Instincts+1"],"picked":"Replay:SS_hec_2+1","floor":48},{"not_picked":["Clothesline+1","Heavy Blade+1"],"picked":"ReplayTheSpireMod:Muscle Training+1","floor":48}],"player_experience":224322,"relics_obtained":[{"floor":6,"key":"conspire:InfiniteJournal"},{"floor":9,"key":"Replay:Bottled Eggs"},{"floor":11,"key":"Juzu Bracelet"},{"floor":19,"key":"aspiration:Stabinomicon"},{"floor":26,"key":"Chameleon Ring"},{"floor":28,"key":"Regal Pillow"},{"floor":29,"key":"CCEMRelics:GrapeVine"},{"floor":41,"key":"InkBottle"},{"floor":42,"key":"StuffTheSpire:GreaterSneckoEye"},{"floor":43,"key":"CCEMRelics:FestiveHat"},{"floor":43,"key":"Calipers"},{"floor":46,"key":"MealTicket"}],"event_choices":[{"damage_healed":0,"gold_gain":0,"player_choice":"Leave","damage_taken":0,"max_hp_gain":0,"max_hp_loss":0,"event_name":"conspire:Investor","floor":3,"gold_loss":0},{"damage_healed":0,"gold_gain":0,"player_choice":"Take Damage","damage_taken":20,"relics_obtained":["Golden Idol"],"max_hp_gain":0,"max_hp_loss":0,"event_name":"Golden Idol","floor":4,"gold_loss":0},{"cards_removed":["Defend_R"],"damage_healed":0,"gold_gain":0,"player_choice":"Card Removal","damage_taken":7,"max_hp_gain":0,"max_hp_loss":0,"event_name":"Golden Wing","floor":13,"gold_loss":0},{"damage_healed":0,"gold_gain":0,"player_choice":"Obtained Book","damage_taken":16,"max_hp_gain":0,"max_hp_loss":0,"event_name":"Cursed Tome","floor":19,"gold_loss":0},{"cards_removed":["Strike_R"],"damage_healed":0,"gold_gain":0,"player_choice":"Elegance","damage_taken":0,"max_hp_gain":0,"max_hp_loss":0,"event_name":"betterThird:BetterWriting","floor":21,"gold_loss":0},{"damage_healed":0,"gold_gain":0,"player_choice":" GoldIdol ","damage_taken":1,"relics_obtained":["Bloody Idol"],"max_hp_gain":57,"max_hp_loss":56,"event_name":"betterAltar:BetterAltar","floor":22,"potions_obtained":[],"relics_lost":["Golden Idol"],"gold_loss":0},{"damage_healed":0,"gold_gain":0,"player_choice":"Traded Relic","damage_taken":0,"relics_obtained":["Nloth\u0027s Gift"],"max_hp_gain":0,"max_hp_loss":0,"event_name":"N\u0027loth","floor":24,"relics_lost":["conspire:InfiniteJournal"],"gold_loss":0},{"cards_removed":["Strike_R"],"damage_healed":0,"gold_gain":0,"player_choice":"Removed Attack","damage_taken":0,"max_hp_gain":0,"max_hp_loss":0,"event_name":"Falling","floor":36,"gold_loss":0},{"damage_healed":0,"gold_gain":0,"player_choice":"Upgraded","damage_taken":0,"max_hp_gain":0,"max_hp_loss":0,"event_name":"Upgrade Shrine","floor":38,"gold_loss":0,"cards_upgraded":["Barricade"]},{"damage_healed":0,"gold_gain":0,"player_choice":"Max HP","damage_taken":0,"max_hp_gain":0,"max_hp_loss":5,"event_name":"Winding Halls","floor":39,"gold_loss":0}],"is_beta":false,"boss_relics":[{"not_picked":["halation:Prosthetics","Black Star"],"picked":"Ooze Armor"},{"not_picked":["Ring of Chaos","Replay:Grab Bag"],"picked":"aspiration:PoetsPen_weak"}],"items_purged_floors":[37],"is_endless":false,"potions_floor_spawned":[1,5,6,16,18,20,29,33,35],"ascension_level":0}}