{"host":"38maufg2dcy7va3m","time":1610521134,"event":{"mods":["Act Like it!","BaseMod","Downfall","Hermit","Hubris","Infinite Spire","Minty Spire (QoL Compilation)","Replay The Spire","StSLib"],"gold_per_floor":[216,11,11,11,11,61,61,34,61,61,61,89,89,103,103,201,201,214,226,226,245,160,58,58,71,71,71,71,86,86,98,98,197,197,211,121,131,149,169,169,149,49,101,101,111,111,123,92,92,92],"floor_reached":51,"language":"ENG","playtime":2504,"items_purged":[],"score":772,"play_id":"6db8e7cb-ac1f-4a33-98fd-de5bbe1cb43a","local_time":"20210112225854","is_ascension_mode":false,"campfire_choices":[{"floor":7.0,"key":"REST"},{"data":"expansioncontent:DefensiveStance","floor":10.0,"key":"SMITH"},{"data":"Demon Form","floor":13.0,"key":"SMITH"},{"data":"Body Slam","floor":27.0,"key":"SMITH"},{"floor":30.0,"key":"REST"},{"floor":32,"key":"REST"},{"floor":40,"key":"REST"},{"data":"Impervious","floor":44,"key":"SMITH"},{"floor":49,"key":"REST"}],"circlet_count":0,"master_deck":["Strike_R","Strike_R","Strike_R+1","Strike_R+1","Strike_R","Defend_R+1","Defend_R","Defend_R","Defend_R","Bash","Thunderclap","The Bomb+1","expansioncontent:GuardianWhirl","expansioncontent:DefensiveStance+1","Heavy Blade+1","Flex+1","Perfected Strike","Demon Form+1","Sentinel","Impervious+1","Armaments+1","Body Slam+1","Anger","Inflame","Inflame","Flex","Shockwave","Slimebound:CheckThePlaybook","Pommel Strike+1","Sword Boomerang+1","Immolate","Writhe","Doubt","Massacre+1","Run Through","Headbutt+1","Iron Wave+1","Feed","Ghostly Armor+1","Anger+1","Wild Strike","Infernal Blade+1","Cleave","Metallicize","Shrug It Off","Shrug It Off","Flex+1","Perfected Strike+1","Metallicize+1","Shrug It Off+1","Clash+1","ReplayReversal+1"],"relics":["Burning Blood","ReplayTheSpireMod:ShopPack","Replay:Towering Pillar of Hats","Ancient Tea Set","Simple Rune","Vajra","hubris:RunicObelisk","Darkstone Periapt","hubris:Icosahedron","Quantum Egg","Replay:Ancient Bell","Anchor","hubris:BottledRain","Prayer Wheel","infinitespire:Satchel"],"acts_visited":["Exordium","TheCity","TheBeyond"],"potions_floor_usage":[36,37,45,45,48,48],"damage_taken":[{"damage":9.0,"enemies":"Small Slimes","floor":1.0,"turns":4.0},{"damage":0.0,"enemies":"Gremlin Nob","floor":12.0,"turns":2.0},{"damage":0.0,"enemies":"Jaw Worm","floor":14.0,"turns":1.0},{"damage":19.0,"enemies":"Hexaghost","floor":16.0,"turns":7.0},{"damage":2.0,"enemies":"2 Thieves","floor":18.0,"turns":4.0},{"damage":0.0,"enemies":"3 Byrds","floor":19.0,"turns":3.0},{"damage":0.0,"enemies":"3 Cultists","floor":21.0,"turns":2.0},{"damage":7.0,"enemies":"Centurion and Healer","floor":25.0,"turns":3.0},{"damage":28.0,"enemies":"Snake Plant","floor":29.0,"turns":2.0},{"damage":1.0,"enemies":"Snecko","floor":31.0,"turns":4.0},{"damage":60,"enemies":"Collector","floor":33,"turns":9},{"damage":18,"enemies":"3 Shapes","floor":35,"turns":2},{"damage":19,"enemies":"3 Darklings","floor":36,"turns":4},{"damage":0,"enemies":"Jaw Worm Horde","floor":37,"turns":2},{"damage":27,"enemies":"Spire Growth","floor":38,"turns":5},{"damage":0,"enemies":"3 Darklings","floor":39,"turns":2},{"damage":0,"enemies":"Maw","floor":45,"turns":6},{"damage":27,"enemies":"4 Shapes","floor":47,"turns":3},{"damage":11,"enemies":"3 Darklings","floor":48,"turns":4},{"damage":50,"enemies":"Awakened One","floor":50,"turns":11}],"seed_played":"-1685036311576716911","potions_obtained":[{"floor":1.0,"key":"BlessingOfTheForge"},{"floor":14.0,"key":"Swift Potion"},{"floor":18.0,"key":"Guardian:BlockOnCardUsePotion"},{"floor":29.0,"key":"Energy Potion"},{"floor":33,"key":"Strength Potion"},{"floor":36,"key":"LifebloodPotion"},{"floor":37,"key":"SpeedPotion"},{"floor":41,"key":"HeartOfIron"},{"floor":45,"key":"Languid Potion"},{"floor":47,"key":"Explosive Potion"}],"is_trial":false,"path_per_floor":["M","$","?","?","?","T","R","$","T","R","?","E","R","M","R","B",null,"M","M","?","M","?","$","?","M","T","R","?","M","R","M","R","B",null,"M","M","M","M","M","R","?","$","T","R","M","?","M","M","R","B",null],"character_chosen":"IRONCLAD","items_purchased":["ReplayTheSpireMod:ShopPack","Entrench","Perfected Strike","Inflame","Flex","Metallicize","Shrug It Off"],"campfire_rested":5,"item_purchase_floors":[2,2,8,23,23,42,42],"current_hp_per_floor":[77,77,65,65,65,65,80,80,80,80,64,70,70,76,80,67,80,80,80,80,80,80,80,80,79,79,79,51,29,53,58,80,26,98,86,73,79,58,64,93,93,93,93,93,98,98,77,72,98,54],"gold":92,"neow_bonus":"HUNDRED_GOLD","is_daily":false,"chose_seed":false,"campfire_upgraded":4,"win_rate":0.0,"timestamp":1610521134,"path_taken":["M","$","?","?","?","?","R","$","T","R","?","E","R","M","R","BOSS","M","M","?","M","?","$","?","M","T","R","?","?","R","M","R","BOSS","M","M","M","M","M","R","?","$","T","R","?","?","M","M","R","BOSS"],"items_purchased_type":["Relic","Card","Card","Card","Card","Card","Card"],"build_version":"2020-12-22","purchased_purges":0,"victory":true,"max_hp_per_floor":[80,80,80,80,80,80,80,80,80,80,80,80,80,80,80,80,80,80,80,80,80,80,80,80,80,80,80,80,80,80,80,80,80,98,98,98,98,98,98,98,98,98,98,98,98,98,98,98,98,98],"card_choices":[{"not_picked":["Evolve","Sentinel"],"picked":"Thunderclap","floor":1.0},{"not_picked":["Sadistic Nature","Secret Technique"],"picked":"The Bomb","floor":2.0},{"not_picked":["Replay:Bootleg Shield Generator","expansioncontent:PolyBeam"],"picked":"expansioncontent:GuardianWhirl","floor":2.0},{"not_picked":["Replay:SS_hec_4","expansioncontent:ManipulateTime"],"picked":"expansioncontent:DefensiveStance","floor":2.0},{"not_picked":["Run Through","Havoc"],"picked":"Demon Form","floor":12.0},{"not_picked":["Thunderclap","Disarm"],"picked":"Sentinel","floor":14.0},{"not_picked":["Demon Form","Demonic Infusion"],"picked":"Impervious","floor":16.0},{"not_picked":["Havoc","Shockwave"],"picked":"Armaments+1","floor":18.0},{"not_picked":["Disarm","Armaments+1"],"picked":"Body Slam","floor":19.0},{"not_picked":["Iron Wave","Rupture"],"picked":"Anger","floor":21.0},{"not_picked":["Rupture","Sword Boomerang"],"picked":"Shockwave","floor":25.0},{"not_picked":["hubris:CleavingFinish","Flex"],"picked":"Pommel Strike+1","floor":29.0},{"not_picked":["Bloodletting","hubris:ReadiedAction"],"picked":"Sword Boomerang+1","floor":31},{"not_picked":["hubris:StunningStrike","Juggernaut"],"picked":"Immolate","floor":33},{"not_picked":["Replay:Hysterical Blindness","infinitespire:Pacifist"],"picked":"Writhe","floor":34},{"not_picked":["Pain","Regret"],"picked":"Doubt","floor":34},{"not_picked":["hexamod:Haunted","sneckomod:Bewildered"],"picked":"ReplayTheSpireMod:IOU","floor":34},{"not_picked":["Replay:Undeath\u0027s Touch+1","Armaments+1"],"picked":"Massacre+1","floor":35},{"not_picked":["Disarm","Thunderclap"],"picked":"Run Through","floor":35},{"not_picked":["Heavy Blade","Pommel Strike"],"picked":"Headbutt+1","floor":36},{"not_picked":["Massacre+1","Sword Boomerang"],"picked":"Iron Wave+1","floor":36},{"not_picked":["True Grit+1","Pommel Strike"],"picked":"Feed","floor":37},{"not_picked":["Blood for Blood+1","Clothesline"],"picked":"Ghostly Armor+1","floor":37},{"not_picked":["Wild Strike+1","Body Slam+1"],"picked":"Anger+1","floor":38},{"not_picked":["Shockwave","True Grit+1"],"picked":"Wild Strike","floor":38},{"not_picked":["Replay:Undeath\u0027s Touch","Havoc+1"],"picked":"Infernal Blade+1","floor":39},{"not_picked":["Bloodletting+1","ReplayTheSpireMod:Strike From Hell"],"picked":"Cleave","floor":39},{"not_picked":["Dropkick+1","Clash"],"picked":"Flex+1","floor":45},{"not_picked":["Thunderclap","Replay:Undeath\u0027s Touch+1"],"picked":"Perfected Strike+1","floor":45},{"not_picked":["Perfected Strike+1","Heavy Blade+1"],"picked":"Metallicize+1","floor":47},{"not_picked":["Battle Trance+1","Sword Boomerang"],"picked":"Shrug It Off+1","floor":47},{"not_picked":["Anger","Massacre"],"picked":"Clash+1","floor":48},{"not_picked":["Seeing Red","Pommel Strike"],"picked":"ReplayReversal+1","floor":48}],"player_experience":236612,"relics_obtained":[{"floor":6.0,"key":"Ancient Tea Set"},{"floor":9.0,"key":"Simple Rune"},{"floor":12.0,"key":"Vajra"},{"floor":26.0,"key":"Quantum Egg"},{"floor":43,"key":"infinitespire:Satchel"}],"event_choices":[{"damage_healed":0.0,"max_hp_gain":0.0,"max_hp_loss":0.0,"gold_gain":0.0,"event_name":"Scrap Ooze","player_choice":"Success","floor":3.0,"gold_loss":0.0,"damage_taken":12.0,"relics_obtained":["Replay:Towering Pillar of Hats"]},{"damage_healed":0.0,"max_hp_gain":0.0,"max_hp_loss":0.0,"gold_gain":0.0,"event_name":"Shining Light","player_choice":"Entered Light","floor":11.0,"gold_loss":0.0,"damage_taken":16.0,"cards_upgraded":["The Bomb","Defend_R"]},{"damage_healed":0.0,"max_hp_gain":0.0,"max_hp_loss":0.0,"gold_gain":0.0,"event_name":"Addict","player_choice":"Obtained Relic","floor":22.0,"gold_loss":85.0,"damage_taken":0.0,"relics_obtained":["Darkstone Periapt"]},{"damage_healed":0,"gold_gain":0,"player_choice":"Bought 1 Potion","damage_taken":0,"max_hp_gain":0,"max_hp_loss":0,"event_name":"The Woman in Blue","floor":41,"gold_loss":0}],"is_beta":false,"boss_relics":[{"not_picked":["Electric Blood","hubris:ScarierMask"],"picked":"hubris:RunicObelisk"},{"not_picked":["Replay:Grab Bag","hubris:TerracottaHorce"],"picked":"Replay:Ancient Bell"},{"not_picked":["hubris:ToyBattleship","Tiny Chest"],"picked":"Anchor"},{"not_picked":["hubris:DisguiseKit","Gremlin Horn"],"picked":"hubris:BottledRain"},{"not_picked":["hubris:FunFungus","infinitespire:Golems Mask"],"picked":"Prayer Wheel"}],"items_purged_floors":[],"is_endless":false,"potions_floor_spawned":[1,14,18,29,33,36,37,45,47],"ascension_level":0}}