{"host":"q0qnzbgdx8oqogg9","time":1610576020,"event":{"mods":["BaseMod","Minty Spire (QoL Compilation)","Slay-I","StSLib"],"gold_per_floor":[111,121,121,134,147,476,476,502,570,570,586,615,649,403,403,501,501,518,531,531,195,195,195,195],"floor_reached":23,"language":"ENG","playtime":1306,"items_purged":["Strike_R","Strike_R"],"score":282,"play_id":"003508ea-6471-47df-948d-31646a312a3b","local_time":"20210113171340","is_ascension_mode":true,"campfire_choices":[{"data":"Armaments","floor":7,"key":"SMITH"},{"floor":10,"key":"REST"},{"floor":15,"key":"REST"}],"circlet_count":0,"master_deck":["Strike_R+1","Strike_R+1","Strike_R+1","Defend_R+1","Defend_R+1","Defend_R+1","Defend_R+1","Bash+1","Shrug It Off","Sword Boomerang","Armaments+1","Inflame","Barricade","Disarm","Shrug It Off","Metallicize","Rampage","Reaper","Corruption","Hemokinesis+1","Ghostly Armor","Enlightenment","Secret Technique","Reaper","Inflame"],"relics":["Burning Blood","Ice Cream","Old Coin","Turnip","Singing Bowl","Odd Mushroom","Dream Catcher","Membership Card","Philosopher\u0027s Stone"],"acts_visited":["Exordium","TheCity"],"potions_floor_usage":[4,8,11,13,18,23],"damage_taken":[{"damage":5,"enemies":"Cultist","floor":1,"turns":5},{"damage":0,"enemies":"Small Slimes","floor":2,"turns":4},{"damage":3,"enemies":"2 Louse","floor":4,"turns":3},{"damage":26,"enemies":"Gremlin Gang","floor":5,"turns":10},{"damage":17,"enemies":"Lagavulin","floor":6,"turns":6},{"damage":27,"enemies":"3 Sentries","floor":8,"turns":8},{"damage":4,"enemies":"Exordium Thugs","floor":11,"turns":6},{"damage":29,"enemies":"The Mushroom Lair","floor":12,"turns":6},{"damage":10,"enemies":"Gremlin Nob","floor":13,"turns":4},{"damage":27,"enemies":"The Guardian","floor":16,"turns":13},{"damage":37,"enemies":"3 Byrds","floor":18,"turns":10},{"damage":22,"enemies":"Shell Parasite","floor":19,"turns":9},{"damage":84,"enemies":"Gremlin Leader","floor":23,"turns":8}],"seed_played":"3083486686200316757","potions_obtained":[{"floor":1,"key":"Block Potion"},{"floor":2,"key":"FearPotion"},{"floor":6,"key":"Block Potion"},{"floor":8,"key":"SteroidPotion"},{"floor":13,"key":"ColorlessPotion"},{"floor":16,"key":"Regen Potion"}],"is_trial":false,"path_per_floor":["M","M","?","M","M","E","R","E","T","R","M","?","E","$","R","B",null,"M","M","?","$","?","E"],"character_chosen":"IRONCLAD","items_purchased":["Membership Card","Metallicize","Rampage","Ghostly Armor","Enlightenment","Secret Technique","Reaper","Inflame"],"campfire_rested":2,"item_purchase_floors":[14,14,14,21,21,21,21,21],"current_hp_per_floor":[52,58,58,61,41,30,30,9,9,33,35,14,12,12,37,26,70,48,35,63,63,63,0,0],"gold":195,"neow_bonus":"ONE_RARE_RELIC","is_daily":false,"chose_seed":false,"campfire_upgraded":1,"win_rate":0.0,"timestamp":1610576020,"path_taken":["M","M","?","M","M","E","R","E","T","R","M","?","E","$","R","BOSS","M","M","?","$","?","E"],"items_purchased_type":["Relic","Card","Card","Card","Card","Card","Card","Card"],"build_version":"2020-12-22","purchased_purges":2,"victory":false,"max_hp_per_floor":[80,80,80,80,80,80,80,80,80,80,80,82,84,84,84,84,84,86,86,86,86,86,86,86],"card_choices":[{"not_picked":["Battle Trance","Heavy Blade"],"picked":"Shrug It Off","floor":1},{"not_picked":["Dual Wield","Bloodletting"],"picked":"Sword Boomerang","floor":2},{"not_picked":["Iron Wave","Clash"],"picked":"Armaments","floor":4},{"not_picked":["Metallicize","Second Wind"],"picked":"Inflame","floor":5},{"not_picked":["Feel No Pain","Infernal Blade"],"picked":"Barricade","floor":6},{"not_picked":["Brutality","Thunderclap"],"picked":"Disarm","floor":8},{"not_picked":["True Grit","Clash"],"picked":"Shrug It Off","floor":11},{"not_picked":["Feel No Pain","Sword Boomerang","Burning Pact"],"picked":"Singing Bowl","floor":12},{"not_picked":["Pommel Strike","Havoc","Burning Pact"],"picked":"Singing Bowl","floor":13},{"not_picked":["Infernal Blade","Ghostly Armor"],"picked":"Reaper","floor":15},{"not_picked":["Limit Break","Double Tap"],"picked":"Corruption","floor":16},{"not_picked":["Reckless Charge","True Grit","Body Slam"],"picked":"Singing Bowl","floor":18},{"not_picked":["Rampage","Heavy Blade"],"picked":"Hemokinesis+1","floor":19}],"player_experience":217820,"relics_obtained":[{"floor":6,"key":"Old Coin"},{"floor":8,"key":"Turnip"},{"floor":9,"key":"Singing Bowl"},{"floor":12,"key":"Odd Mushroom"},{"floor":13,"key":"Dream Catcher"}],"event_choices":[{"damage_healed":0,"gold_gain":0,"player_choice":"Grow","damage_taken":0,"max_hp_gain":0,"max_hp_loss":0,"event_name":"Living Wall","floor":3,"gold_loss":0,"cards_upgraded":["Bash"]},{"damage_healed":0,"gold_gain":0,"player_choice":"Fought Mushrooms","damage_taken":0,"max_hp_gain":0,"max_hp_loss":0,"event_name":"Mushrooms","floor":12,"gold_loss":0},{"damage_healed":28,"gold_gain":0,"player_choice":"Heal","damage_taken":0,"max_hp_gain":0,"max_hp_loss":0,"event_name":"The Library","floor":20,"gold_loss":0},{"damage_healed":0,"gold_gain":0,"player_choice":"Simplicity","damage_taken":0,"max_hp_gain":0,"max_hp_loss":0,"event_name":"Back to Basics","floor":22,"gold_loss":0,"cards_upgraded":["Strike_R","Strike_R","Strike_R","Defend_R","Defend_R","Defend_R","Defend_R"]}],"is_beta":false,"boss_relics":[{"not_picked":["Busted Crown","Black Star"],"picked":"Philosopher\u0027s Stone"}],"items_purged_floors":[14,21],"is_endless":false,"potions_floor_spawned":[1,2,6,8,13,16],"killed_by":"Gremlin Leader","ascension_level":7}}