{"host":"mai03x2ekbjy4059","time":1610504413,"event":{"mods":["2.2 Compatiblity","BaseMod","DeckTracker","Highlight Path","Keyboard Shortcuts","Minty Spire (QoL Compilation)","Permanent Neow","Quick Restart","SuperFastMode","everything is the same but u backflip on backflip"],"gold_per_floor":[360,360,285,285,310,350,62,62,87,87,113,132,165,185,185,185,185],"floor_reached":16,"language":"KOR","playtime":354,"items_purged":["Strike_P"],"score":247,"play_id":"01bf5945-d823-4a1f-95c0-12fd8660010b","local_time":"20210113112013","is_ascension_mode":true,"campfire_choices":[{"floor":8.0,"key":"REST"},{"floor":15,"key":"REST"}],"circlet_count":0,"master_deck":["AscendersBane","Strike_P","Strike_P","Strike_P","Defend_P","Defend_P","Defend_P","Eruption+1","Vigilance"],"relics":["PureWater","MawBank","Art of War","Nunchaku","Bronze Scales","Ancient Tea Set","Lantern"],"acts_visited":["Exordium"],"potions_floor_usage":[11,11],"damage_taken":[{"damage":0.0,"enemies":"2 Louse","floor":1.0,"turns":2.0},{"damage":54.0,"enemies":"Gremlin Nob","floor":6.0,"turns":6.0},{"damage":0,"enemies":"Lagavulin","floor":11,"turns":4},{"damage":8,"enemies":"Small Slimes","floor":12,"turns":3},{"damage":26,"enemies":"Gremlin Nob","floor":13,"turns":5},{"damage":2,"enemies":"Jaw Worm","floor":14,"turns":2},{"damage":12,"enemies":"The Guardian","floor":16,"turns":8}],"seed_played":"303237680348675414","potions_obtained":[{"floor":1.0,"key":"Block Potion"},{"floor":6.0,"key":"PowerPotion"}],"is_trial":false,"path_per_floor":["M","?","?","?","T","E","$","R","T","?","E","M","E","M","R","B"],"character_chosen":"WATCHER","items_purchased":["Nunchaku","Regen Potion"],"campfire_rested":2,"item_purchase_floors":[7,7],"current_hp_per_floor":[61,66,66,66,66,12,12,32,32,32,44,36,10,8,28,16,16],"gold":185,"neow_bonus":"TWO_FIFTY_GOLD","is_daily":false,"chose_seed":false,"campfire_upgraded":0,"win_rate":0.0,"timestamp":1610504413,"path_taken":["M","?","?","?","?","E","?","R","T","?","E","M","E","M","R","BOSS"],"items_purchased_type":["Relic","Potion"],"build_version":"2020-12-22","purchased_purges":1,"victory":false,"max_hp_per_floor":[62,67,67,67,67,67,67,67,67,67,67,67,67,67,67,67,67],"card_choices":[{"not_picked":["EmptyFist","SandsOfTime","BowlingBash"],"picked":"SKIP","floor":1.0},{"not_picked":["Tantrum","Halt","Study"],"picked":"SKIP","floor":6.0},{"not_picked":["ClearTheMind","BattleHymn","Consecrate"],"picked":"SKIP","floor":11},{"not_picked":["EmptyMind","SashWhip","Consecrate"],"picked":"SKIP","floor":12},{"not_picked":["FlyingSleeves","EmptyBody","Swivel"],"picked":"SKIP","floor":13},{"not_picked":["Crescendo","SashWhip","Pray"],"picked":"SKIP","floor":14}],"player_experience":1074114,"relics_obtained":[{"floor":5.0,"key":"MawBank"},{"floor":6.0,"key":"Art of War"},{"floor":9.0,"key":"Bronze Scales"},{"floor":11,"key":"Ancient Tea Set"},{"floor":13,"key":"Lantern"}],"event_choices":[{"damage_healed":0.0,"max_hp_gain":5.0,"max_hp_loss":0.0,"gold_gain":0.0,"event_name":"Big Fish","player_choice":"Donut","floor":2.0,"gold_loss":0.0,"damage_taken":0.0},{"cards_removed":["Defend_P"],"damage_healed":0.0,"max_hp_gain":0.0,"max_hp_loss":0.0,"gold_gain":0.0,"event_name":"The Cleric","player_choice":"Card Removal","floor":3.0,"gold_loss":75.0,"damage_taken":0.0},{"damage_healed":0.0,"max_hp_gain":0.0,"max_hp_loss":0.0,"gold_gain":0.0,"event_name":"Living Wall","player_choice":"Grow","floor":4.0,"gold_loss":0.0,"damage_taken":0.0,"cards_upgraded":["Eruption"]},{"damage_healed":0.0,"max_hp_gain":0.0,"max_hp_loss":0.0,"gold_gain":0.0,"event_name":"Liars Game","player_choice":"Ignored","floor":10.0,"gold_loss":0.0,"damage_taken":0.0}],"is_beta":false,"boss_relics":[],"items_purged_floors":[7],"is_endless":false,"potions_floor_spawned":[1,6],"killed_by":"The Guardian","ascension_level":15}}