{"host":"tgr1xoidyjfo4u0n","time":1610555423,"event":{"mods":["Act Like it!","Alarm Clock","BaseMod","CapriCore","Colored Powertips","GifTheSpireLib","Highlight Path","Minty Spire (QoL Compilation)","StSLib"],"gold_per_floor":[116,76,91,104,118,118,43,76,76,76,94,94,116,116,116,236,236,252,271,17,17,37,37,56,56,107,151,170,204,204,229,229,353,353,374,165,165,17,17,17,31,31,31,31,74,137,137,151,151,151,151,151,2,42,42],"floor_reached":56,"language":"ZHS","playtime":5037,"items_purged":["Strike_P","Strike_P","Strike_P"],"score":1417,"play_id":"47918c70-98e6-4cd8-a7e9-0e32ddf62956","local_time":"20210114003023","is_ascension_mode":true,"campfire_choices":[{"data":"Eruption","floor":6.0,"key":"SMITH"},{"data":"ClearTheMind","floor":10.0,"key":"SMITH"},{"data":"Wallop","floor":12.0,"key":"SMITH"},{"data":"SandsOfTime","floor":15.0,"key":"SMITH"},{"data":"Scrawl","floor":23.0,"key":"SMITH"},{"data":"InnerPeace","floor":25.0,"key":"SMITH"},{"floor":30.0,"key":"RECALL"},{"floor":32.0,"key":"REST"},{"data":"Omniscience","floor":40.0,"key":"SMITH"},{"data":"Prostrate","floor":42.0,"key":"SMITH"},{"data":"InnerPeace","floor":44.0,"key":"SMITH"},{"data":"Prostrate","floor":49,"key":"SMITH"},{"data":"Crescendo","floor":52,"key":"SMITH"}],"circlet_count":0,"master_deck":["Defend_P","Defend_P","Defend_P","Eruption+1","Vigilance","FollowUp","Evaluate","ClearTheMind+1","Wallop+1","MasterReality+1","JustLucky","Brilliance","Wireheading+1","Evaluate+1","Adaptation+1","Scrawl+1","Swivel","Tantrum","InnerPeace+1","MentalFortress+1","CrushJoints+1","BowlingBash","ForeignInfluence+1","ClearTheMind+1","Crescendo+1","Omniscience+1","Study+1","InnerPeace+1","Adaptation+1","Prostrate+1","PathToVictory","Worship+1","Prostrate+1","Prostrate+1","Injury","Halt+1"],"relics":["HolyWater","Frozen Egg 2","Odd Mushroom","Golden Idol","Dream Catcher","FossilizedHelix","Question Card","Cursed Key","Juzu Bracelet","Pocketwatch","Mercury Hourglass","Bag of Preparation","Pear"],"acts_visited":["Exordium","TheCity","TheBeyond","TheEnding"],"potions_floor_usage":[55,55,55],"damage_taken":[{"damage":0.0,"enemies":"2 Louse","floor":1.0,"turns":4.0},{"damage":0.0,"enemies":"Cultist","floor":3.0,"turns":2.0},{"damage":0.0,"enemies":"Jaw Worm","floor":4.0,"turns":3.0},{"damage":11.0,"enemies":"Large Slime","floor":5.0,"turns":6.0},{"damage":2.0,"enemies":"Lagavulin","floor":8.0,"turns":4.0},{"damage":0.0,"enemies":"Exordium Thugs","floor":11.0,"turns":3.0},{"damage":2.0,"enemies":"The Mushroom Lair","floor":13.0,"turns":4.0},{"damage":15.0,"enemies":"Hexaghost","floor":16.0,"turns":6.0},{"damage":0.0,"enemies":"Chosen","floor":18.0,"turns":2.0},{"damage":8.0,"enemies":"Spheric Guardian","floor":19.0,"turns":4.0},{"damage":0.0,"enemies":"Snecko","floor":22.0,"turns":3.0},{"damage":5.0,"enemies":"Chosen and Byrds","floor":24.0,"turns":3.0},{"damage":0.0,"enemies":"Gremlin Leader","floor":27.0,"turns":5.0},{"damage":0.0,"enemies":"Centurion and Healer","floor":28.0,"turns":3.0},{"damage":0.0,"enemies":"Book of Stabbing","floor":29.0,"turns":4.0},{"damage":4.0,"enemies":"3 Cultists","floor":31.0,"turns":4.0},{"damage":0.0,"enemies":"Champ","floor":33.0,"turns":6.0},{"damage":0.0,"enemies":"3 Shapes","floor":35.0,"turns":3.0},{"damage":0.0,"enemies":"Orb Walker","floor":41.0,"turns":1.0},{"damage":0,"enemies":"Reptomancer","floor":45,"turns":3},{"damage":0,"enemies":"Mind Bloom Boss Battle","floor":46,"turns":3},{"damage":0,"enemies":"Writhing Mass","floor":48,"turns":3},{"damage":7,"enemies":"Donu and Deca","floor":50,"turns":5},{"damage":0,"enemies":"Shield and Spear","floor":54,"turns":5},{"damage":16,"enemies":"The Heart","floor":55,"turns":6}],"seed_played":"-3686479145725272427","potions_obtained":[{"floor":2.0,"key":"Dexterity Potion"},{"floor":2.0,"key":"Block Potion"},{"floor":2.0,"key":"SteroidPotion"},{"floor":8.0,"key":"LiquidBronze"},{"floor":11.0,"key":"Block Potion"},{"floor":13.0,"key":"FearPotion"},{"floor":16.0,"key":"Weak Potion"},{"floor":19.0,"key":"SneckoOil"},{"floor":28.0,"key":"Energy Potion"},{"floor":33.0,"key":"FearPotion"},{"floor":46,"key":"LiquidMemories"}],"is_trial":false,"path_per_floor":["M","?","M","M","M","R","$","E","T","R","M","R","?","?","R","B",null,"M","M","$","?","M","R","M","R","T","E","M","E","R","M","R","B",null,"M","$","?","$","?","R","M","R","T","R","E","?","T","M","R","B",null,"R","$","E","B",null],"character_chosen":"WATCHER","items_purchased":["Adaptation+1","Scrawl","Swivel","Study+1","InnerPeace","Prostrate","Bag of Preparation"],"campfire_rested":1,"item_purchase_floors":[20,20,20,36,36,38,53],"current_hp_per_floor":[65,65,65,65,54,54,54,52,52,52,52,52,50,50,50,35,60,60,52,52,52,52,52,47,47,47,47,47,47,47,43,60,60,60,60,60,60,60,60,60,60,60,60,60,60,60,60,60,60,53,60,60,60,70,54],"gold":42,"neow_bonus":"REMOVE_TWO","is_daily":false,"chose_seed":false,"campfire_upgraded":11,"win_rate":0.0,"timestamp":1610555423,"path_taken":["M","?","M","M","M","R","$","E","T","R","?","R","?","?","R","BOSS","M","M","$","?","M","R","M","R","T","E","M","E","R","M","R","BOSS","M","$","?","?","?","R","?","R","T","R","E","?","?","M","R","BOSS","R","$","E","BOSS"],"items_purchased_type":["Card","Card","Card","Card","Card","Card","Relic"],"build_version":"2020-12-22","purchased_purges":3,"victory":true,"max_hp_per_floor":[65,65,65,65,65,65,65,65,65,65,65,65,65,60,60,60,60,60,60,60,60,60,60,60,60,60,60,60,60,60,60,60,60,60,60,60,60,60,60,60,60,60,60,60,60,60,60,60,60,60,60,60,60,70,70],"card_choices":[{"not_picked":["Crescendo","PathToVictory"],"picked":"FollowUp","floor":1.0},{"not_picked":["WheelKick","Collect"],"picked":"Evaluate","floor":3.0},{"not_picked":["SashWhip","FlurryOfBlows"],"picked":"ClearTheMind","floor":4.0},{"not_picked":["FlurryOfBlows","FlyingSleeves"],"picked":"Wallop","floor":5.0},{"not_picked":["FollowUp","Protect"],"picked":"SandsOfTime","floor":8.0},{"not_picked":["Crescendo","SashWhip"],"picked":"MasterReality+1","floor":11.0},{"not_picked":["ClearTheMind","EmptyFist"],"picked":"JustLucky","floor":13.0},{"not_picked":["Ragnarok","MasterReality+1"],"picked":"Brilliance","floor":16.0},{"not_picked":["ClearTheMind","Crescendo"],"picked":"Wireheading+1","floor":18.0},{"not_picked":["EmptyFist","FollowUp"],"picked":"Evaluate+1","floor":19.0},{"not_picked":["CarveReality","LikeWater+1"],"picked":"InnerPeace","floor":22.0},{"not_picked":["EmptyBody+1","FlyingSleeves"],"picked":"MentalFortress+1","floor":24.0},{"not_picked":["Crescendo+1","SashWhip+1"],"picked":"CrushJoints+1","floor":27.0},{"not_picked":["Pray","PathToVictory"],"picked":"BowlingBash","floor":28.0},{"not_picked":["DeusExMachina","CrushJoints"],"picked":"ForeignInfluence+1","floor":29.0},{"not_picked":["FlyingSleeves+1","JustLucky","Prostrate"],"picked":"ClearTheMind+1","floor":31.0},{"not_picked":["CrushJoints+1","CarveReality","Conclude+1"],"picked":"Crescendo","floor":32.0},{"not_picked":["Alpha","ConjureBlade","SpiritShield"],"picked":"Omniscience","floor":33.0},{"not_picked":["DeceiveReality","SashWhip+1","FlyingSleeves+1","BowlingBash+1"],"picked":"SKIP","floor":35.0},{"not_picked":["Crescendo","Study+1","EmptyMind+1"],"picked":"Worship+1","floor":41.0},{"not_picked":["FollowUp+1","InnerPeace","Weave"],"picked":"Prostrate","floor":45},{"not_picked":["SashWhip","FollowUp","ForeignInfluence"],"picked":"Prostrate+1","floor":46},{"not_picked":["WheelKick","BowlingBash","Establishment+1","FlurryOfBlows"],"picked":"SKIP","floor":48},{"not_picked":["WheelKick","BowlingBash","Establishment+1","FlurryOfBlows"],"picked":"SKIP","floor":48},{"not_picked":["FollowUp","Brilliance","BowlingBash"],"picked":"Halt+1","floor":54}],"player_experience":362753,"relics_obtained":[{"floor":8.0,"key":"Frozen Egg 2"},{"floor":13.0,"key":"Odd Mushroom"},{"floor":26.0,"key":"Dream Catcher"},{"floor":27.0,"key":"FossilizedHelix"},{"floor":29.0,"key":"Question Card"},{"floor":45,"key":"Juzu Bracelet"},{"floor":46,"key":"Pocketwatch"},{"floor":47,"key":"Mercury Hourglass"},{"floor":54,"key":"Pear"}],"event_choices":[{"damage_healed":0.0,"max_hp_gain":0.0,"max_hp_loss":0.0,"gold_gain":0.0,"event_name":"The Woman in Blue","player_choice":"Bought 3 Potions","floor":2.0,"gold_loss":0.0,"damage_taken":0.0},{"damage_healed":0.0,"max_hp_gain":0.0,"max_hp_loss":0.0,"gold_gain":0.0,"event_name":"Mushrooms","player_choice":"Fought Mushrooms","floor":13.0,"gold_loss":0.0,"damage_taken":0.0},{"damage_healed":0.0,"max_hp_gain":0.0,"max_hp_loss":5.0,"gold_gain":0.0,"event_name":"Golden Idol","player_choice":"Lose Max HP","floor":14.0,"gold_loss":0.0,"damage_taken":0.0,"relics_obtained":["Golden Idol"]},{"damage_healed":0.0,"max_hp_gain":0.0,"max_hp_loss":0.0,"gold_gain":0.0,"event_name":"The Library","player_choice":"Read","floor":21.0,"gold_loss":0.0,"damage_taken":0.0,"cards_obtained":["Tantrum"]},{"damage_healed":0.0,"max_hp_gain":0.0,"max_hp_loss":0.0,"gold_gain":0.0,"event_name":"Duplicator","player_choice":"Copied","floor":37.0,"gold_loss":0.0,"damage_taken":0.0,"cards_obtained":["Adaptation"]},{"damage_healed":0.0,"max_hp_gain":0.0,"max_hp_loss":0.0,"gold_gain":0.0,"cards_transformed":["SandsOfTime"],"event_name":"Transmorgrifier","player_choice":"Transformed","floor":39.0,"gold_loss":0.0,"damage_taken":0.0,"cards_obtained":["PathToVictory"]},{"damage_healed":0,"gold_gain":0,"player_choice":"Fight","damage_taken":0,"max_hp_gain":0,"max_hp_loss":0,"event_name":"MindBloom","floor":46,"gold_loss":0}],"is_beta":false,"boss_relics":[{"not_picked":["SacredBark","Busted Crown"],"picked":"HolyWater"},{"not_picked":["Tiny House","Fusion Hammer"],"picked":"Cursed Key"}],"items_purged_floors":[7,36,38],"is_endless":false,"potions_floor_spawned":[8,11,13,16,19,24,28,33,46],"ascension_level":1}}