{"host":"fq1bpa5mgr3rtgnr","time":1610534997,"event":{"mods":["AchievementEnabler","BaseMod","Colored Map","Colored Powertips","Highlight Path","Minty Spire (QoL Compilation)","Relic Stats","StSLib","The Animator"],"gold_per_floor":[111,186,146,156,176,176,176],"floor_reached":6,"language":"ENG","playtime":333,"items_purged":[],"score":40,"play_id":"d704e7dd-6c48-4640-a330-948fcd45d11f","local_time":"20210113054957","is_ascension_mode":true,"campfire_choices":[],"circlet_count":0,"master_deck":["animator:Strike_OnePunchMan","animator:Defend_OnePunchMan","animator:Strike","animator:Strike","animator:Strike","animator:Defend","animator:Defend","animator:Defend","animator:Genos","animator:MumenRider","Doubt","animator:Ainz","animator:Berserker","animator:Shion","animator:Kazuma"],"relics":["animator:LivingPicture","animator:TheMissingPiece"],"acts_visited":["Exordium"],"potions_floor_usage":[],"damage_taken":[{"damage":14,"enemies":"Cultist","floor":1,"turns":4},{"damage":4,"enemies":"Small Slimes","floor":4,"turns":3},{"damage":4,"enemies":"2 Louse","floor":5,"turns":2},{"damage":35,"enemies":"Lagavulin","floor":6,"turns":5}],"seed_played":"7663395634143327713","potions_obtained":[{"floor":3,"key":"SkillPotion"},{"floor":3,"key":"LiquidBronze"},{"floor":3,"key":"SpeedPotion"}],"is_trial":false,"path_per_floor":["M","?","?","M","M","E"],"character_chosen":"THE_ANIMATOR","items_purchased":[],"campfire_rested":0,"item_purchase_floors":[],"current_hp_per_floor":[52,41,41,37,33,0,0],"gold":176,"neow_bonus":"THREE_RARE_CARDS","is_daily":false,"chose_seed":false,"campfire_upgraded":0,"win_rate":0.0,"timestamp":1610534997,"path_taken":["M","?","?","?","M","E"],"items_purchased_type":[],"build_version":"2020-12-22","purchased_purges":0,"victory":false,"max_hp_per_floor":[66,66,66,66,66,66,66],"relic_stats":{"counters":[4,14],"obtain_stats":[{"animator:TheMissingPiece":0,"animator:LivingPicture":0},{"animator:TheMissingPiece":0,"animator:LivingPicture":0},{"animator:TheMissingPiece":0,"animator:LivingPicture":0}]},"card_choices":[{"not_picked":["animator:Gilgamesh","animator:Wiz"],"picked":"animator:Ainz","floor":0},{"not_picked":["animator:MumenRider","animator:Alexander"],"picked":"animator:Berserker","floor":1},{"not_picked":["animator:Benimaru","animator:Shuna"],"picked":"animator:Shion","floor":4},{"not_picked":["animator:Souei","animator:MumenRider"],"picked":"animator:Kazuma","floor":5}],"player_experience":413207,"relics_obtained":[],"event_choices":[{"damage_healed":0,"gold_gain":75,"player_choice":"Gather Gold","damage_taken":11,"max_hp_gain":0,"max_hp_loss":0,"event_name":"World of Goop","floor":2,"gold_loss":0},{"damage_healed":0,"gold_gain":0,"player_choice":"Bought 3 Potions","damage_taken":0,"max_hp_gain":0,"max_hp_loss":0,"event_name":"The Woman in Blue","floor":3,"gold_loss":0}],"is_beta":false,"boss_relics":[],"items_purged_floors":[],"is_endless":false,"potions_floor_spawned":[5],"killed_by":"Lagavulin","ascension_level":2}}