{"host":"dr5t8qsew5rvjx1s","time":1610541177,"event":{"mods":["BaseMod","Better Third Choice","Colored Powertips","Minty Spire (QoL Compilation)","Replay The Spire","StSLib","TheHeartMod","Wandering Minibosses"],"gold_per_floor":[117,133,7,21,21,21,21,21,21,40,52,63,63,77,77,181,181,200,200,275,285,304,304,315,315,366,386,386,402,502,514,514,514,514],"floor_reached":33,"language":"ENG","playtime":1944,"items_purged":[],"score":268,"play_id":"c8ce503b-9060-4327-845c-72985ef9b358","local_time":"20210113133257","is_ascension_mode":false,"campfire_choices":[{"data":"theHeart:TentacleWhip","floor":6.0,"key":"SMITH"},{"data":"theHeart:Embolism","floor":8.0,"key":"SMITH"},{"data":"theHeart:Invincibility","floor":23.0,"key":"SMITH"},{"data":"theHeart:ElementalCharge","floor":25.0,"key":"SMITH"},{"data":"theHeart:Toil","floor":28.0,"key":"SMITH"}],"circlet_count":0,"master_deck":["theHeart:BloodDrop","theHeart:Scab","theHeart:theHeartDefend","theHeart:theHeartDefend","theHeart:theHeartDefend","theHeart:theHeartDefend","theHeart:theHeartCommonAttack","theHeart:theHeartCommonAttack","theHeart:theHeartCommonAttack","theHeart:theHeartCommonAttack+1","theHeart:theHeartCommonAttack","theHeart:ArterialFlow+1","theHeart:Debilitate","theHeart:Embolism+1","theHeart:TentacleWhip+1","ReplayTheSpireMod:Restless Dread","Bandage Up","theHeart:Toil+1","theHeart:HyperCoagulation","theHeart:BloodDrop","theHeart:ArterialFlow","Normality","theHeart:Invincibility+1","theHeart:Embolism","theHeart:GrayPlatelets+1","theHeart:Hemoblastosis","theHeart:TentacleWhip","theHeart:ElementalCharge+1","theHeart:Betablocker+1","Normality","theHeart:Pacemaker","theHeart:Cleanse","theHeart:CorruptedForm","theHeart:ArterialFlow"],"relics":["Cursed Key","Singing Bowl","Onion Ring","Honey Jar","MutagenicStrength","Blue Doll","Mango","Quantum Egg"],"acts_visited":["Exordium","TheCity"],"potions_floor_usage":[33,33],"damage_taken":[{"damage":0.0,"enemies":"Cultist","floor":1.0,"turns":4.0},{"damage":0.0,"enemies":"Small Slimes","floor":2.0,"turns":3.0},{"damage":0.0,"enemies":"Jaw Worm","floor":4.0,"turns":3.0},{"damage":0.0,"enemies":"2 Fungi Beasts","floor":10.0,"turns":1.0},{"damage":0.0,"enemies":"3 Louse","floor":11.0,"turns":3.0},{"damage":16.0,"enemies":"Lots of Slimes","floor":12.0,"turns":3.0},{"damage":4.0,"enemies":"Gremlin Gang","floor":14.0,"turns":4.0},{"damage":35.0,"enemies":"Slime Boss","floor":16.0,"turns":9.0},{"damage":8.0,"enemies":"3 Byrds","floor":18.0,"turns":3.0},{"damage":0.0,"enemies":"Spheric Guardian","floor":21.0,"turns":3.0},{"damage":5.0,"enemies":"Centurion and Healer","floor":22.0,"turns":4.0},{"damage":0.0,"enemies":"Sentry and Sphere","floor":24.0,"turns":3.0},{"damage":13.0,"enemies":"Snecko","floor":27.0,"turns":4.0},{"damage":11.0,"enemies":"Centurion and Healer","floor":29.0,"turns":3.0},{"damage":19.0,"enemies":"Colosseum Slavers","floor":30.0,"turns":2.0},{"damage":0.0,"enemies":"Colosseum Nobs","floor":30.0,"turns":1.0},{"damage":23.0,"enemies":"Chosen and Byrds","floor":31.0,"turns":5.0},{"damage":91,"enemies":"Champ","floor":33,"turns":9}],"seed_played":"-7715359570253131331","potions_obtained":[{"floor":1.0,"key":"Regen Potion"},{"floor":4.0,"key":"Dexterity Potion"},{"floor":14.0,"key":"BlessingOfTheForge"},{"floor":22.0,"key":"Explosive Potion"},{"floor":29.0,"key":"SpeedPotion"},{"floor":31.0,"key":"Milkshake"}],"is_trial":false,"path_per_floor":["M","M","$","M","T","R","?","R","T","M","M","M","?","M","R","B",null,"M","?","?","M","M","R","M","R","T","M","R","M","?","M","R","B"],"character_chosen":"THE_HEART","items_purchased":["theHeart:Debilitate","theHeart:Embolism"],"campfire_rested":0,"item_purchase_floors":[3,3],"current_hp_per_floor":[75,75,75,75,75,75,75,75,75,75,77,61,61,61,77,44,79,77,77,69,69,68,68,68,68,68,61,61,50,45,26,55,0,0],"gold":514,"neow_bonus":"BOSS_RELIC","is_daily":false,"chose_seed":false,"campfire_upgraded":5,"win_rate":0.0,"timestamp":1610541177,"path_taken":["M","M","$","M","?","R","?","R","T","?","M","M","?","M","R","BOSS","M","?","?","M","M","R","?","R","T","?","R","M","?","M","R","BOSS"],"items_purchased_type":["Card","Card"],"build_version":"2020-12-22","purchased_purges":0,"victory":false,"max_hp_per_floor":[75,75,75,75,75,75,75,75,75,75,77,77,77,77,77,79,79,81,81,81,81,81,81,81,81,81,83,83,83,97,97,97,97,97],"card_choices":[{"not_picked":["theHeart:Hemorrhage","theHeart:HighDecibelBeat"],"picked":"theHeart:ArterialFlow","floor":1.0},{"not_picked":["theHeart:AntiCoagulant","theHeart:Arrhythmia","theHeart:CapillaryExchange"],"picked":"SKIP","floor":2.0},{"not_picked":["theHeart:Arrhythmia","theHeart:HastyFortification"],"picked":"theHeart:TentacleWhip","floor":4.0},{"not_picked":["theHeart:Cleanse","theHeart:PainfulStabs"],"picked":"theHeart:Invincibility","floor":10.0},{"not_picked":["theHeart:Tachycardia","theHeart:TranquilRhythm","theHeart:CapillaryExchange"],"picked":"Singing Bowl","floor":11.0},{"not_picked":["theHeart:TranquilRhythm","theHeart:ElementalCharge"],"picked":"theHeart:Embolism","floor":12.0},{"not_picked":["theHeart:HyperCoagulation","theHeart:Crush"],"picked":"theHeart:GrayPlatelets","floor":14.0},{"not_picked":["theHeart:BloodRitual","theHeart:Hemochromatosis","theHeart:TotalHeartFailure"],"picked":"Singing Bowl","floor":16.0},{"not_picked":["theHeart:Hemoblastosis","theHeart:CapillaryExchange","theHeart:ArterialFlow+1","theHeart:PainfulStabs"],"picked":"Singing Bowl","floor":18.0},{"not_picked":["theHeart:GrayPlatelets","theHeart:EndlessHatred","theHeart:CapillaryExchange+1"],"picked":"theHeart:TentacleWhip","floor":21.0},{"not_picked":["theHeart:PainfulStabs","theHeart:Tachycardia","theHeart:CapillaryExchange+1"],"picked":"theHeart:ElementalCharge","floor":22.0},{"not_picked":["theHeart:SpireGrowth","theHeart:QuantumEntanglement","theHeart:Devour"],"picked":"theHeart:Betablocker+1","floor":24.0},{"not_picked":["theHeart:CapillaryExchange+1","theHeart:PainfulStabs","theHeart:Pacemaker","theHeart:Crush"],"picked":"Singing Bowl","floor":27.0},{"not_picked":["theHeart:TranquilRhythm+1","theHeart:FattyMembrane","theHeart:Arrhythmia"],"picked":"theHeart:Cleanse","floor":29.0},{"not_picked":["theHeart:SpireGrowth","theHeart:BloodClots","theHeart:Embolism"],"picked":"theHeart:CorruptedForm","floor":30.0},{"not_picked":["theHeart:Arrhythmia+1","theHeart:TranquilRhythm","theHeart:PrecisionCut"],"picked":"theHeart:ArterialFlow","floor":31.0}],"player_experience":560749,"relics_obtained":[{"floor":5.0,"key":"Singing Bowl"},{"floor":9.0,"key":"Onion Ring"},{"floor":26.0,"key":"Blue Doll"},{"floor":30.0,"key":"Mango"},{"floor":30.0,"key":"Quantum Egg"}],"event_choices":[{"damage_healed":0.0,"max_hp_gain":0.0,"max_hp_loss":0.0,"gold_gain":0.0,"event_name":"Match and Keep!","player_choice":"5 cards matched","floor":7.0,"gold_loss":0.0,"damage_taken":0.0,"cards_obtained":["Bandage Up","theHeart:Toil","theHeart:HyperCoagulation","theHeart:BloodDrop","theHeart:ArterialFlow"]},{"damage_healed":0.0,"max_hp_gain":0.0,"max_hp_loss":0.0,"gold_gain":0.0,"event_name":"Drug Dealer","player_choice":"Inject Mutagens","floor":19.0,"gold_loss":0.0,"damage_taken":0.0,"relics_obtained":["MutagenicStrength"]},{"damage_healed":0.0,"max_hp_gain":0.0,"max_hp_loss":0.0,"gold_gain":75.0,"event_name":"FaceTrader","player_choice":"Touch","floor":20.0,"gold_loss":0.0,"damage_taken":8.0},{"damage_healed":0.0,"max_hp_gain":0.0,"max_hp_loss":0.0,"gold_gain":0.0,"event_name":"Colosseum","player_choice":"Fight","floor":30.0,"gold_loss":0.0,"damage_taken":0.0},{"damage_healed":0.0,"max_hp_gain":0.0,"max_hp_loss":0.0,"gold_gain":0.0,"event_name":"Colosseum","player_choice":"Fought Nobs","floor":30.0,"gold_loss":0.0,"damage_taken":0.0}],"is_beta":false,"boss_relics":[{"not_picked":["Replay:Grab Bag","Replay:Wanted Poster"],"picked":"Honey Jar"}],"items_purged_floors":[],"is_endless":false,"potions_floor_spawned":[1,4,14,16,22,29,31],"killed_by":"Champ","ascension_level":0}}