{"host":"r5cycnjhcbwgkpkf","time":1610511643,"event":{"mods":["2.2 Compatiblity","AchievementEnabler","BaseMod","Bestiary","Better Altar","Better Match","Better Note","Better Skull","Better Third Choice","BetterRewards","Colored Map","Colored Powertips","Downfall","Googly Eyes","Infinite Spire","Minty Spire (QoL Compilation)","Replay The Spire","Spicy Shops","StSLib"],"gold_per_floor":[112,112,187,197,197,197,197,197,221,235,278,291,291,311,311,432,432,450,450,390,165,234,234,259,282,282,282,282,301,301,335,335,335,335,483,483,539,539,8,28,45,45,67,67,90,90,90,90,90,17,42,66,66,66],"floor_reached":55,"language":"ENG","playtime":2477,"items_purged":["Strike_B","Injury"],"score":1261,"play_id":"24fd5d5f-851f-4706-ac80-12f07932aa2d","local_time":"20210112202043","is_ascension_mode":true,"campfire_choices":[{"floor":6.0,"key":"REST"},{"floor":8.0,"key":"REST"},{"floor":13.0,"key":"REST"},{"floor":15.0,"key":"REST"},{"data":"White Noise","floor":23.0,"key":"SMITH"},{"data":"Pot Of Greed","floor":30.0,"key":"SMITH"},{"data":"Defragment","floor":32.0,"key":"SMITH"},{"data":"Pot Of Greed","floor":34.0,"key":"SMITH"},{"floor":42.0,"key":"REST"},{"floor":44.0,"key":"REST"},{"floor":53,"key":"REST"}],"circlet_count":0,"master_deck":["Strike_B+1","Strike_B+1","Strike_B+1","Defend_B+1","Defend_B+1","Defend_B+1","Defend_B+1","Zap+1","Dualcast+1","Redo","BootSequence","Static Discharge+1","Defragment+1","Darkness","Self Repair","Reboot","Chill","White Noise+1","Pot Of Greed+1","Pot Of Greed+1","Melter+1","Ball Lightning","Electrodynamics","Defragment+1","Parasite","expansioncontent:ManipulateTime","Loop"],"relics":["Cracked Core","Art of War","HandDrill","Golden Idol","Ancient Tea Set","Boot","Ring of Chaos","Grinning Jar","ReplayFunnel","Solar Panel","Replay:Mystery Machine","Simple Rune","Ring of Shattering","infinitespire:EvilPickle","Velvet Choker","Runic Capacitor","TungstenRod","Strawberry"],"acts_visited":["Exordium","TheCity","TheBeyond"],"potions_floor_usage":[54,54],"damage_taken":[{"damage":10.0,"enemies":"Small Slimes","floor":1.0,"turns":2.0},{"damage":0.0,"enemies":"Jaw Worm","floor":4.0,"turns":3.0},{"damage":1.0,"enemies":"Cultist","floor":10.0,"turns":3.0},{"damage":32.0,"enemies":"Gremlin Nob","floor":11.0,"turns":4.0},{"damage":16.0,"enemies":"Exordium Wildlife","floor":12.0,"turns":4.0},{"damage":1.0,"enemies":"Looter","floor":14.0,"turns":3.0},{"damage":43.0,"enemies":"The Guardian","floor":16.0,"turns":9.0},{"damage":13.0,"enemies":"3 Byrds","floor":18.0,"turns":3.0},{"damage":0.0,"enemies":"2 Thieves","floor":20.0,"turns":4.0},{"damage":11.0,"enemies":"Centurion and Healer","floor":24.0,"turns":5.0},{"damage":15.0,"enemies":"3 Cultists","floor":25.0,"turns":4.0},{"damage":0.0,"enemies":"Sentry and Sphere","floor":29.0,"turns":3.0},{"damage":23.0,"enemies":"Gremlin Leader","floor":31.0,"turns":7.0},{"damage":46.0,"enemies":"Pondfish","floor":35.0,"turns":7.0},{"damage":0.0,"enemies":"3 Darklings","floor":37.0,"turns":2.0},{"damage":22.0,"enemies":"3 Shapes","floor":40.0,"turns":4.0},{"damage":30.0,"enemies":"Maw","floor":41.0,"turns":6.0},{"damage":25.0,"enemies":"Writhing Mass","floor":43.0,"turns":4.0},{"damage":16,"enemies":"3 Darklings","floor":51,"turns":2},{"damage":12,"enemies":"4 Shapes","floor":52,"turns":3},{"damage":32,"enemies":"Donu and Deca","floor":54,"turns":6}],"seed_played":"8974386572701039264","potions_obtained":[{"floor":4.0,"key":"SkillPotion"},{"floor":18.0,"key":"Venom Potion"},{"floor":22.0,"key":"Venom Potion"},{"floor":24.0,"key":"infinitespire:BlackPotion"},{"floor":40.0,"key":"SkillPotion"},{"floor":52,"key":"champ:CounterPotion"}],"is_trial":false,"path_per_floor":["M","?","?","M","?","R","?","R","T","M","E","M","R","M","R","B",null,"M","?","M","$","?","R","M","M","PTL","PTL","T","M","R","E","R","?","R","B",null,"M","?","$","M","M","R","M","R","T","?","PTL","PTL","?","$","M","M","R","B",null],"character_chosen":"DEFECT","items_purchased":["Art of War","Redo","HandDrill","Grinning Jar","ReplayFunnel","Runic Capacitor","TungstenRod","Loop"],"campfire_rested":7,"item_purchase_floors":[0,0,0,21,21,39,39,50],"current_hp_per_floor":[44,29,18,18,18,40,40,62,62,61,29,13,35,34,56,20,61,55,55,62,62,62,62,64,62,62,62,62,69,69,59,59,59,59,20,61,61,61,61,41,22,44,25,47,54,54,54,54,54,54,51,52,76,57],"gold":66,"neow_bonus":"","is_daily":false,"chose_seed":false,"campfire_upgraded":4,"win_rate":0.0,"timestamp":1610511643,"path_taken":["M","?","?","M","?","R","?","R","T","M","E","?","R","M","R","BOSS","M","?","M","$","?","R","M","M","PTL","PTL","T","M","R","E","R","?","R","BOSS","M","?","$","M","?","R","M","R","T","?","PTL","PTL","?","$","M","M","R","BOSS"],"items_purchased_type":["Relic","Card","Relic","Relic","Relic","Relic","Relic","Card"],"build_version":"2020-12-22","purchased_purges":2,"victory":true,"max_hp_per_floor":[75,75,75,75,75,75,75,75,75,75,75,75,75,75,75,75,75,75,75,75,75,75,75,75,75,75,75,75,75,75,75,75,75,75,75,75,75,75,75,75,75,75,75,75,82,82,82,82,82,82,82,82,82,82],"card_choices":[{"not_picked":["Barrage","Leap"],"picked":"BootSequence","floor":1.0},{"not_picked":["Redo","Double Energy"],"picked":"Static Discharge","floor":4.0},{"not_picked":["Echo Form","Sweeping Beam"],"picked":"Defragment","floor":10.0},{"not_picked":["BootSequence","Go for the Eyes","Hello World"],"picked":"SKIP","floor":11.0},{"not_picked":["Heatsinks","Turbo"],"picked":"Darkness","floor":12.0},{"not_picked":["Rebound","FTL"],"picked":"Self Repair","floor":14.0},{"not_picked":["Multi-Cast","Echo Form"],"picked":"Reboot","floor":16.0},{"not_picked":["Streamline","Auto Shields"],"picked":"Chill","floor":18.0},{"not_picked":["Static Discharge","Tempest"],"picked":"White Noise","floor":20.0},{"not_picked":["Conserve Battery","Stack"],"picked":"Melter+1","floor":22.0},{"not_picked":["Aggregate","Chill","Cold Snap+1"],"picked":"SKIP","floor":24.0},{"not_picked":["Redo","Beam Cell","Steam Power"],"picked":"SKIP","floor":25.0},{"not_picked":["Heatsinks","Sunder","Beam Cell+1"],"picked":"SKIP","floor":29.0},{"not_picked":["Self Repair+1","Leap"],"picked":"Ball Lightning","floor":31.0},{"not_picked":["Fission","Multi-Cast"],"picked":"Electrodynamics","floor":35.0},{"not_picked":["Auto Shields+1","Redo","Barrage"],"picked":"SKIP","floor":37.0},{"not_picked":["Auto Shields+1","Steam","Stack"],"picked":"SKIP","floor":40.0},{"not_picked":["Melter","Conserve Battery+1"],"picked":"Defragment+1","floor":41.0},{"not_picked":["Undo","Scrape","Compile Driver+1"],"picked":"SKIP","floor":43.0},{"not_picked":["Barrage","Gash+1","Go for the Eyes"],"picked":"SKIP","floor":51},{"not_picked":["Double Energy+1","Ball Lightning+1","Rebound"],"picked":"SKIP","floor":52}],"player_experience":419823,"relics_obtained":[{"floor":9.0,"key":"Ancient Tea Set"},{"floor":11.0,"key":"Boot"},{"floor":22.0,"key":"Solar Panel"},{"floor":28.0,"key":"Replay:Mystery Machine"},{"floor":31.0,"key":"Simple Rune"},{"floor":33.0,"key":"Ring of Shattering"},{"floor":45.0,"key":"Strawberry"}],"event_choices":[{"damage_healed":44.0,"max_hp_gain":0.0,"max_hp_loss":75.0,"gold_gain":0.0,"event_name":"betterThird:BetterShining","player_choice":"Upgrade","floor":2.0,"gold_loss":0.0,"damage_taken":15.0,"cards_upgraded":["Dualcast","Zap"]},{"damage_healed":0.0,"max_hp_gain":0.0,"max_hp_loss":0.0,"gold_gain":75.0,"event_name":"betterThird:BetterGoop","player_choice":"Gold","floor":3.0,"gold_loss":0.0,"damage_taken":11.0},{"damage_healed":0.0,"max_hp_gain":0.0,"max_hp_loss":0.0,"gold_gain":0.0,"event_name":"Golden Idol","player_choice":"Take Wound","floor":5.0,"gold_loss":0.0,"damage_taken":0.0,"relics_obtained":["Golden Idol"],"cards_obtained":["Injury"]},{"damage_healed":0.0,"max_hp_gain":0.0,"max_hp_loss":0.0,"gold_gain":0.0,"event_name":"Living Wall","player_choice":"Grow","floor":7.0,"gold_loss":0.0,"damage_taken":0.0,"cards_upgraded":["Static Discharge"]},{"damage_healed":0.0,"max_hp_gain":0.0,"max_hp_loss":7.0,"gold_gain":0.0,"event_name":"betterThird:BetterWriting","player_choice":"Simplicity","floor":19.0,"gold_loss":0.0,"damage_taken":0.0},{"damage_healed":0.0,"max_hp_gain":0.0,"max_hp_loss":0.0,"gold_gain":0.0,"event_name":"Upgrade Shrine","player_choice":"Upgraded","floor":38.0,"gold_loss":0.0,"damage_taken":0.0,"cards_upgraded":["Madness"]},{"cards_removed":["Madness"],"damage_healed":0.0,"max_hp_gain":0.0,"max_hp_loss":0.0,"gold_gain":0.0,"event_name":"Falling","player_choice":"Removed Skill","floor":46.0,"gold_loss":0.0,"damage_taken":0.0},{"damage_healed":0.0,"max_hp_gain":0.0,"max_hp_loss":0.0,"gold_gain":0.0,"cards_transformed":["Madness"],"event_name":"Transmorgrifier","player_choice":"Transformed","floor":49.0,"gold_loss":0.0,"damage_taken":0.0,"cards_obtained":["expansioncontent:ManipulateTime"]}],"is_beta":false,"boss_relics":[{"not_picked":["infinitespire:Cupcake","ChewingGum"],"picked":"Ring of Chaos"},{"not_picked":["Replay:Drink Me","Runic Dome"],"picked":"Velvet Choker"}],"items_purged_floors":[0,39],"is_endless":false,"potions_floor_spawned":[4,18,24,29,31,37,40,52],"ascension_level":9}}