{"host":"xi8yg1ddhptuxb9d","time":1610561771,"event":{"mods":["AchievementEnabler","AlwaysNeverKeys","BaseMod","Block Reminder","Minty Spire (QoL Compilation)","Relic Sorter","StSLib"],"gold_per_floor":[213,230,230,250,266,285,310,310,310,310,322,347,369,416,428,517,529,555,579,591,616,628,640,652,664,755,767,794,821,848,892,904,916,916],"floor_reached":33,"language":"ENG","playtime":1421,"items_purged":[],"score":622,"play_id":"3a35645f-14d1-4090-abb9-bce2cb426703","local_time":"20210113131611","is_ascension_mode":true,"campfire_choices":[{"floor":8.0,"key":"REST"},{"data":"Eruption","floor":11.0,"key":"SMITH"},{"floor":15.0,"key":"REST"},{"floor":23.0,"key":"REST"},{"floor":25.0,"key":"REST"},{"data":"Vault","floor":27.0,"key":"SMITH"},{"floor":32,"key":"REST"}],"circlet_count":0,"master_deck":["AscendersBane","Strike_P+1","Strike_P+1","Strike_P+1","Defend_P+1","Defend_P+1","Defend_P+1","Defend_P+1","Eruption+1","Vigilance","ReachHeaven","ClearTheMind","BowlingBash","Crescendo","Conclude","CutThroughFate","DeceiveReality","Vault+1","InnerPeace+1","Protect","BattleHymn+1"],"relics":["PureWater","Whetstone","TeardropLocket","MawBank","Thread and Needle","SacredBark","Enchiridion","Frozen Egg 2","Red Mask"],"acts_visited":["Exordium","TheCity"],"potions_floor_usage":[31,33],"damage_taken":[{"damage":10.0,"enemies":"Small Slimes","floor":1.0,"turns":5.0},{"damage":0.0,"enemies":"Cultist","floor":2.0,"turns":2.0},{"damage":4.0,"enemies":"Jaw Worm","floor":4.0,"turns":3.0},{"damage":4.0,"enemies":"Red Slaver","floor":5.0,"turns":3.0},{"damage":6.0,"enemies":"Large Slime","floor":6.0,"turns":5.0},{"damage":12.0,"enemies":"Gremlin Nob","floor":7.0,"turns":3.0},{"damage":12.0,"enemies":"Exordium Wildlife","floor":12.0,"turns":5.0},{"damage":7.0,"enemies":"Looter","floor":13.0,"turns":2.0},{"damage":10.0,"enemies":"Lagavulin","floor":14.0,"turns":3.0},{"damage":0.0,"enemies":"Slime Boss","floor":16.0,"turns":4.0},{"damage":18.0,"enemies":"Spheric Guardian","floor":18.0,"turns":3.0},{"damage":13.0,"enemies":"2 Thieves","floor":19.0,"turns":4.0},{"damage":15.0,"enemies":"Cultist and Chosen","floor":21.0,"turns":5.0},{"damage":15.0,"enemies":"Centurion and Healer","floor":28.0,"turns":4.0},{"damage":8.0,"enemies":"Chosen and Byrds","floor":29.0,"turns":6.0},{"damage":2.0,"enemies":"3 Cultists","floor":30.0,"turns":5.0},{"damage":0,"enemies":"Masked Bandits","floor":31,"turns":4},{"damage":93,"enemies":"Automaton","floor":33,"turns":7}],"seed_played":"7799983289637805542","potions_obtained":[{"floor":1.0,"key":"Weak Potion"},{"floor":5.0,"key":"PowerPotion"},{"floor":14.0,"key":"SteroidPotion"},{"floor":28.0,"key":"LiquidMemories"},{"floor":29.0,"key":"Block Potion"},{"floor":30.0,"key":"DuplicationPotion"}],"is_trial":false,"path_per_floor":["M","M","?","M","M","M","E","R","T","?","R","M","M","E","R","B",null,"M","M","?","M","?","R","?","R","T","R","M","M","M","?","R","B"],"character_chosen":"WATCHER","items_purchased":[],"campfire_rested":5,"item_purchase_floors":[],"current_hp_per_floor":[51,51,51,47,43,37,25,45,45,45,45,33,26,16,36,36,60,42,29,29,14,14,34,13,33,33,33,18,10,8,8,28,0,0],"gold":916,"neow_bonus":"HUNDRED_GOLD","is_daily":false,"chose_seed":false,"campfire_upgraded":2,"win_rate":0.0,"timestamp":1610561771,"path_taken":["M","M","?","?","M","M","E","R","T","?","R","M","M","E","R","BOSS","M","M","?","M","?","R","?","R","T","R","?","M","M","?","R","BOSS"],"items_purchased_type":[],"build_version":"2020-12-22","purchased_purges":0,"victory":false,"max_hp_per_floor":[68,68,68,68,68,68,68,68,68,68,68,68,68,68,68,68,68,68,68,68,68,68,68,68,68,68,68,68,68,68,68,68,68,68],"card_choices":[{"not_picked":["ForeignInfluence","PathToVictory"],"picked":"ReachHeaven","floor":1.0},{"not_picked":["SignatureMove","SashWhip"],"picked":"ClearTheMind","floor":2.0},{"not_picked":["ClearTheMind","Halt"],"picked":"Evaluate","floor":4.0},{"not_picked":["ReachHeaven","Weave"],"picked":"BowlingBash","floor":5.0},{"not_picked":["CrushJoints","Halt","FlurryOfBlows"],"picked":"SKIP","floor":6.0},{"not_picked":["Wireheading","ClearTheMind"],"picked":"Crescendo","floor":7.0},{"not_picked":["ClearTheMind","ForeignInfluence"],"picked":"Conclude","floor":12.0},{"not_picked":["WheelKick","BattleHymn"],"picked":"CutThroughFate","floor":13.0},{"not_picked":["BattleHymn","Conclude"],"picked":"DeceiveReality","floor":14.0},{"not_picked":["DeusExMachina","ConjureBlade"],"picked":"Vault","floor":16.0},{"not_picked":["SashWhip","Fasting2","Weave"],"picked":"SKIP","floor":18.0},{"not_picked":["EmptyBody","ClearTheMind"],"picked":"InnerPeace+1","floor":19.0},{"not_picked":["Weave","FollowUp","PathToVictory"],"picked":"SKIP","floor":21.0},{"not_picked":["Prostrate","Pray"],"picked":"Protect","floor":28.0},{"not_picked":["Conclude","JustLucky"],"picked":"BattleHymn+1","floor":29.0},{"not_picked":["FollowUp","PathToVictory","Ragnarok"],"picked":"SKIP","floor":30.0}],"player_experience":637553,"relics_obtained":[{"floor":7.0,"key":"Whetstone"},{"floor":9.0,"key":"TeardropLocket"},{"floor":14.0,"key":"Thread and Needle"},{"floor":24.0,"key":"Enchiridion"},{"floor":26.0,"key":"Frozen Egg 2"},{"floor":31,"key":"Red Mask"}],"event_choices":[{"cards_removed":["Strike_P"],"damage_healed":0.0,"max_hp_gain":0.0,"max_hp_loss":0.0,"gold_gain":0.0,"event_name":"Bonfire Elementals","player_choice":"Offered Basic","floor":3.0,"gold_loss":0.0,"damage_taken":0.0},{"cards_removed":["Evaluate"],"damage_healed":0.0,"max_hp_gain":0.0,"max_hp_loss":0.0,"gold_gain":0.0,"event_name":"WeMeetAgain","player_choice":"Gave Card","floor":10.0,"gold_loss":0.0,"damage_taken":0.0,"relics_obtained":["MawBank"]},{"damage_healed":0.0,"max_hp_gain":0.0,"max_hp_loss":0.0,"gold_gain":0.0,"event_name":"The Mausoleum","player_choice":"Ignored","floor":20.0,"gold_loss":0.0,"damage_taken":0.0},{"damage_healed":0.0,"max_hp_gain":0.0,"max_hp_loss":0.0,"gold_gain":0.0,"event_name":"Back to Basics","player_choice":"Simplicity","floor":22.0,"gold_loss":0.0,"damage_taken":0.0,"cards_upgraded":["Strike_P","Defend_P","Defend_P","Defend_P","Defend_P"]},{"damage_healed":0.0,"max_hp_gain":0.0,"max_hp_loss":0.0,"gold_gain":0.0,"event_name":"Cursed Tome","player_choice":"Obtained Book","floor":24.0,"gold_loss":0.0,"damage_taken":21.0},{"damage_healed":0,"gold_gain":0,"player_choice":"Fought Bandits","damage_taken":0,"max_hp_gain":0,"max_hp_loss":0,"event_name":"Masked Bandits","floor":31,"gold_loss":0}],"is_beta":false,"boss_relics":[{"not_picked":["Velvet Choker","Coffee Dripper"],"picked":"SacredBark"}],"items_purged_floors":[],"is_endless":false,"potions_floor_spawned":[1,5,6,14,28,29,30],"killed_by":"Automaton","ascension_level":20}}