{"host":"by3dnjj711vo194a","time":1610528796,"event":{"mods":["2.2 Compatiblity","AchievementEnabler","BaseMod","Colored Map","DeckTracker","KOR Keyword Fix","Keyboard Shortcuts","Minty Spire (QoL Compilation)","Permanent Neow","Quick Restart","StSLib","SuperFastMode","everything is the same but u backflip on backflip"],"gold_per_floor":[114,189,204,204,223,223,242,261,261,136,136,155,174,193,193,318,318,337,356,270,289,204,242,242,280,289,289,289,308,327,252,252,395,458,477,496,515,199,199,149,149,149,208,227,246,255,274,293,302,311],"floor_reached":51,"language":"KOR","playtime":1088,"items_purged":["Parasite","Strike_P","Injury"],"score":960,"play_id":"7223307c-ef5c-47e4-a225-05ba53005a1a","local_time":"20210113180636","daily_mods":["Cursed Run","Vintage","Lethality"],"is_ascension_mode":false,"campfire_choices":[{"data":"Eruption","floor":6.0,"key":"SMITH"},{"floor":11.0,"key":"REST"},{"data":"Vigilance","floor":15.0,"key":"SMITH"},{"data":"Ragnarok","floor":24.0,"key":"SMITH"},{"data":"MentalFortress","floor":27.0,"key":"SMITH"},{"floor":32.0,"key":"REST"},{"data":"Vault","floor":41.0,"key":"SMITH"},{"floor":46.0,"key":"REST"},{"floor":49,"key":"REST"}],"circlet_count":0,"master_deck":["Strike_P","Strike_P","Defend_P+1","Defend_P+1","Eruption+1","Vigilance+1","Ragnarok+1","MentalFortress+1","Vault+1","Prostrate","Parasite","CrushJoints","ThirdEye+1","Doubt"],"relics":["Cursed Key","Darkstone Periapt","Du-Vu Doll","Pen Nib","Happy Flower","Golden Idol","PreservedInsect","Potion Belt","Meat on the Bone","White Beast Statue","Orichalcum","Question Card","Smiling Mask","Empty Cage","War Paint","Blue Candle","Pantograph","Blood Vial","CeramicFish","Centennial Puzzle","Gremlin Horn","Bronze Scales","Juzu Bracelet","Tiny House","Dream Catcher","Bag of Marbles","InkBottle","FossilizedHelix","Akabeko","Toxic Egg 2","Ginger","The Courier","Vajra"],"acts_visited":["Exordium","TheCity","TheBeyond"],"potions_floor_usage":[50,50,50,50],"damage_taken":[{"damage":0.0,"enemies":"Cultist","floor":1.0,"turns":2.0},{"damage":0.0,"enemies":"Jaw Worm","floor":3.0,"turns":2.0},{"damage":0.0,"enemies":"2 Louse","floor":5.0,"turns":1.0},{"damage":0.0,"enemies":"Exordium Thugs","floor":7.0,"turns":3.0},{"damage":8.0,"enemies":"Exordium Wildlife","floor":8.0,"turns":3.0},{"damage":0.0,"enemies":"Looter","floor":12.0,"turns":1.0},{"damage":0.0,"enemies":"Large Slime","floor":13.0,"turns":3.0},{"damage":3.0,"enemies":"Red Slaver","floor":14.0,"turns":2.0},{"damage":0.0,"enemies":"Slime Boss","floor":16.0,"turns":4.0},{"damage":0.0,"enemies":"Shell Parasite","floor":18.0,"turns":1.0},{"damage":0.0,"enemies":"Spheric Guardian","floor":19.0,"turns":2.0},{"damage":0.0,"enemies":"Snecko","floor":21.0,"turns":2.0},{"damage":0.0,"enemies":"Slavers","floor":23.0,"turns":1.0},{"damage":14.0,"enemies":"Gremlin Leader","floor":25.0,"turns":3.0},{"damage":9.0,"enemies":"Snake Plant","floor":29.0,"turns":2.0},{"damage":0.0,"enemies":"Centurion and Healer","floor":30.0,"turns":2.0},{"damage":23.0,"enemies":"Collector","floor":33.0,"turns":3.0},{"damage":13.0,"enemies":"Orb Walker","floor":35.0,"turns":3.0},{"damage":12.0,"enemies":"3 Darklings","floor":36.0,"turns":4.0},{"damage":0.0,"enemies":"Writhing Mass","floor":37.0,"turns":4.0},{"damage":0.0,"enemies":"Jaw Worm Horde","floor":44.0,"turns":1.0},{"damage":0.0,"enemies":"Maw","floor":45.0,"turns":3.0},{"damage":54.0,"enemies":"3 Darklings","floor":47.0,"turns":3.0},{"damage":0,"enemies":"Writhing Mass","floor":48,"turns":1},{"damage":22,"enemies":"Donu and Deca","floor":50,"turns":5}],"seed_played":"-4624312993155624390","potions_obtained":[{"floor":3.0,"key":"Ambrosia"},{"floor":5.0,"key":"Fire Potion"},{"floor":7.0,"key":"LiquidBronze"},{"floor":12.0,"key":"PowerPotion"},{"floor":16.0,"key":"Strength Potion"},{"floor":18.0,"key":"Ancient Potion"},{"floor":19.0,"key":"Weak Potion"},{"floor":21.0,"key":"PowerPotion"},{"floor":23.0,"key":"AttackPotion"},{"floor":25.0,"key":"Strength Potion"},{"floor":29.0,"key":"BottledMiracle"},{"floor":33.0,"key":"BlessingOfTheForge"},{"floor":37.0,"key":"Explosive Potion"},{"floor":44.0,"key":"Dexterity Potion"}],"is_trial":false,"path_per_floor":["M","?","M","?","M","R","M","M","T","$","R","M","M","M","R","B",null,"M","M","$","M","?","E","R","E","T","R","?","M","M","?","R","B",null,"M","M","M","$","?","$","R","?","T","M","M","R","M","M","R","B",null],"character_chosen":"WATCHER","items_purchased":["PowerPotion","MentalFortress","FossilizedHelix","Prostrate"],"campfire_rested":4,"item_purchase_floors":[10,20,38,38],"current_hp_per_floor":[72,61,61,43,43,43,43,35,41,41,63,63,63,60,60,66,78,78,78,78,78,78,78,78,64,70,70,70,63,65,65,84,67,95,82,72,74,74,74,74,74,74,80,82,84,96,54,56,84,80],"gold":311,"neow_bonus":"","is_daily":true,"chose_seed":false,"campfire_upgraded":5,"win_rate":0.0,"timestamp":1610528796,"path_taken":["M","?","M","?","M","R","M","M","T","?","R","M","M","M","R","BOSS","M","M","$","M","?","E","R","E","T","R","?","?","M","?","R","BOSS","M","M","M","$","?","$","R","?","T","M","M","R","M","M","R","BOSS"],"items_purchased_type":["Potion","Card","Relic","Card"],"build_version":"2020-12-22","purchased_purges":3,"victory":true,"max_hp_per_floor":[72,72,72,72,72,72,72,72,78,75,75,75,75,75,75,81,78,78,78,78,78,78,78,78,78,84,84,84,84,84,84,84,90,95,95,95,95,95,90,90,90,90,96,96,96,96,96,96,96,102],"card_choices":[{"not_picked":["DevaForm","Omniscience","Brilliance"],"picked":"Ragnarok","floor":16.0},{"not_picked":["Protect+1","JustLucky","EmptyFist+1","BowlingBash"],"picked":"SKIP","floor":23.0},{"not_picked":["LikeWater","EmptyMind","SashWhip+1","Collect"],"picked":"SKIP","floor":25.0},{"not_picked":["Establishment","Judgement","MasterReality"],"picked":"Vault","floor":33.0},{"not_picked":["CutThroughFate","ThirdEye+1","ForeignInfluence+1"],"picked":"CrushJoints","floor":46.0},{"not_picked":["Collect+1","SashWhip","Protect+1"],"picked":"ThirdEye+1","floor":49}],"player_experience":156109,"relics_obtained":[{"floor":1.0,"key":"Pen Nib"},{"floor":3.0,"key":"Happy Flower"},{"floor":5.0,"key":"PreservedInsect"},{"floor":7.0,"key":"Potion Belt"},{"floor":8.0,"key":"Meat on the Bone"},{"floor":9.0,"key":"White Beast Statue"},{"floor":12.0,"key":"Orichalcum"},{"floor":13.0,"key":"Question Card"},{"floor":14.0,"key":"Smiling Mask"},{"floor":18.0,"key":"War Paint"},{"floor":19.0,"key":"Blue Candle"},{"floor":21.0,"key":"Pantograph"},{"floor":23.0,"key":"CeramicFish"},{"floor":25.0,"key":"Centennial Puzzle"},{"floor":26.0,"key":"Gremlin Horn"},{"floor":29.0,"key":"Bronze Scales"},{"floor":30.0,"key":"Juzu Bracelet"},{"floor":35.0,"key":"Dream Catcher"},{"floor":36.0,"key":"Bag of Marbles"},{"floor":37.0,"key":"InkBottle"},{"floor":43.0,"key":"Akabeko"},{"floor":44.0,"key":"Toxic Egg 2"},{"floor":45.0,"key":"Ginger"},{"floor":47.0,"key":"The Courier"},{"floor":48,"key":"Vajra"}],"event_choices":[{"damage_healed":0.0,"max_hp_gain":0.0,"max_hp_loss":0.0,"gold_gain":75.0,"event_name":"World of Goop","player_choice":"Gather Gold","floor":2.0,"gold_loss":0.0,"damage_taken":11.0},{"damage_healed":0.0,"max_hp_gain":0.0,"max_hp_loss":0.0,"gold_gain":0.0,"event_name":"Golden Idol","player_choice":"Take Damage","floor":4.0,"gold_loss":0.0,"damage_taken":18.0,"relics_obtained":["Golden Idol"]},{"damage_healed":0.0,"max_hp_gain":0.0,"max_hp_loss":0.0,"gold_gain":0.0,"event_name":"Addict","player_choice":"Obtained Relic","floor":22.0,"gold_loss":85.0,"damage_taken":0.0,"relics_obtained":["Blood Vial"]},{"cards_removed":["Clumsy"],"damage_healed":0.0,"max_hp_gain":0.0,"max_hp_loss":0.0,"gold_gain":0.0,"event_name":"Fountain of Cleansing","player_choice":"Removed Curses","floor":28.0,"gold_loss":0.0,"damage_taken":0.0},{"cards_removed":["Strike_P"],"damage_healed":0.0,"max_hp_gain":0.0,"max_hp_loss":0.0,"gold_gain":0.0,"event_name":"Beggar","player_choice":"Gave Gold","floor":31.0,"gold_loss":75.0,"damage_taken":0.0},{"damage_healed":0.0,"max_hp_gain":0.0,"max_hp_loss":5.0,"gold_gain":0.0,"event_name":"Winding Halls","player_choice":"Max HP","floor":39.0,"gold_loss":0.0,"damage_taken":0.0},{"cards_removed":["Defend_P"],"damage_healed":0.0,"max_hp_gain":0.0,"max_hp_loss":0.0,"gold_gain":0.0,"event_name":"Purifier","player_choice":"Purged","floor":42.0,"gold_loss":0.0,"damage_taken":0.0}],"is_beta":false,"boss_relics":[{"not_picked":["SacredBark","Ectoplasm"],"picked":"Empty Cage"},{"not_picked":["Black Star","Velvet Choker"],"picked":"Tiny House"}],"items_purged_floors":[10,20,40],"is_endless":false,"potions_floor_spawned":[3,5,7,12,13,14,16,18,19,21,23,25,29,30,33,35,36,37,44,45,47,48],"ascension_level":0}}