{"host":"19oeygk4edom25m1","time":1610504309,"event":{"mods":["2.2 Compatiblity","BaseMod","Better Note","Better Third Choice","Colored Map","Colored Powertips","Curses Come First","Dark Map","Downfall","Hermit","Highlight Path","Hubris","Infinite Spire","Minty Spire (QoL Compilation)","Rare Cards Sparkle","Replay The Spire","Shop Mod","StSLib","The Jungle","The Marked","The Mystic"],"gold_per_floor":[113,113,125,125,143,143,173,27,98,113,113,132,132,150,150,250,250,270,270,281,281,294,294,376,376,401,411,85,100,118,129,129,234,234,249,299,299,310,310,310,328,328,355,355,365,47,82,5,5,55,55],"floor_reached":50,"language":"PTB","playtime":10340,"items_purged":[],"score":519,"play_id":"00416926-5332-4963-beb6-a65e352b95fe","local_time":"20210113001829","is_ascension_mode":false,"campfire_choices":[{"data":"Hyperbeam","floor":6,"key":"SMITH"},{"floor":13,"key":"REST"},{"floor":15,"key":"REST"},{"floor":23,"key":"REST"},{"data":"infinitespire:Collect","floor":25,"key":"SMITH"},{"data":"Auto Shields","floor":32,"key":"SMITH"},{"floor":40,"key":"REST"},{"data":"ReplayTheSpireMod:Book of Names","floor":42,"key":"SMITH"},{"data":"infinitespire:Menacing","floor":44,"key":"SMITH"},{"floor":49,"key":"REST"}],"circlet_count":0,"master_deck":["Zap","Dualcast","Hyperbeam+1","Beam Cell","Compile Driver+1","Conserve Battery","Streamline","Auto Shields+1","ReplayTheSpireMod:Book of Names+1","Steam","Rainbow","Coolheaded","Skim+1","infinitespire:Collect+1","Self Repair","Leap+1","Echo Form+1","Loop","Ball Lightning","hubris:PowerSurge","BootSequence","Machine Learning","Leap+1","Cold Snap+1","Chill","Static Discharge+1","ReplayTheSpireMod:Repulse","Reboot","Chaos","Hyperbeam","Skim","hubris:Ukulele","infinitespire:Menacing+1","Rebound+1","Streamline","Capacitor","Genetic Algorithm+1","Enlightenment","ReplaySort","Turbo+1","BootSequence"],"relics":["Cracked Core","infinitespire:Lucky Rock","PreservedInsect","hubris:MobiusCoin","Honey Jar","Du-Vu Doll","Gremlin Food","Pet Ghost","infinitespire:CursedDice","hubris:ScarierMask","FossilizedHelix","WingedGreaves","Pandora\u0027s Box","Replay:Antivirus Software","ReplayTheSpireMod:TigerMarble","hubris:ToyBattleship"],"acts_visited":["Exordium","TheCity","TheBeyond"],"potions_floor_usage":[50,50,50,50],"damage_taken":[{"damage":1,"enemies":"Jaw Worm","floor":1,"turns":4},{"damage":1,"enemies":"Cultist","floor":3,"turns":3},{"damage":0,"enemies":"2 Louse","floor":5,"turns":1},{"damage":5,"enemies":"Replay:BlueRogue","floor":7,"turns":5},{"damage":9,"enemies":"2 Fungi Beasts","floor":10,"turns":3},{"damage":0,"enemies":"Blue Slaver","floor":12,"turns":3},{"damage":4,"enemies":"Exordium Thugs","floor":14,"turns":4},{"damage":26,"enemies":"The Guardian","floor":16,"turns":8},{"damage":9,"enemies":"3 Byrds","floor":18,"turns":4},{"damage":0,"enemies":"Spheric Guardian","floor":20,"turns":3},{"damage":12,"enemies":"Snecko","floor":22,"turns":5},{"damage":2,"enemies":"Replay:Snechameleon","floor":24,"turns":4},{"damage":28,"enemies":"Snake Plant","floor":27,"turns":3},{"damage":8,"enemies":"Centurion and Healer","floor":29,"turns":5},{"damage":0,"enemies":"Snecko","floor":30,"turns":4},{"damage":0,"enemies":"3 Cultists","floor":31,"turns":4},{"damage":36,"enemies":"Collector","floor":33,"turns":7},{"damage":0,"enemies":"3 Darklings","floor":35,"turns":3},{"damage":23,"enemies":"Mind Bloom Boss Battle","floor":36,"turns":7},{"damage":0,"enemies":"Orb Walker","floor":38,"turns":3},{"damage":3,"enemies":"4 Shapes","floor":41,"turns":3},{"damage":21,"enemies":"Transient","floor":45,"turns":5},{"damage":29,"enemies":"Reptomancer","floor":47,"turns":6},{"damage":49,"enemies":"Time Eater","floor":50,"turns":19}],"seed_played":"-2262212697383198586","potions_obtained":[{"floor":2,"key":"BlessingOfTheForge"},{"floor":2,"key":"CultistPotion"},{"floor":2,"key":"Elixir"},{"floor":12,"key":"DistilledChaos"},{"floor":24,"key":"Adrenaline Potion"},{"floor":27,"key":"Block Potion"},{"floor":30,"key":"FearPotion"},{"floor":38,"key":"LiquidMemories"},{"floor":41,"key":"Dexterity Potion"},{"floor":47,"key":"DuplicationPotion"}],"is_trial":false,"path_per_floor":["M","?","M","?","M","R","E","$","T","M","?","M","R","M","R","B",null,"M","?","M","AVR","M","R","E","R","T","M","$","M","M","M","R","B",null,"M","?","AVR","M","?","R","M","R","T","R","M","$","E","$","R","B"],"character_chosen":"DEFECT","items_purchased":["PreservedInsect","infinitespire:CursedDice","Loop","ReplayTheSpireMod:TigerMarble","Enlightenment","ReplaySort","BootSequence"],"campfire_rested":5,"item_purchase_floors":[8,28,28,46,46,46,48],"current_hp_per_floor":[67,67,66,66,66,66,61,61,61,52,34,34,54,50,68,42,68,59,59,59,59,47,67,68,68,68,47,47,46,60,67,67,38,68,68,52,52,52,52,68,65,65,65,65,44,44,22,22,42,0,0],"gold":55,"neow_bonus":"THREE_RARE_CARDS","is_daily":false,"chose_seed":false,"campfire_upgraded":5,"win_rate":0.0,"timestamp":1610504309,"path_taken":["M","?","?","?","M","R","E","$","T","M","?","M","R","M","R","BOSS","M","?","M","AVR","M","R","E","R","T","M","?","?","M","M","R","BOSS","M","?","AVR","M","?","R","?","R","T","R","M","$","E","$","R","BOSS"],"items_purchased_type":["Relic","Relic","Card","Relic","Card","Card","Card"],"build_version":"2020-12-22","purchased_purges":0,"victory":false,"max_hp_per_floor":[68,68,68,68,68,68,68,68,68,68,68,68,68,68,68,68,68,68,68,68,68,68,68,68,68,68,68,68,68,68,68,68,68,68,68,68,68,68,68,68,68,68,68,68,68,68,68,68,68,68,68],"card_choices":[{"not_picked":["Electrodynamics","hubris:Prefetch"],"picked":"Hyperbeam","floor":0},{"not_picked":["Storm","Reprogram"],"picked":"Beam Cell","floor":1},{"not_picked":["Panic Button","Rebound"],"picked":"Turbo","floor":3},{"not_picked":["Compile Driver","Blizzard"],"picked":"Conserve Battery","floor":5},{"not_picked":["Redo","BasicCrystalCard"],"picked":"Streamline","floor":7},{"not_picked":["Sunder","Coolheaded"],"picked":"Auto Shields","floor":10},{"not_picked":["infinitespire:TheBestDefense","infinitespire:SevenWalls"],"picked":"ReplayTheSpireMod:Book of Names","floor":11},{"not_picked":["Thunder Strike","Compile Driver"],"picked":"Gash","floor":12},{"not_picked":["Redo","Compile Driver"],"picked":"Steam","floor":14},{"not_picked":["Creative AI","Multi-Cast"],"picked":"Rainbow","floor":16},{"not_picked":["ReplayTheSpireMod:Reroute Power","FIFO Queue","Fusion"],"picked":"Coolheaded","floor":18},{"not_picked":["ReplayTheSpireMod:Repulse","Hello World","Barrage"],"picked":"Skim+1","floor":20},{"not_picked":["Rebound","Crystallizer+1","Genetic Algorithm"],"picked":"Self Repair","floor":22},{"not_picked":["Compile Driver","BasicCrystalCard","Coolheaded"],"picked":"Leap+1","floor":24},{"not_picked":["Capacitor","Rebound","Cold Snap"],"picked":"Echo Form","floor":27},{"not_picked":["Gash+1","Barrage","ReplayTheSpireMod:Repulse"],"picked":"Ball Lightning","floor":29},{"not_picked":["Sweeping Beam","Lockon","Darkness"],"picked":"hubris:PowerSurge","floor":30},{"not_picked":["Darkness","Chaos+1","Crystallizer+1"],"picked":"BootSequence","floor":31},{"not_picked":["Multi-Cast","Thunder Strike","Meteor Strike"],"picked":"Machine Learning","floor":33},{"not_picked":["ReplayTheSpireMod:GoodbyeWorld","Gash+1","Ball Lightning"],"picked":"Leap+1","floor":35},{"not_picked":["Leap","Stack","Gash+1"],"picked":"Cold Snap+1","floor":36},{"not_picked":["Gash+1","Stack+1","Beam Cell+1"],"picked":"Rebound+1","floor":38},{"not_picked":["Beam Cell+1","Hologram","ReplayTheSpireMod:Calculation Training+1"],"picked":"Capacitor","floor":41},{"not_picked":["Streamline+1","Rebound+1","Capacitor+1"],"picked":"Genetic Algorithm+1","floor":45},{"not_picked":["Sweeping Beam","All For One","BasicCrystalCard+1"],"picked":"Turbo+1","floor":47}],"player_experience":288223,"relics_obtained":[{"floor":7,"key":"infinitespire:Lucky Rock"},{"floor":9,"key":"hubris:MobiusCoin"},{"floor":24,"key":"Gremlin Food"},{"floor":26,"key":"Pet Ghost"},{"floor":36,"key":"FossilizedHelix"},{"floor":43,"key":"Replay:Antivirus Software"},{"floor":47,"key":"hubris:ToyBattleship"}],"event_choices":[{"damage_healed":0,"gold_gain":0,"player_choice":"Got Potions","damage_taken":0,"max_hp_gain":0,"max_hp_loss":0,"event_name":"Lab","floor":2,"gold_loss":0},{"cards_removed":["Defend_B"],"damage_healed":0,"gold_gain":0,"player_choice":"Give","damage_taken":0,"max_hp_gain":0,"max_hp_loss":0,"event_name":"betterNote:BetterNote","floor":19,"gold_loss":0,"cards_obtained":["Defend_B"]},{"damage_healed":0,"gold_gain":0,"player_choice":"Fight","damage_taken":0,"max_hp_gain":0,"max_hp_loss":0,"event_name":"MindBloom","floor":36,"gold_loss":0},{"damage_healed":0,"gold_gain":0,"cards_transformed":["Gash"],"player_choice":"Transformed","damage_taken":0,"max_hp_gain":0,"max_hp_loss":0,"event_name":"Transmorgrifier","floor":39,"gold_loss":0,"cards_obtained":["Streamline"]}],"is_beta":false,"boss_relics":[{"not_picked":["hubris:Stopwatch","Runic Pyramid"],"picked":"Honey Jar"},{"not_picked":["Coffee Dripper","Cursed Key"],"picked":"hubris:ScarierMask"}],"items_purged_floors":[],"is_endless":false,"potions_floor_spawned":[5,7,12,16,24,27,30,38,41,47],"killed_by":"Time Eater","ascension_level":0}}