{"host":"fkig9nrckec4xsh0","time":1610506932,"event":{"mods":["BaseMod","Colored Map","Minty Spire (QoL Compilation)","Quick Restart","Replay The Spire","StSLib"],"gold_per_floor":[33,65,65,100,111,111,143,167,190,190,44,44,104,131,131,228,228,240,260,260,260,273,198,198,198],"floor_reached":24,"language":"ENG","playtime":1116,"items_purged":[],"score":289,"play_id":"73b45e3b-65d8-4c63-8c29-8508c3d9138e","local_time":"20210112220212","is_ascension_mode":true,"campfire_choices":[{"data":"HandOfGreed","floor":6,"key":"SMITH"},{"floor":10,"key":"REST"},{"data":"Deadly Poison","floor":12,"key":"SMITH"},{"floor":15,"key":"REST"}],"circlet_count":0,"master_deck":["Strike_G","Strike_G","Strike_G","Strike_G","Strike_G","Defend_G","Defend_G","Defend_G","Defend_G","Defend_G","Survivor","Neutralize","HandOfGreed+1","Flying Knee","Corpse Explosion","Deadly Poison+1","Flying Knee","PiercingWail","Crippling Poison","Bullet Time","Burst","Backflip","Noxious Fumes+1","Venomology"],"relics":["Ring of the Serpent","Pen Nib","Odd Mushroom","Snake Skull","Nloth\u0027s Gift","Replay:Kaleidoscope"],"acts_visited":["Exordium","TheCity"],"potions_floor_usage":[14,16,22,23,23,24],"damage_taken":[{"damage":2,"enemies":"Jaw Worm","floor":1,"turns":3},{"damage":0,"enemies":"Cultist","floor":2,"turns":4},{"damage":13,"enemies":"Small Slimes","floor":4,"turns":2},{"damage":7,"enemies":"Blue Slaver","floor":5,"turns":4},{"damage":22,"enemies":"Gremlin Nob","floor":7,"turns":4},{"damage":8,"enemies":"The Mushroom Lair","floor":8,"turns":2},{"damage":10,"enemies":"Gremlin Gang","floor":13,"turns":9},{"damage":20,"enemies":"Lagavulin","floor":14,"turns":5},{"damage":20,"enemies":"The Guardian","floor":16,"turns":7},{"damage":18,"enemies":"Shell Parasite","floor":18,"turns":5},{"damage":8,"enemies":"2 Thieves","floor":19,"turns":3},{"damage":24,"enemies":"Snake Plant","floor":22,"turns":4},{"damage":19,"enemies":"Gremlin Leader","floor":23,"turns":7},{"damage":30,"enemies":"Chosen and Byrds","floor":24,"turns":4}],"seed_played":"-4954993835195611384","potions_obtained":[{"floor":5,"key":"Regen Potion"},{"floor":8,"key":"Energy Potion"},{"floor":13,"key":"Fire Potion"},{"floor":14,"key":"DistilledChaos"},{"floor":16,"key":"Flashbang"},{"floor":18,"key":"SkillPotion"},{"floor":19,"key":"Cursed Concoction"}],"is_trial":false,"path_per_floor":["M","M","?","M","M","R","E","?","T","R","$","R","M","E","R","B",null,"M","M","?","?","M","E","M"],"character_chosen":"THE_SILENT","items_purchased":["Happy Flower"],"campfire_rested":2,"item_purchase_floors":[11],"current_hp_per_floor":[68,68,68,55,48,48,26,18,18,39,39,39,29,9,30,10,70,52,44,44,44,20,16,0,0],"gold":198,"neow_bonus":"RANDOM_COLORLESS_2","is_daily":false,"chose_seed":false,"campfire_upgraded":2,"win_rate":0.0,"timestamp":1610506932,"path_taken":["M","M","?","?","M","R","E","?","T","R","$","R","M","E","R","BOSS","M","M","?","?","M","E","?"],"items_purchased_type":["Relic"],"build_version":"2020-12-22","purchased_purges":0,"victory":false,"max_hp_per_floor":[70,70,70,70,70,70,70,70,70,70,70,70,70,70,70,70,70,70,70,70,70,70,70,70,70],"card_choices":[{"not_picked":["The Bomb","Mayhem"],"picked":"HandOfGreed","floor":0},{"not_picked":["Flechettes","Draining Mist"],"picked":"Flying Knee","floor":1},{"not_picked":["Prepared","Quick Slash","Blur"],"picked":"SKIP","floor":2},{"not_picked":["Heel Hook","Underhanded Strike","Outmaneuver"],"picked":"SKIP","floor":4},{"not_picked":["Poisoned Stab","Blur"],"picked":"Deadly Poison","floor":5},{"not_picked":["Dodge and Roll","Distraction"],"picked":"Flying Knee","floor":7},{"not_picked":["Prepared","Eviscerate"],"picked":"PiercingWail","floor":8},{"not_picked":["Prepared","Quick Slash"],"picked":"Crippling Poison","floor":13},{"not_picked":["Distraction","Underhanded Strike"],"picked":"Bullet Time","floor":14},{"not_picked":["Tools of the Trade","Malaise"],"picked":"Burst","floor":16},{"not_picked":["Blade Dance+1","Underhanded Strike"],"picked":"Backflip","floor":18},{"not_picked":["Fluid Movement","Heel Hook","ReplayTheSpireMod:Scrap Shanks"],"picked":"SKIP","floor":19},{"not_picked":["Prepared","Escape Plan"],"picked":"Noxious Fumes+1","floor":22},{"not_picked":["Blade Dance","ReplayTheSpireMod:Shiv Toss"],"picked":"Venomology","floor":23}],"player_experience":299536,"relics_obtained":[{"floor":7,"key":"Pen Nib"},{"floor":8,"key":"Odd Mushroom"},{"floor":14,"key":"Snake Skull"},{"floor":23,"key":"Replay:Kaleidoscope"}],"event_choices":[{"damage_healed":0,"gold_gain":0,"player_choice":"1 cards matched","damage_taken":0,"max_hp_gain":0,"max_hp_loss":0,"event_name":"Match and Keep!","floor":3,"gold_loss":0,"cards_obtained":["Corpse Explosion"]},{"damage_healed":0,"gold_gain":0,"player_choice":"Fought Mushrooms","damage_taken":0,"max_hp_gain":0,"max_hp_loss":0,"event_name":"Mushrooms","floor":8,"gold_loss":0},{"damage_healed":0,"gold_gain":0,"player_choice":"Traded Relic","damage_taken":0,"relics_obtained":["Nloth\u0027s Gift"],"max_hp_gain":0,"max_hp_loss":0,"event_name":"N\u0027loth","floor":21,"relics_lost":["Happy Flower"],"gold_loss":0}],"is_beta":false,"boss_relics":[{"not_picked":["Abe\u0027s Treasure","Philosopher\u0027s Stone"],"picked":"Ring of the Serpent"}],"items_purged_floors":[],"is_endless":false,"potions_floor_spawned":[5,8,13,14,16,18,19],"killed_by":"Chosen and Byrds","ascension_level":3}}