{"host":"tnsigirk6wurdark","time":1610516199,"event":{"mods":["BaseMod","Colored Map","Colored Powertips","Highlight Path","Minty Spire (QoL Compilation)","Quick Restart","Relic Sorter","StSLib","Synergy Search"],"gold_per_floor":[111,111,36,54,64,64,78,24,51,86,86,86,99,128,128,128,128],"floor_reached":16,"language":"ENG","playtime":650,"items_purged":[],"score":193,"play_id":"04feb020-3c1e-4201-bd11-0afc55d9d64e","local_time":"20210113053639","is_ascension_mode":true,"campfire_choices":[{"data":"Quick Slash","floor":6,"key":"SMITH"},{"floor":15,"key":"REST"}],"circlet_count":0,"master_deck":["AscendersBane","Strike_G","Strike_G","Strike_G","Strike_G","Strike_G","Defend_G","Defend_G","Defend_G","Defend_G","Defend_G","Survivor","Neutralize","Infinite Blades","Deflect","Quick Slash+1","Sucker Punch","Quick Slash","Deflect","Dagger Spray","Backflip"],"relics":["Ring of the Snake","NeowsBlessing","MealTicket","Potion Belt","Paper Crane","Ninja Scroll","Oddly Smooth Stone"],"acts_visited":["Exordium"],"potions_floor_usage":[10,10],"damage_taken":[{"damage":0,"enemies":"Small Slimes","floor":1,"turns":1},{"damage":0,"enemies":"2 Louse","floor":4,"turns":1},{"damage":0,"enemies":"Jaw Worm","floor":5,"turns":1},{"damage":0,"enemies":"Exordium Wildlife","floor":7,"turns":5},{"damage":13,"enemies":"Lagavulin","floor":10,"turns":5},{"damage":0,"enemies":"2 Fungi Beasts","floor":13,"turns":3},{"damage":35,"enemies":"Gremlin Nob","floor":14,"turns":5},{"damage":50,"enemies":"Slime Boss","floor":16,"turns":9}],"seed_played":"3819750038540348824","potions_obtained":[{"floor":1,"key":"Poison Potion"},{"floor":4,"key":"Block Potion"}],"is_trial":false,"path_per_floor":["M","?","?","M","M","R","M","$","T","E","?","T","M","E","R","B"],"character_chosen":"THE_SILENT","items_purchased":["Quick Slash"],"campfire_rested":1,"item_purchase_floors":[8],"current_hp_per_floor":[59,59,59,59,59,59,59,66,66,53,53,53,53,18,37,0,0],"gold":128,"neow_bonus":"THREE_ENEMY_KILL","is_daily":false,"chose_seed":false,"campfire_upgraded":1,"win_rate":0.0,"timestamp":1610516199,"path_taken":["M","?","?","M","M","R","M","$","T","E","?","?","M","E","R","BOSS"],"items_purchased_type":["Card"],"build_version":"2020-12-22","purchased_purges":0,"victory":false,"max_hp_per_floor":[66,66,66,66,66,66,66,66,66,66,66,66,66,66,66,66,66],"card_choices":[{"not_picked":["Flechettes","Reflex"],"picked":"Infinite Blades","floor":1},{"not_picked":["Backstab","Escape Plan"],"picked":"Deflect","floor":4},{"not_picked":["Deflect","Bane"],"picked":"Quick Slash","floor":5},{"not_picked":["Prepared","Blade Dance"],"picked":"Sucker Punch","floor":7},{"not_picked":["Underhanded Strike","Bane"],"picked":"Deflect","floor":10},{"not_picked":["Flechettes","A Thousand Cuts"],"picked":"Dagger Spray","floor":13},{"not_picked":["Endless Agony","Choke"],"picked":"Backflip","floor":14}],"player_experience":701309,"relics_obtained":[{"floor":9,"key":"Potion Belt"},{"floor":10,"key":"Paper Crane"},{"floor":12,"key":"Ninja Scroll"},{"floor":14,"key":"Oddly Smooth Stone"}],"event_choices":[{"damage_healed":0,"gold_gain":0,"player_choice":"Box","damage_taken":0,"relics_obtained":["MealTicket"],"max_hp_gain":0,"max_hp_loss":0,"event_name":"Big Fish","floor":2,"gold_loss":0,"cards_obtained":["Regret"]},{"cards_removed":["Regret"],"damage_healed":0,"gold_gain":0,"player_choice":"Card Removal","damage_taken":0,"max_hp_gain":0,"max_hp_loss":0,"event_name":"The Cleric","floor":3,"gold_loss":75},{"damage_healed":0,"gold_gain":0,"player_choice":"Ignored","damage_taken":0,"max_hp_gain":0,"max_hp_loss":0,"event_name":"Shining Light","floor":11,"gold_loss":0}],"is_beta":false,"boss_relics":[],"items_purged_floors":[],"is_endless":false,"potions_floor_spawned":[1,4,5],"killed_by":"Slime Boss","ascension_level":15}}