{"host":"9j9ju8r45kuhshxi","time":1610566351,"event":{"mods":["BaseMod","Colored Map","Colored Powertips","Highlight Path","Marisa（F雨　魔理沙）","Minty Spire (QoL Compilation)","Replay The Spire","Ryuuou龙王","StSLib","[功能]功能增强和修复MOD"],"gold_per_floor":[1009,1009,1009,974,987,1020,1020,1050,1050,1050,1067,1099,1099,1115,1115,1217,1217,1217,1217],"floor_reached":18,"language":"ZHS","playtime":1066,"items_purged":["Strike_P","Strike_P","Strike_P","Defend_P","Defend_P","Defend_P","Voices"],"score":345,"play_id":"e91e09e3-dd34-40b9-acb1-31ce398181b3","local_time":"20210114033231","is_ascension_mode":true,"campfire_choices":[{"floor":10,"key":"RECALL"},{"data":"ReplayTheSpireMod:Necrogeddon","floor":15,"key":"SMITH"}],"circlet_count":0,"master_deck":["Strike_P+1","Defend_P+1","Eruption+1","Vigilance","DevaForm","ForeignInfluence","Chrysalis","MasterReality","Vengeance","CutThroughFate","FollowUp","PathToVictory","Replay:AtTheReady","Brilliance","Crescendo","Adaptation","ReplayTheSpireMod:Necrogeddon+1","Deep Breath","Nirvana","Blasphemy","AbeCurse"],"relics":["PureWater","Ring of Hypnosis","ReplayTheSpireMod:Ring of Challenge","HandDrill","Ice Cream","Replay:Kaleidoscope","MealTicket","Lantern","Regal Pillow","Sling","Pantograph","Blood Vial","Abe\u0027s Treasure"],"acts_visited":["Exordium","TheCity"],"potions_floor_usage":[6,8,8,8,12,12,14,16,16,16,18],"damage_taken":[{"damage":14,"enemies":"Jaw Worm","floor":1,"turns":2},{"damage":0,"enemies":"Small Slimes","floor":5,"turns":2},{"damage":0,"enemies":"3 Sentries","floor":6,"turns":3},{"damage":0,"enemies":"Lagavulin","floor":8,"turns":2},{"damage":0,"enemies":"2 Louse","floor":11,"turns":2},{"damage":2,"enemies":"3 Sentries","floor":12,"turns":4},{"damage":13,"enemies":"Red Slaver","floor":14,"turns":2},{"damage":5,"enemies":"Slime Boss","floor":16,"turns":4},{"damage":100010,"enemies":"Shell Parasite","floor":18,"turns":2}],"seed_played":"-4854448565720299679","potions_obtained":[{"floor":5,"key":"Ambrosia"},{"floor":6,"key":"CultistPotion"},{"floor":8,"key":"Block Potion"},{"floor":11,"key":"Regen Potion"},{"floor":12,"key":"LiquidBronze"},{"floor":12,"key":"Milkshake"},{"floor":14,"key":"Elixir"},{"floor":16,"key":"SteroidPotion"},{"floor":16,"key":"Explosive Potion"},{"floor":16,"key":"Energy Potion"}],"is_trial":false,"path_per_floor":["M","?","?","$","M","E","?","E","T","R","M","E","$","M","R","B",null,"M"],"character_chosen":"WATCHER","items_purchased":["HandDrill","Ice Cream","Replay:Kaleidoscope","Chrysalis","MasterReality","Vengeance","CutThroughFate","FollowUp","FearPotion","BottledMiracle","Explosive Potion","Sling","Pantograph","Blood Vial","Cursed Concoction","Toxic Potion","ReplayTheSpireMod:Necrogeddon","Deep Breath"],"campfire_rested":0,"item_purchase_floors":[4,4,4,4,4,4,4,4,4,4,4,13,13,13,13,13,13,13],"current_hp_per_floor":[58,40,40,40,40,40,40,40,40,40,40,50,65,54,54,76,92,0,0],"gold":1217,"neow_bonus":"ONE_RANDOM_RARE_CARD","is_daily":false,"chose_seed":false,"campfire_upgraded":1,"win_rate":0.0,"timestamp":1610566351,"path_taken":["M","?","?","$","M","E","?","E","T","R","M","E","$","M","R","BOSS","M"],"items_purchased_type":["Relic","Relic","Relic","Card","Card","Card","Card","Card","Potion","Potion","Potion","Relic","Relic","Relic","Potion","Potion","Card","Card"],"build_version":"2020-12-22","purchased_purges":7,"victory":false,"max_hp_per_floor":[92,92,92,92,92,92,92,92,92,92,92,92,92,92,92,92,92,92,92],"card_choices":[{"not_picked":["FlurryOfBlows","Collect"],"picked":"ForeignInfluence","floor":1},{"not_picked":["Replay:AtTheReady","Prostrate"],"picked":"PathToVictory","floor":5},{"not_picked":["BowlingBash","Conclude"],"picked":"Replay:AtTheReady","floor":6},{"not_picked":["BowlingBash","Replay:BluntJabs"],"picked":"Brilliance","floor":8},{"not_picked":["SashWhip","FollowUp"],"picked":"Crescendo","floor":11},{"not_picked":["Halt","Meditate"],"picked":"Adaptation","floor":12},{"not_picked":["Crescendo","FlyingSleeves"],"picked":"Nirvana","floor":14},{"not_picked":["SpiritShield","Brilliance"],"picked":"Blasphemy","floor":16}],"player_experience":95767,"relics_obtained":[{"floor":3,"key":"Ring of Hypnosis"},{"floor":3,"key":"ReplayTheSpireMod:Ring of Challenge"},{"floor":6,"key":"MealTicket"},{"floor":8,"key":"Lantern"},{"floor":12,"key":"Regal Pillow"}],"event_choices":[{"damage_healed":0,"gold_gain":0,"player_choice":"Entered Light","damage_taken":18,"max_hp_gain":0,"max_hp_loss":0,"event_name":"Shining Light","floor":2,"gold_loss":0,"cards_upgraded":["Strike_P","Defend_P"]},{"damage_healed":0,"gold_gain":0,"player_choice":"Forge","damage_taken":0,"max_hp_gain":0,"max_hp_loss":0,"event_name":"Accursed Blacksmith","floor":7,"gold_loss":0,"cards_upgraded":["Eruption"]}],"is_beta":false,"boss_relics":[{"not_picked":["SlaversCollar","EctoplasmExtend"],"picked":"Abe\u0027s Treasure"}],"items_purged_floors":[4,4,4,4,4,4,4],"is_endless":false,"potions_floor_spawned":[5,6,8,11,12,12,14,16,16,16],"killed_by":"Shell Parasite","ascension_level":3}}