{"host":"32dedufnxebqtmo3","time":1610530590,"event":{"mods":["AchievementEnabler","BaseMod","Better Third Choice","Card Filter","Colored Powertips","Defuse TimeMaze Blight","Friendly Minions","GifTheSpireLib","Glutton Mod","Minty Spire (QoL Compilation)","Permanent Neow","Relic Filter","Relic Stats","Remove Card Discount Mod","Ruin Mod","Shop Mod","StSLib","The Cursed","Unceasing Turn Reminder"],"gold_per_floor":[110,129,129,145,165,191,191,225,225,241,235,250,220,237,237,335,335,354,371,385,385,63,63,63],"floor_reached":23,"language":"ENG","playtime":3212,"items_purged":["Glutton:Strike","Glutton:Strike","Glutton:Defend","Pain"],"score":230,"play_id":"d77afab5-1a20-4f3f-80ff-f3bd777992f6","local_time":"20210113013630","is_ascension_mode":false,"campfire_choices":[{"data":"Glutton:Borborygmi","floor":7,"key":"SMITH"},{"data":"Glutton:Borborygmi","floor":15,"key":"SMITH"}],"circlet_count":0,"master_deck":["Glutton:Strike","Glutton:Strike","Glutton:Strike","Glutton:Strike","Glutton:Defend","Glutton:Defend","Glutton:Flail","Glutton:Treat","Glutton:Bite+1","Glutton:Borborygmi+1","Glutton:Revivification","Glutton:Treat","Glutton:Scab","Glutton:GuardStance","Glutton:Borborygmi+1","Glutton:Misery"],"relics":["Glutton:EternalHunger","Dream Catcher","Du-Vu Doll","Philosopher\u0027s Stone","WarpedTongs","Gremlin Horn"],"acts_visited":["Exordium","TheCity"],"potions_floor_usage":[8,13,16,16,23],"damage_taken":[{"damage":5,"enemies":"Small Slimes","floor":1,"turns":2},{"damage":3,"enemies":"2 Louse","floor":2,"turns":3},{"damage":3,"enemies":"Cultist","floor":4,"turns":3},{"damage":8,"enemies":"Looter","floor":5,"turns":4},{"damage":26,"enemies":"Gremlin Nob","floor":6,"turns":6},{"damage":51,"enemies":"3 Sentries","floor":8,"turns":13},{"damage":14,"enemies":"Exordium Thugs","floor":10,"turns":4},{"damage":12,"enemies":"3 Louse","floor":12,"turns":5},{"damage":9,"enemies":"2 Fungi Beasts","floor":14,"turns":5},{"damage":127,"enemies":"The Guardian","floor":16,"turns":23},{"damage":21,"enemies":"Chosen","floor":18,"turns":7},{"damage":68,"enemies":"Spheric Guardian","floor":19,"turns":14},{"damage":110,"enemies":"Cultist and Chosen","floor":20,"turns":13},{"damage":7,"enemies":"Slavers","floor":23,"turns":2}],"seed_played":"-8252890109237413288","potions_obtained":[{"floor":4,"key":"Swift Potion"},{"floor":10,"key":"Block Potion"},{"floor":13,"key":"Weak Potion"},{"floor":13,"key":"Fruit Juice"},{"floor":14,"key":"Dexterity Potion"},{"floor":16,"key":"SpeedPotion"},{"floor":18,"key":"SteroidPotion"}],"is_trial":false,"path_per_floor":["M","M","?","M","M","E","R","E","T","M","$","M","?","M","R","B",null,"M","M","M","?","$","E"],"character_chosen":"GLUTTON","items_purchased":["Glutton:Misery","Gremlin Horn"],"campfire_rested":0,"item_purchase_floors":[22,22],"current_hp_per_floor":[127,124,124,124,122,103,103,64,64,57,57,68,73,93,93,20,137,132,118,39,39,39,35,35],"gold":63,"neow_bonus":"TEN_PERCENT_HP_BONUS","is_daily":false,"chose_seed":false,"campfire_upgraded":2,"win_rate":0.0,"timestamp":1610530590,"path_taken":["M","M","?","M","M","E","R","E","T","M","$","M","?","?","R","BOSS","M","M","M","?","?","E"],"items_purchased_type":["Card","Relic"],"build_version":"2020-12-22","purchased_purges":4,"victory":false,"max_hp_per_floor":[132,132,132,132,132,132,132,132,132,132,132,132,137,137,137,137,137,137,137,137,137,137,137,137],"relic_stats":{"Dream Catcher":0,"Gremlin Horn":[0,0],"counters":[14,104],"obtain_stats":[{"Glutton:EternalHunger":0,"Du-Vu Doll":8,"Dream Catcher":6,"Gremlin Horn":22,"Philosopher\u0027s Stone":17,"WarpedTongs":21},{"Glutton:EternalHunger":0,"Du-Vu Doll":6,"Dream Catcher":5,"Gremlin Horn":13,"Philosopher\u0027s Stone":10,"WarpedTongs":13},{"Glutton:EternalHunger":0,"Du-Vu Doll":31,"Dream Catcher":18,"Gremlin Horn":102,"Philosopher\u0027s Stone":68,"WarpedTongs":102}],"WarpedTongs":[2]},"card_choices":[{"not_picked":["Glutton:Loot","Glutton:Feast"],"picked":"Glutton:Treat","floor":1},{"not_picked":["Glutton:FeebleKick","Glutton:Yearn"],"picked":"Glutton:Bite","floor":2},{"not_picked":["Glutton:Bite","Glutton:Scab"],"picked":"Glutton:Borborygmi","floor":4},{"not_picked":["Glutton:Slam","Glutton:ShedFat"],"picked":"Glutton:Revivification","floor":5},{"not_picked":["Glutton:SelfFlagellate","Glutton:Reminisce","Glutton:Salivate"],"picked":"SKIP","floor":6},{"not_picked":["Glutton:Dispepsia","Glutton:KneeJerk"],"picked":"Glutton:Treat","floor":8},{"not_picked":["Glutton:BloodyKnuckle","Glutton:GnawingHunger"],"picked":"Glutton:Scab","floor":10},{"not_picked":["Glutton:Salivate","Glutton:Revivification"],"picked":"Glutton:GuardStance","floor":12},{"not_picked":["Glutton:Nostalgia","Glutton:Autotomy"],"picked":"Glutton:Borborygmi","floor":14},{"not_picked":["Glutton:Demolish","Glutton:SelfFlagellate","Glutton:Salivate"],"picked":"SKIP","floor":18},{"not_picked":["Glutton:Feed","Glutton:Thrombosis","Glutton:Demolish"],"picked":"SKIP","floor":19},{"not_picked":["Glutton:FeverVisions","Glutton:FragileMight","Glutton:Salivate+1"],"picked":"SKIP","floor":20}],"player_experience":710917,"relics_obtained":[{"floor":6,"key":"Dream Catcher"},{"floor":8,"key":"Du-Vu Doll"}],"event_choices":[{"damage_healed":0,"gold_gain":0,"player_choice":"Grow","damage_taken":0,"max_hp_gain":0,"max_hp_loss":0,"event_name":"Living Wall","floor":3,"gold_loss":0,"cards_upgraded":["Glutton:Bite"]},{"damage_healed":0,"gold_gain":0,"player_choice":"Bought 2 Potions","damage_taken":0,"max_hp_gain":0,"max_hp_loss":0,"event_name":"The Woman in Blue","floor":13,"gold_loss":0},{"damage_healed":0,"gold_gain":0,"player_choice":"Rummage","damage_taken":0,"relics_obtained":["WarpedTongs"],"max_hp_gain":0,"max_hp_loss":0,"event_name":"Accursed Blacksmith","floor":21,"gold_loss":0,"cards_obtained":["Pain"]}],"is_beta":false,"boss_relics":[{"not_picked":["Snecko Eye","Black Star"],"picked":"Philosopher\u0027s Stone"}],"items_purged_floors":[11,11,11,22],"is_endless":false,"potions_floor_spawned":[4,10,14,16,18,20],"killed_by":"Slavers","ascension_level":0}}