{"host":"x21cvmfdo17nyhii","time":1610530833,"event":{"mods":["AchievementEnabler","BaseMod","Colored Map","Colored Powertips","DeckTracker","Highlight Path","Minty Spire (QoL Compilation)","Quick Restart","Rare Cards Sparkle","SuperFastMode"],"gold_per_floor":[111,186,202,222,222,232,232,51,51,51,63,86,86,86,86,188,188,204,204,224,238,238,238,30,48,73,90,90,38,38,38,38,38,38],"floor_reached":33,"language":"ENG","playtime":991,"items_purged":["Strike_R","Strike_R"],"score":235,"play_id":"7d9cff15-d1ae-4467-9250-2ca5a5901830","local_time":"20210113014033","is_ascension_mode":false,"campfire_choices":[{"data":"Body Slam","floor":10.0,"key":"SMITH"},{"floor":13.0,"key":"REST"},{"floor":15.0,"key":"REST"},{"floor":23.0,"key":"REST"},{"floor":30,"key":"REST"},{"floor":32,"key":"REST"}],"circlet_count":0,"master_deck":["Strike_R","Defend_R","Defend_R","Bash","Flame Barrier","Body Slam+1","Dropkick","Barricade","Dual Wield+1","Dual Wield","Dark Embrace","Rage","Warcry"],"relics":["Runic Dome"],"acts_visited":["Exordium","TheCity"],"potions_floor_usage":[],"damage_taken":[{"damage":0.0,"enemies":"Small Slimes","floor":1.0,"turns":3.0},{"damage":1.0,"enemies":"Jaw Worm","floor":3.0,"turns":3.0},{"damage":5.0,"enemies":"2 Louse","floor":4.0,"turns":3.0},{"damage":10.0,"enemies":"Looter","floor":6.0,"turns":3.0},{"damage":4.0,"enemies":"Red Slaver","floor":11.0,"turns":3.0},{"damage":9.0,"enemies":"The Mushroom Lair","floor":12.0,"turns":4.0},{"damage":66.0,"enemies":"Slime Boss","floor":16.0,"turns":16.0},{"damage":21.0,"enemies":"2 Thieves","floor":18.0,"turns":5.0},{"damage":29.0,"enemies":"Spheric Guardian","floor":20.0,"turns":6.0},{"damage":42.0,"enemies":"Shelled Parasite and Fungi","floor":21.0,"turns":6.0},{"damage":26.0,"enemies":"Snake Plant","floor":25.0,"turns":7.0},{"damage":22,"enemies":"Centurion and Healer","floor":27,"turns":5},{"damage":75,"enemies":"Automaton","floor":33,"turns":6}],"seed_played":"2294611860318796315","potions_obtained":[{"floor":3.0,"key":"BloodPotion"},{"floor":11.0,"key":"SpeedPotion"},{"floor":12.0,"key":"Explosive Potion"}],"is_trial":false,"path_per_floor":["M","?","M","M","?","M","T","$","T","R","M","?","R","$","R","B",null,"M","?","M","M","?","R","$","M","T","M","?","$","R","?","R","B"],"character_chosen":"IRONCLAD","items_purchased":["Body Slam","Dropkick","Dual Wield","DuplicationPotion","Warcry"],"campfire_rested":5,"item_purchase_floors":[8,8,24,24,29],"current_hp_per_floor":[80,69,68,63,56,46,46,46,46,46,42,33,57,57,80,14,80,59,59,30,4,30,54,54,28,28,6,6,6,30,30,54,0,0],"gold":38,"neow_bonus":"BOSS_RELIC","is_daily":false,"chose_seed":false,"campfire_upgraded":1,"win_rate":0.0,"timestamp":1610530833,"path_taken":["M","?","M","M","?","M","?","$","T","R","M","?","R","$","R","BOSS","M","?","M","?","?","R","$","M","T","M","?","$","R","?","R","BOSS"],"items_purchased_type":["Card","Card","Card","Potion","Card"],"build_version":"2020-12-22","purchased_purges":2,"victory":false,"max_hp_per_floor":[80,80,80,80,80,80,80,80,80,80,80,80,80,80,80,80,80,80,80,80,80,80,80,80,80,80,80,80,80,80,80,80,80,80],"card_choices":[{"not_picked":["Twin Strike","Sever Soul","Heavy Blade"],"picked":"SKIP","floor":1.0},{"not_picked":["Pommel Strike","Warcry"],"picked":"Flame Barrier","floor":3.0},{"not_picked":["Sword Boomerang","Reckless Charge","Sever Soul"],"picked":"SKIP","floor":4.0},{"not_picked":["Sword Boomerang","Reckless Charge","Sever Soul"],"picked":"SKIP","floor":4.0},{"not_picked":["Havoc","Warcry","Seeing Red"],"picked":"SKIP","floor":6.0},{"not_picked":["Fire Breathing","Pommel Strike","Clothesline"],"picked":"SKIP","floor":11.0},{"not_picked":["Impervious","Exhume"],"picked":"Barricade","floor":16.0},{"not_picked":["Metallicize+1","Thunderclap"],"picked":"Dual Wield+1","floor":18.0},{"not_picked":["True Grit","Perfected Strike+1","Clothesline"],"picked":"SKIP","floor":20.0},{"not_picked":["Perfected Strike","Clothesline+1","Sword Boomerang"],"picked":"SKIP","floor":21.0},{"not_picked":["Hemokinesis","Fiend Fire","Perfected Strike"],"picked":"SKIP","floor":25.0},{"not_picked":["Heavy Blade","Wild Strike","Twin Strike+1"],"picked":"SKIP","floor":27}],"player_experience":338950,"relics_obtained":[],"event_choices":[{"damage_healed":0.0,"max_hp_gain":0.0,"max_hp_loss":0.0,"gold_gain":75.0,"event_name":"World of Goop","player_choice":"Gather Gold","floor":2.0,"gold_loss":0.0,"damage_taken":11.0},{"cards_removed":["Strike_R"],"damage_healed":0.0,"max_hp_gain":0.0,"max_hp_loss":0.0,"gold_gain":0.0,"event_name":"Golden Wing","player_choice":"Card Removal","floor":5.0,"gold_loss":0.0,"damage_taken":7.0},{"damage_healed":0.0,"max_hp_gain":0.0,"max_hp_loss":0.0,"gold_gain":0.0,"event_name":"Mushrooms","player_choice":"Fought Mushrooms","floor":12.0,"gold_loss":0.0,"damage_taken":0.0},{"cards_removed":["Strike_R"],"damage_healed":0.0,"max_hp_gain":0.0,"max_hp_loss":0.0,"gold_gain":0.0,"event_name":"Purifier","player_choice":"Purged","floor":19.0,"gold_loss":0.0,"damage_taken":0.0},{"damage_healed":26.0,"max_hp_gain":0.0,"max_hp_loss":0.0,"gold_gain":0.0,"event_name":"The Library","player_choice":"Heal","floor":22.0,"gold_loss":0.0,"damage_taken":0.0},{"damage_healed":0,"gold_gain":0,"cards_transformed":["Defend_R","Defend_R"],"player_choice":"Became Test Subject","damage_taken":0,"max_hp_gain":0,"max_hp_loss":0,"event_name":"Drug Dealer","floor":28,"gold_loss":0,"cards_obtained":["Dark Embrace","Rage"]}],"is_beta":false,"boss_relics":[{"not_picked":["Calling Bell","Snecko Eye","Tiny House"]}],"items_purged_floors":[8,24],"is_endless":false,"potions_floor_spawned":[3,11,12],"killed_by":"Automaton","ascension_level":0}}