{"host":"14s6l0jal5czqon2","time":1610503645,"event":{"mods":["AchievementEnabler","BaseMod","Downfall","Hermit","Minty Spire (QoL Compilation)","Quick Restart","Replay The Spire","StSLib"],"gold_per_floor":[119,132,151,163,183,183,214,214,239,239,265,277,277,277,277],"floor_reached":14,"language":"ENG","playtime":461,"items_purged":[],"score":168,"play_id":"8d3f918a-631d-443b-96a3-dc1b22c5d3da","local_time":"20210112210725","is_ascension_mode":true,"campfire_choices":[{"data":"Infernal Blade","floor":6,"key":"SMITH"},{"floor":10,"key":"REST"},{"floor":13,"key":"REST"}],"circlet_count":0,"master_deck":["AscendersBane","Strike_R","Strike_R","Strike_R","Strike_R","Defend_R","Defend_R","Defend_R","Defend_R","Bash","Feed","ReplayTheSpireMod:Strike From Hell","Iron Wave","ReplayTheSpireMod:Strike From Hell","Infernal Blade+1","Second Wind"],"relics":["Burning Blood","Replay:PocketPolymizer","King of Hearts","Akabeko"],"acts_visited":["Exordium"],"potions_floor_usage":[11],"damage_taken":[{"damage":10,"enemies":"Cultist","floor":1,"turns":4},{"damage":0,"enemies":"Small Slimes","floor":2,"turns":4},{"damage":12,"enemies":"Jaw Worm","floor":3,"turns":2},{"damage":27,"enemies":"3 Louse","floor":4,"turns":5},{"damage":11,"enemies":"Looter","floor":5,"turns":2},{"damage":35,"enemies":"3 Sentries","floor":7,"turns":8},{"damage":50,"enemies":"Lagavulin","floor":11,"turns":6},{"damage":0,"enemies":"Large Slime","floor":12,"turns":3},{"damage":45,"enemies":"Replay:BlueRogue","floor":14,"turns":9}],"seed_played":"-3504815037912528672","potions_obtained":[{"floor":1,"key":"Doom Potion"},{"floor":2,"key":"DistilledChaos"}],"is_trial":false,"path_per_floor":["M","M","M","M","M","R","E","?","T","R","E","M","R","E"],"character_chosen":"IRONCLAD","items_purchased":[],"campfire_rested":2,"item_purchase_floors":[],"current_hp_per_floor":[71,80,77,59,54,54,25,25,25,52,8,14,41,0,0],"gold":277,"neow_bonus":"ONE_RANDOM_RARE_CARD","is_daily":false,"chose_seed":false,"campfire_upgraded":1,"win_rate":0.0,"timestamp":1610503645,"path_taken":["M","?","M","M","M","R","E","?","T","R","E","M","R","E"],"items_purchased_type":[],"build_version":"2020-12-22","purchased_purges":0,"victory":false,"max_hp_per_floor":[83,86,89,92,92,92,92,92,92,92,92,92,92,92,92],"card_choices":[{"not_picked":["Pommel Strike","Flex"],"picked":"ReplayTheSpireMod:Strike From Hell","floor":1},{"not_picked":["Warcry","Shrug It Off","Wild Strike"],"picked":"SKIP","floor":2},{"not_picked":["Body Slam","Wild Strike"],"picked":"Iron Wave","floor":3},{"not_picked":["Wild Strike","Sword Boomerang"],"picked":"ReplayTheSpireMod:Strike From Hell","floor":4},{"not_picked":["Dark Embrace","Intimidate"],"picked":"Infernal Blade","floor":5},{"not_picked":["Cleave","Dual Wield","Perfected Strike"],"picked":"SKIP","floor":7},{"not_picked":["Heavy Blade","Brutality"],"picked":"Second Wind","floor":11},{"not_picked":["Perfected Strike","Pummel","Intimidate"],"picked":"SKIP","floor":12}],"player_experience":543086,"relics_obtained":[{"floor":7,"key":"Replay:PocketPolymizer"},{"floor":9,"key":"King of Hearts"},{"floor":11,"key":"Akabeko"}],"event_choices":[{"cards_removed":["Strike_R"],"damage_healed":0,"gold_gain":0,"player_choice":"Forget","damage_taken":0,"max_hp_gain":0,"max_hp_loss":0,"event_name":"Living Wall","floor":8,"gold_loss":0}],"is_beta":false,"boss_relics":[],"items_purged_floors":[],"is_endless":false,"potions_floor_spawned":[1,2,3],"killed_by":"Replay:BlueRogue","ascension_level":13}}