{"host":"T","time":1610553780,"event":{"mods":["Aspiration","BaseMod","Curses Come First","Downfall","GungeonMod","Hunter ¡‘»À","Minty Spire (QoL Compilation)","READ ME - Guardian Mod","Relic Stats","Robot Space Explorer","StSLib","The Alterego","The Cursed","The Jungle","The Runesmith","The Servant 0.9.4"],"gold_per_floor":[115,132,143,162,173,201,201,220,299,299,325,342,360,535,535,631,631,651,651,19,130,150,150,212,212,237,237,274,292,314,330,330,434,434,452,90,116,16,38,70,70,125,148,182,213,236,236,260,260,260],"floor_reached":51,"language":"ZHS","playtime":4285,"items_purged":["Doubt","DemoMod:Defend_Huntress"],"score":843,"play_id":"77cb875d-3acc-4077-9a13-e28de0e35da0","local_time":"20210114000300","is_ascension_mode":false,"campfire_choices":[{"floor":15,"key":"REST"},{"data":"DemoMod:Unity","floor":23,"key":"SMITH"},{"data":"DemoMod:Slinger","floor":25,"key":"SMITH"},{"floor":32,"key":"REST"},{"floor":41,"key":"REST"},{"floor":47,"key":"REST"},{"data":"DemoMod:Desperate","floor":49,"key":"SMITH"}],"circlet_count":0,"master_deck":["DemoMod:Defend_Huntress","DemoMod:Defend_Huntress+1","DemoMod:Roll","DemoMod:ManualReload+1","DemoMod:RustySidearm","DemoMod:CrossBow","hexamod:Haunted","DemoMod:Desperate+1","DemoMod:DirectionalPad","DemoMod:TeaPot","DemoMod:CombinedRifle","DemoMod:BalloonGun","DemoMod:AWP","DemoMod:HuntsMan","DemoMod:StickyCrossBow","DemoMod:Unity+1","DemoMod:CombinedRifle","DemoMod:DoubleSwitch","DemoMod:Slinger+1","DemoMod:GunslingerForm","DemoMod:PotionOfGunFriendShip+1","Slimebound:Tackle+1","Slimebound:Tackle+1","Slimebound:Tackle+1","DemoMod:Elimentaler","DemoMod:TripleGun","DemoMod:ConditionalReflex","DemoMod:FastSwitch+1","DemoMod:RadGun","DemoMod:BSG","DemoMod:HuntsMan+1","DemoMod:ShadowBullets","DemoMod:GunShield+1","DemoMod:Unity+1","DemoMod:Unity+1","DemoMod:CombinedRifle+1","DemoMod:TeaPot+1","DemoMod:SniperShot+1","DemoMod:CombinedRifle"],"relics":["DemoMod:Dog","aspiration:ChemicalBlood","StrikeDummy","Mango","SlaversCollar","Toy Ornithopter","HandDrill","Matryoshka","Kunai","DemoMod:Plus1Bullets","Regal Pillow","Bird Faced Urn","Empty Cage","Vajra","DemoMod:WhiteGuonStone","DemoMod:DecoyRelic","Oddly Smooth Stone","aspiration:FrozenJewel","War Paint","aspiration:HiddenCompartment"],"acts_visited":["Exordium","TheCity","TheBeyond"],"potions_floor_usage":[8,8,11,16,16,16,18,24,28,28,29,29,31,33,33,35,35,37,37,39,40,40,42,42,42,44,45,45,46,46,50,50,50,50],"damage_taken":[{"damage":3,"enemies":"2 Louse","floor":1,"turns":3},{"damage":10,"enemies":"Jaw Worm","floor":2,"turns":4},{"damage":0,"enemies":"Cultist","floor":3,"turns":3},{"damage":0,"enemies":"3 Louse","floor":4,"turns":3},{"damage":0,"enemies":"Looter","floor":5,"turns":2},{"damage":21,"enemies":"3 Sentries","floor":6,"turns":8},{"damage":20,"enemies":"Gremlin Gang","floor":8,"turns":2},{"damage":5,"enemies":"Gremlin Nob","floor":11,"turns":3},{"damage":4,"enemies":"Large Slime","floor":12,"turns":4},{"damage":0,"enemies":"Looter","floor":13,"turns":1},{"damage":22,"enemies":"Hexaghost","floor":16,"turns":8},{"damage":9,"enemies":"Shell Parasite","floor":18,"turns":4},{"damage":3,"enemies":"Chosen","floor":22,"turns":3},{"damage":21,"enemies":"Book of Stabbing","floor":24,"turns":4},{"damage":26,"enemies":"Gremlin Leader","floor":28,"turns":4},{"damage":25,"enemies":"Snake Plant","floor":29,"turns":2},{"damage":9,"enemies":"Cultist and Chosen","floor":30,"turns":4},{"damage":10,"enemies":"Sentry and Sphere","floor":31,"turns":3},{"damage":37,"enemies":"Champ","floor":33,"turns":6},{"damage":44,"enemies":"3 Darklings","floor":35,"turns":5},{"damage":35,"enemies":"3 Shapes","floor":37,"turns":3},{"damage":9,"enemies":"3 Darklings","floor":39,"turns":3},{"damage":14,"enemies":"Giant Head","floor":40,"turns":6},{"damage":64,"enemies":"Reptomancer","floor":42,"turns":4},{"damage":17,"enemies":"Giant Head","floor":44,"turns":5},{"damage":37,"enemies":"4 Shapes","floor":45,"turns":4},{"damage":19,"enemies":"Jaw Worm Horde","floor":46,"turns":3},{"damage":2,"enemies":"Spire Growth","floor":48,"turns":2},{"damage":65,"enemies":"Donu and Deca","floor":50,"turns":5}],"seed_played":"-5219910776397056643","potions_obtained":[{"floor":4,"key":"Block Potion"},{"floor":8,"key":"GamblersBrew"},{"floor":10,"key":"champ:CounterPotion"},{"floor":10,"key":"FairyPotion"},{"floor":11,"key":"Block Potion"},{"floor":13,"key":"BlessingOfTheForge"},{"floor":16,"key":"Block Potion"},{"floor":28,"key":"DistilledChaos"},{"floor":30,"key":"Guardian:BlockOnCardUsePotion"},{"floor":31,"key":"SteroidPotion"},{"floor":33,"key":"Strength Potion"},{"floor":37,"key":"Explosive Potion"},{"floor":37,"key":"Guardian:BlockOnCardUsePotion"},{"floor":40,"key":"Weak Potion"},{"floor":44,"key":"SkillPotion"},{"floor":45,"key":"Strength Potion"},{"floor":46,"key":"SpeedPotion"}],"is_trial":false,"path_per_floor":["M","M","M","M","M","E","?","M","T","?","E","M","M","?","R","B",null,"M","?","$","?","M","R","E","R","T","?","E","M","M","M","R","B",null,"M","$","M","$","M","E","R","E","T","E","M","M","R","M","R","B",null],"character_chosen":"HUNTRESS","items_purchased":["Toy Ornithopter","HandDrill","Matryoshka","DemoMod:ShadowBullets","Vajra","DemoMod:WhiteGuonStone"],"campfire_rested":4,"item_purchase_floors":[20,20,20,36,36,36],"current_hp_per_floor":[67,57,57,57,57,36,36,16,16,16,25,21,21,21,46,24,84,75,75,75,75,72,72,56,56,56,56,40,27,20,17,57,32,84,45,45,22,22,20,20,60,15,15,7,17,12,52,54,54,13],"gold":260,"neow_bonus":"THREE_RARE_CARDS","is_daily":false,"chose_seed":false,"campfire_upgraded":3,"win_rate":0.0,"timestamp":1610553780,"path_taken":["M","M","M","M","M","E","?","M","T","?","E","M","?","?","R","BOSS","M","?","$","?","?","R","E","R","T","?","E","M","M","M","R","BOSS","M","$","M","$","M","E","R","E","T","E","M","M","R","M","R","BOSS"],"items_purchased_type":["Relic","Relic","Relic","Card","Relic","Relic"],"build_version":"2020-12-18","purchased_purges":2,"victory":true,"max_hp_per_floor":[70,70,70,70,70,70,70,70,70,70,84,84,84,84,84,84,84,84,84,84,84,84,84,84,84,84,84,84,84,84,84,84,84,84,84,84,84,84,84,84,84,84,84,84,84,84,84,84,84,84],"relic_stats":{"Regal Pillow":45,"counters":[29,111],"Bird Faced Urn":[40],"HandDrill":[36],"Kunai":[29],"War Paint":["DemoMod:ManualReload","DemoMod:Defend_Huntress"],"obtain_stats":[{"Regal Pillow":26,"DemoMod:Dog":0,"DemoMod:WeirdEgg":26,"Vajra":36,"Oddly Smooth Stone":42,"Mango":11,"DemoMod:Plus1Bullets":26,"DemoMod:GlassGuonStoneRelic":2,"DemoMod:WhiteGuonStone":36,"War Paint":43,"Empty Cage":34,"aspiration:HiddenCompartment":44,"aspiration:FrozenJewel":43,"SlaversCollar":17,"Matryoshka":20,"Bird Faced Urn":28,"DemoMod:DecoyRelic":40,"HandDrill":20,"Kunai":24,"StrikeDummy":9,"Toy Ornithopter":20,"aspiration:ChemicalBlood":6},{"Regal Pillow":14,"DemoMod:Dog":0,"DemoMod:WeirdEgg":14,"Vajra":20,"Oddly Smooth Stone":24,"Mango":8,"DemoMod:Plus1Bullets":14,"DemoMod:GlassGuonStoneRelic":2,"DemoMod:WhiteGuonStone":20,"War Paint":24,"Empty Cage":19,"aspiration:HiddenCompartment":25,"aspiration:FrozenJewel":24,"SlaversCollar":11,"Matryoshka":12,"Bird Faced Urn":15,"DemoMod:DecoyRelic":23,"HandDrill":12,"Kunai":14,"StrikeDummy":7,"Toy Ornithopter":12,"aspiration:ChemicalBlood":6},{"Regal Pillow":52,"DemoMod:Dog":0,"DemoMod:WeirdEgg":52,"Vajra":76,"Oddly Smooth Stone":92,"Mango":28,"DemoMod:Plus1Bullets":52,"DemoMod:GlassGuonStoneRelic":7,"DemoMod:WhiteGuonStone":76,"War Paint":92,"Empty Cage":71,"aspiration:HiddenCompartment":97,"aspiration:FrozenJewel":92,"SlaversCollar":41,"Matryoshka":45,"Bird Faced Urn":56,"DemoMod:DecoyRelic":88,"HandDrill":45,"Kunai":52,"StrikeDummy":25,"Toy Ornithopter":45,"aspiration:ChemicalBlood":23}],"Toy Ornithopter":130},"card_choices":[{"not_picked":["DemoMod:FullFirepower","DemoMod:BlankBullets"],"picked":"DemoMod:Desperate","floor":0},{"not_picked":["DemoMod:GunstockTap","DemoMod:ChanceBullets","DemoMod:StickyCrossBow"],"picked":"SKIP","floor":1},{"not_picked":["DemoMod:AC15","DemoMod:SAA"],"picked":"DemoMod:DirectionalPad","floor":2},{"not_picked":["DemoMod:StickyCrossBow","DemoMod:BattleInHaste"],"picked":"DemoMod:TeaPot","floor":3},{"not_picked":["DemoMod:AC15","DemoMod:BattleInHaste"],"picked":"DemoMod:CombinedRifle","floor":4},{"not_picked":["DemoMod:RadGun","DemoMod:BattleInHaste"],"picked":"DemoMod:BalloonGun","floor":5},{"not_picked":["DemoMod:TableSutra","DemoMod:MachoBrace"],"picked":"DemoMod:AWP","floor":6},{"not_picked":["DemoMod:AWP","DemoMod:Unmoved","DemoMod:AC15"],"picked":"SKIP","floor":8},{"not_picked":["DemoMod:AC15","DemoMod:HighKaliber"],"picked":"DemoMod:CombinedRifle","floor":11},{"not_picked":["DemoMod:AWP","DemoMod:SAA"],"picked":"DemoMod:DoubleSwitch","floor":12},{"not_picked":["DemoMod:GunstockTap","DemoMod:TeaPot","DemoMod:FastSwitch"],"picked":"SKIP","floor":12},{"not_picked":["DemoMod:DoubleSwitch","DemoMod:RadGun"],"picked":"DemoMod:Slinger","floor":13},{"not_picked":["DemoMod:DarkMarker","DemoMod:Slinger"],"picked":"DemoMod:GunslingerForm","floor":16},{"not_picked":["DemoMod:Camera","DemoMod:HuntsMan+1"],"picked":"DemoMod:PotionOfGunFriendShip+1","floor":18},{"not_picked":["DemoMod:JK47","DemoMod:BattleInHaste","DemoMod:HuntsMan"],"picked":"SKIP","floor":22},{"not_picked":["DemoMod:CursedBullets+1","DemoMod:AbyssalTentacle"],"picked":"DemoMod:Elimentaler","floor":24},{"not_picked":["DemoMod:Unmoved","DemoMod:ProbeStrike"],"picked":"DemoMod:TripleGun","floor":28},{"not_picked":["DemoMod:BattleInHaste","DemoMod:HighKaliber"],"picked":"DemoMod:ConditionalReflex","floor":29},{"not_picked":["DemoMod:TeaPot","DemoMod:HuntsMan+1"],"picked":"DemoMod:FastSwitch+1","floor":30},{"not_picked":["DemoMod:MachoBrace","DemoMod:FastSwitch"],"picked":"DemoMod:RadGun","floor":31},{"not_picked":["DemoMod:Eureka","DemoMod:BalloonGun"],"picked":"DemoMod:BSG","floor":33},{"not_picked":["DemoMod:FastSwitch","DemoMod:BoxingGlove"],"picked":"DemoMod:HuntsMan+1","floor":35},{"not_picked":["DemoMod:AC15","DemoMod:AWP","DemoMod:TeaPot+1"],"picked":"SKIP","floor":37},{"not_picked":["DemoMod:Ejector","DemoMod:DoubleSwitch"],"picked":"DemoMod:GunShield+1","floor":39},{"not_picked":["DemoMod:FeignSurrender","DemoMod:BoxingGlove+1"],"picked":"DemoMod:Unity+1","floor":40},{"not_picked":["DemoMod:Camera","DemoMod:DirectionalPad"],"picked":"DemoMod:Unity+1","floor":42},{"not_picked":["DemoMod:BoxingGlove","DemoMod:HuntsMan"],"picked":"DemoMod:CombinedRifle+1","floor":44},{"not_picked":["DemoMod:BattleInHaste","DemoMod:CombinedRifle"],"picked":"DemoMod:TeaPot+1","floor":45},{"not_picked":["DemoMod:MachoBrace","DemoMod:ChanceBullets+1"],"picked":"DemoMod:SniperShot+1","floor":46},{"not_picked":["DemoMod:Ejector+1","DemoMod:LifeOrb"],"picked":"DemoMod:CombinedRifle","floor":48}],"player_experience":395264,"relics_obtained":[{"floor":6,"key":"aspiration:ChemicalBlood"},{"floor":9,"key":"StrikeDummy"},{"floor":11,"key":"Mango"},{"floor":24,"key":"Kunai"},{"floor":26,"key":"DemoMod:WeirdEgg"},{"floor":26,"key":"Regal Pillow"},{"floor":28,"key":"Bird Faced Urn"},{"floor":40,"key":"DemoMod:DecoyRelic"},{"floor":42,"key":"Oddly Smooth Stone"},{"floor":43,"key":"aspiration:FrozenJewel"},{"floor":43,"key":"War Paint"},{"floor":44,"key":"aspiration:HiddenCompartment"}],"event_choices":[{"damage_healed":0,"gold_gain":0,"player_choice":"Got Potions","damage_taken":0,"max_hp_gain":0,"max_hp_loss":0,"event_name":"Lab","floor":10,"gold_loss":0},{"damage_healed":0,"gold_gain":175,"player_choice":"AGREE","damage_taken":0,"max_hp_gain":0,"max_hp_loss":0,"event_name":"Liars Game","floor":14,"gold_loss":0,"cards_obtained":["Doubt"]},{"cards_removed":["DemoMod:AC15"],"damage_healed":0,"gold_gain":0,"player_choice":"Elegance","damage_taken":0,"max_hp_gain":0,"max_hp_loss":0,"event_name":"Back to Basics","floor":27,"gold_loss":0}],"is_beta":true,"boss_relics":[{"not_picked":["aspiration:SecretTechniqueScroll","DemoMod:ElasticCartridgeClip"],"picked":"SlaversCollar"},{"not_picked":["Pandora\u0027s Box","Velvet Choker"],"picked":"Empty Cage"}],"items_purged_floors":[20,38],"is_endless":false,"potions_floor_spawned":[4,8,11,13,16,28,30,31,33,37,40,44,45,46],"ascension_level":0}}