{"host":"k5wd0jv1m6dz3iwi","time":1610533658,"event":{"mods":["BaseMod","Better Vampires","Challenge The Spire","Custom Start","Highlight Path","Minty Spire (QoL Compilation)","Rare Cards Sparkle","Relic Stats","Slay the Relics Exporter","StSLib","everything is the same but u backflip on backflip"],"gold_per_floor":[114,26,36,36,53,79,79,114,114,144,31,31,47,58,58,136,136,156,156,1,1,13,13,39,39,66,101,101,134,154,183,183,257,257,276,26,36,36,54,88,88,132,132,176,200,214,214,245,245,245],"floor_reached":51,"language":"ENG","playtime":3374,"items_purged":["Strike_R","Bloodletting"],"score":1851,"play_id":"5701a67e-68e4-437d-a613-785bb15ce8c4","local_time":"20210113102738","daily_mods":["Specialized","Green Cards","Elite Swarm"],"is_ascension_mode":true,"campfire_choices":[{"data":"Immolate","floor":7,"key":"SMITH"},{"data":"Corruption","floor":12,"key":"SMITH"},{"data":"Dash","floor":15,"key":"SMITH"},{"data":"Armaments","floor":23,"key":"SMITH"},{"data":"Bludgeon","floor":28,"key":"SMITH"},{"data":"Feed","floor":32,"key":"SMITH"},{"data":"Bludgeon","floor":41,"key":"SMITH"},{"data":"Bludgeon","floor":47,"key":"SMITH"},{"data":"Armaments","floor":49,"key":"SMITH"}],"circlet_count":0,"master_deck":["AscendersBane","Bash","Crippling Poison","Crippling Poison","Crippling Poison","Crippling Poison","Crippling Poison","Deflect","Dark Shackles","Armaments+1","Immolate+1","Corruption+1","Exhume","Dash+1","PiercingWail","Exhume","Uppercut","Dash","Armaments","RitualDagger","Bullet Time","Bludgeon+1","Feed+1","Footwork+1","Demon Form+1","Barricade+1","Poisoned Stab","Flechettes","Armaments+1","Bludgeon+1","Battle Trance","A Thousand Cuts+1","Crippling Poison+1","Feel No Pain+1","Wraith Form v2+1","Bullet Time","Bludgeon+1","Limit Break","Bouncing Flask"],"relics":["Burning Blood","Regal Pillow","Ginger","Question Card","Pantograph","MealTicket","Snecko Eye","Membership Card","Potion Belt","Anchor","Frozen Egg 2","Orichalcum","Ornamental Fan","Pandora\u0027s Box","Singing Bowl","CeramicFish","Smiling Mask","Bottled Tornado","Paper Frog","Bag of Marbles"],"acts_visited":["Exordium","TheCity","TheBeyond"],"potions_floor_usage":[6,8,8,16,27,33,39,44,50],"damage_taken":[{"damage":6,"enemies":"Jaw Worm","floor":1,"turns":4},{"damage":5,"enemies":"Small Slimes","floor":3,"turns":4},{"damage":0,"enemies":"2 Louse","floor":5,"turns":3},{"damage":15,"enemies":"3 Sentries","floor":6,"turns":6},{"damage":23,"enemies":"Gremlin Nob","floor":8,"turns":5},{"damage":26,"enemies":"Lagavulin","floor":10,"turns":5},{"damage":0,"enemies":"2 Fungi Beasts","floor":13,"turns":1},{"damage":3,"enemies":"Blue Slaver","floor":14,"turns":3},{"damage":58,"enemies":"Slime Boss","floor":16,"turns":9},{"damage":2,"enemies":"Shell Parasite","floor":18,"turns":5},{"damage":0,"enemies":"3 Byrds","floor":22,"turns":2},{"damage":0,"enemies":"Gremlin Leader","floor":24,"turns":4},{"damage":0,"enemies":"Book of Stabbing","floor":27,"turns":5},{"damage":9,"enemies":"Slavers","floor":29,"turns":5},{"damage":0,"enemies":"3 Cultists","floor":30,"turns":2},{"damage":2,"enemies":"Book of Stabbing","floor":31,"turns":5},{"damage":6,"enemies":"Automaton","floor":33,"turns":7},{"damage":3,"enemies":"3 Shapes","floor":35,"turns":4},{"damage":0,"enemies":"Orb Walker","floor":37,"turns":2},{"damage":10,"enemies":"4 Shapes","floor":39,"turns":4},{"damage":0,"enemies":"Nemesis","floor":40,"turns":7},{"damage":0,"enemies":"Giant Head","floor":42,"turns":6},{"damage":0,"enemies":"Nemesis","floor":44,"turns":5},{"damage":0,"enemies":"Jaw Worm Horde","floor":45,"turns":4},{"damage":0,"enemies":"Sphere and 2 Shapes","floor":46,"turns":1},{"damage":0,"enemies":"Giant Head","floor":48,"turns":5},{"damage":29,"enemies":"Awakened One","floor":50,"turns":10}],"seed_played":"9173849983106159895","potions_obtained":[{"floor":3,"key":"FearPotion"},{"floor":5,"key":"Strength Potion"},{"floor":6,"key":"Strength Potion"},{"floor":14,"key":"BloodPotion"},{"floor":22,"key":"AttackPotion"},{"floor":24,"key":"SkillPotion"},{"floor":29,"key":"Fire Potion"},{"floor":30,"key":"Swift Potion"},{"floor":39,"key":"GamblersBrew"},{"floor":42,"key":"DuplicationPotion"},{"floor":45,"key":"ColorlessPotion"}],"is_trial":true,"path_per_floor":["M","$","M","?","M","E","R","E","T","E","$","R","M","M","R","B",null,"M","?","$","?","M","R","E","?","T","E","R","E","M","E","R","B",null,"M","$","M","?","M","E","R","E","T","E","M","M","R","E","R","B",null],"character_chosen":"IRONCLAD","items_purchased":["Dark Shackles","Dash","Membership Card","Feel No Pain+1","Singing Bowl","DistilledChaos"],"campfire_rested":0,"item_purchase_floors":[2,11,20,36,36,36],"current_hp_per_floor":[68,68,69,58,64,55,55,38,38,18,33,33,39,42,42,30,64,68,68,75,69,75,75,75,54,54,60,60,57,63,70,70,83,83,87,87,93,93,95,99,99,99,99,103,107,109,109,111,111,88],"gold":245,"neow_bonus":"","is_daily":false,"chose_seed":false,"campfire_upgraded":9,"win_rate":0.0,"timestamp":1610533658,"path_taken":["M","$","M","?","M","E","R","E","T","E","$","R","M","M","R","BOSS","M","?","$","?","M","R","E","?","T","E","R","E","M","E","R","BOSS","M","$","M","?","M","E","R","E","T","E","M","M","R","E","R","BOSS"],"items_purchased_type":["Card","Card","Relic","Card","Relic","Potion"],"build_version":"2020-12-22","purchased_purges":2,"victory":true,"max_hp_per_floor":[75,75,75,75,75,75,75,75,75,75,75,75,75,75,75,75,75,75,75,75,75,75,75,75,80,80,80,80,80,80,83,83,83,83,87,87,93,93,99,99,99,99,99,103,107,109,109,111,111,111],"relic_stats":{"Regal Pillow":0,"Singing Bowl":8,"counters":[27,123],"CeramicFish":36,"Ginger":[9],"Orichalcum":[18],"Question Card":21,"Smiling Mask":0,"Burning Blood":115,"Ornamental Fan":[28],"Pantograph":38,"Snecko Eye":[133,147,145,141],"MealTicket":22,"Pandora\u0027s Box":["Poisoned Stab","Flechettes","Armaments","Bludgeon","Battle Trance","A Thousand Cuts"],"obtain_stats":[{"Potion Belt":24,"Regal Pillow":4,"Singing Bowl":36,"CeramicFish":40,"Ginger":6,"Frozen Egg 2":27,"Orichalcum":29,"Bottled Tornado":43,"Question Card":8,"Smiling Mask":42,"Burning Blood":0,"Anchor":26,"Ornamental Fan":31,"Pantograph":9,"Snecko Eye":17,"MealTicket":10,"Pandora\u0027s Box":34,"Bag of Marbles":48,"Membership Card":20,"Paper Frog":44},{"Potion Belt":12,"Regal Pillow":2,"Singing Bowl":18,"CeramicFish":21,"Ginger":4,"Frozen Egg 2":13,"Orichalcum":14,"Bottled Tornado":22,"Question Card":5,"Smiling Mask":22,"Burning Blood":0,"Anchor":12,"Ornamental Fan":16,"Pantograph":5,"Snecko Eye":9,"MealTicket":6,"Pandora\u0027s Box":17,"Bag of Marbles":26,"Membership Card":10,"Paper Frog":23},{"Potion Belt":51,"Regal Pillow":8,"Singing Bowl":79,"CeramicFish":92,"Ginger":17,"Frozen Egg 2":56,"Orichalcum":61,"Bottled Tornado":98,"Question Card":22,"Smiling Mask":98,"Burning Blood":0,"Anchor":51,"Ornamental Fan":68,"Pantograph":22,"Snecko Eye":40,"MealTicket":27,"Pandora\u0027s Box":75,"Bag of Marbles":113,"Membership Card":45,"Paper Frog":103}]},"card_choices":[{"not_picked":["Heavy Blade","Metallicize"],"picked":"Deflect","floor":1},{"not_picked":["Pommel Strike","Poisoned Stab"],"picked":"Bloodletting","floor":3},{"not_picked":["Flex","Inflame"],"picked":"Armaments","floor":5},{"not_picked":["Juggernaut","Offering"],"picked":"Immolate","floor":6},{"not_picked":["Burst","Limit Break"],"picked":"Corruption","floor":8},{"not_picked":["Bullet Time","Demon Form","Immolate"],"picked":"Exhume","floor":10},{"not_picked":["Slice","Quick Slash","Iron Wave","Reflex"],"picked":"SKIP","floor":13},{"not_picked":["Thunderclap","Clothesline","Ghostly Armor"],"picked":"PiercingWail","floor":14},{"not_picked":["Phantasmal Killer","Juggernaut","Corruption"],"picked":"Exhume","floor":16},{"not_picked":["Flex","Seeing Red+1","Outmaneuver"],"picked":"Uppercut","floor":18},{"not_picked":["Acrobatics","Clothesline","Setup","Warcry"],"picked":"SKIP","floor":22},{"not_picked":["Phantasmal Killer","Unload","Bludgeon"],"picked":"Bullet Time","floor":24},{"not_picked":["Venomology","Juggernaut+1","Exhume"],"picked":"Bludgeon","floor":27},{"not_picked":["Adrenaline","Die Die Die","Glass Knife"],"picked":"Feed","floor":29},{"not_picked":["Spot Weakness","Perfected Strike","Ghostly Armor"],"picked":"Footwork+1","floor":30},{"not_picked":["Unload","Venomology","Fiend Fire"],"picked":"Demon Form+1","floor":31},{"not_picked":["Storm of Steel","Phantasmal Killer","Feed"],"picked":"Barricade+1","floor":33},{"not_picked":["Armaments+1","Body Slam","Twin Strike"],"picked":"Crippling Poison+1","floor":35},{"not_picked":["Sword Boomerang","Combust+1","Flying Knee","Rage"],"picked":"Singing Bowl","floor":37},{"not_picked":["Dagger Spray+1","PiercingWail","Dagger Throw","Reckless Charge+1"],"picked":"Singing Bowl","floor":39},{"not_picked":["Tools of the Trade+1","Brutality+1","Juggernaut+1"],"picked":"Bullet Time","floor":40},{"not_picked":["Adrenaline","Exhume","Die Die Die"],"picked":"Bludgeon","floor":42},{"not_picked":["Glass Knife","Envenom+1","Doppelganger"],"picked":"Limit Break","floor":44},{"not_picked":["Blade Dance+1","Fire Breathing+1","PiercingWail"],"picked":"Bouncing Flask","floor":45},{"not_picked":["Reckless Charge+1","Blade Dance+1","Cleave","Whirlwind+1"],"picked":"Singing Bowl","floor":46},{"not_picked":["Doppelganger","Glass Knife","Storm of Steel","Corpse Explosion"],"picked":"Singing Bowl","floor":48}],"player_experience":1252714,"relics_obtained":[{"floor":6,"key":"Ginger"},{"floor":8,"key":"Question Card"},{"floor":9,"key":"Pantograph"},{"floor":10,"key":"MealTicket"},{"floor":24,"key":"Potion Belt"},{"floor":26,"key":"Anchor"},{"floor":27,"key":"Frozen Egg 2"},{"floor":29,"key":"Orichalcum"},{"floor":31,"key":"Ornamental Fan"},{"floor":40,"key":"CeramicFish"},{"floor":42,"key":"Smiling Mask"},{"floor":43,"key":"Bottled Tornado"},{"floor":44,"key":"Paper Frog"},{"floor":48,"key":"Bag of Marbles"}],"event_choices":[{"damage_healed":0,"gold_gain":0,"player_choice":"Success","damage_taken":11,"relics_obtained":["Regal Pillow"],"max_hp_gain":0,"max_hp_loss":0,"event_name":"Scrap Ooze","floor":4,"gold_loss":0},{"damage_healed":0,"gold_gain":0,"cards_transformed":["Strike_R","Strike_R"],"player_choice":"Became Test Subject","damage_taken":0,"max_hp_gain":0,"max_hp_loss":0,"event_name":"Drug Dealer","floor":19,"gold_loss":0,"cards_obtained":["Dash","Armaments"]},{"damage_healed":0,"gold_gain":0,"player_choice":"Joined the Cult","damage_taken":6,"max_hp_gain":0,"max_hp_loss":0,"event_name":"Nest","floor":21,"gold_loss":0,"cards_obtained":["RitualDagger"]},{"damage_healed":0,"gold_gain":0,"player_choice":"Shed Blood","damage_taken":26,"max_hp_gain":5,"max_hp_loss":0,"event_name":"Forgotten Altar","floor":25,"gold_loss":0},{"damage_healed":0,"gold_gain":0,"player_choice":"1 cards matched","damage_taken":0,"max_hp_gain":0,"max_hp_loss":0,"event_name":"Match and Keep!","floor":38,"gold_loss":0,"cards_obtained":["Wraith Form v2"]}],"is_beta":false,"boss_relics":[{"not_picked":["Calling Bell","Fusion Hammer"],"picked":"Snecko Eye"},{"not_picked":["Cursed Key","Black Blood"],"picked":"Pandora\u0027s Box"}],"items_purged_floors":[11,36],"is_endless":false,"potions_floor_spawned":[3,5,6,14,22,24,29,30,39,42,45,48],"ascension_level":15}}