{"host":"l97fnvmr74b5xfzs","time":1610572424,"event":{"mods":["AchievementEnabler","BaseMod","Better Third Choice","Downfall","Evolution","Minty Spire (QoL Compilation)","Relic Stats","StSLib"],"gold_per_floor":[99,99,99,99,99,99,99,9,9,9,19,30,30,49,76,182,182,182,182,209,232,35,58,58,58,92,117,162,162,187,203,219,219,219,219],"floor_reached":33,"language":"ENG","playtime":15586,"items_purged":["hexamod:Strike"],"score":273,"play_id":"435bb747-9fdb-4542-a052-c06418812d82","local_time":"20210113161344","is_ascension_mode":false,"campfire_choices":[{"floor":1,"key":"RECALL"},{"data":"hexamod:NecessarySacrifice","floor":6,"key":"SMITH"},{"data":"hexamod:GhostLash","floor":9,"key":"SMITH"},{"data":"hexamod:ChargedBarrage","floor":13,"key":"SMITH"},{"data":"hexamod:Firestarter","floor":18,"key":"SMITH"},{"data":"hexamod:Sear","floor":25,"key":"SMITH"},{"data":"hexamod:GhostOfSpirePresent","floor":29,"key":"SMITH"}],"circlet_count":0,"master_deck":["hexamod:Strike+1","hexamod:Strike+1","hexamod:Strike+1","hexamod:Defend","hexamod:Defend","hexamod:Defend+1","hexamod:Defend","hexamod:Sear+1","hexamod:Float","hexamod:NightmareGuise+1","hexamod:Hexaguard+1","hexamod:NecessarySacrifice+1","hexamod:GhostLash+1","hexamod:Firestarter+1","hexamod:SpectersWail+1","hexamod:FirstSeal","hexamod:ChargedBarrage+1","hexamod:SecondSeal","hexamod:DynamicBlow","hexamod:SixthSeal","hexamod:BurningTouch+1","hexamod:SwordOfDarkness+1","hexamod:PhantomFireball","hexamod:GhostOfSpireFuture+1","hexamod:Firestarter+1","hexamod:GhostOfSpirePresent+1","hexamod:GhostLash+1","hexamod:VolcanoVisage","hexamod:EmpoweredFlame+1","hexamod:BurningTouch+1"],"relics":["hexamod:SpiritBrand","EVO:Axolotl","downfall:HeartsMalice","Shuriken","Kunai","Sozu","MutagenicStrength","Bottled Tornado","Whetstone","Tiny Chest","Boot"],"acts_visited":["Exordium","TheCity"],"potions_floor_usage":[16,16,26,33],"damage_taken":[{"damage":0,"enemies":"2 Louse","floor":2,"turns":1},{"damage":0,"enemies":"Cultist","floor":3,"turns":1},{"damage":0,"enemies":"Jaw Worm","floor":5,"turns":1},{"damage":0,"enemies":"downfall:FleeingMerchant","floor":8,"turns":4},{"damage":0,"enemies":"Exordium Wildlife","floor":11,"turns":3},{"damage":2,"enemies":"Blue Slaver","floor":12,"turns":3},{"damage":13,"enemies":"Large Slime","floor":14,"turns":8},{"damage":1,"enemies":"2 Fungi Beasts","floor":15,"turns":4},{"damage":43,"enemies":"downfall:Defect","floor":16,"turns":7},{"damage":0,"enemies":"Chosen","floor":21,"turns":4},{"damage":15,"enemies":"downfall:FleeingMerchant","floor":22,"turns":4},{"damage":22,"enemies":"Shell Parasite","floor":23,"turns":6},{"damage":28,"enemies":"Book of Stabbing","floor":26,"turns":6},{"damage":3,"enemies":"3 Cultists","floor":27,"turns":5},{"damage":24,"enemies":"Slavers","floor":30,"turns":6},{"damage":0,"enemies":"Snecko","floor":31,"turns":3},{"damage":16,"enemies":"Snake Plant","floor":32,"turns":4},{"damage":11,"enemies":"downfall:Ironclad","floor":33,"turns":4}],"seed_played":"-7962747280123538865","potions_obtained":[{"floor":12,"key":"Guardian:BlockOnCardUsePotion"},{"floor":14,"key":"Dexterity Potion"},{"floor":15,"key":"DistilledChaos"},{"floor":16,"key":"FearPotion"}],"is_trial":false,"path_per_floor":["R","M","M","?","M","R","T","$","R","T","M","M","R","M","M","B",null,"R","?","T","M","$","M","T","R","E","M","T","R","E","M","M","B"],"character_chosen":"THE_SPIRIT","items_purchased":["hexamod:Firestarter","hexamod:SpectersWail","hexamod:PhantomFireball","hexamod:GhostOfSpireFuture"],"campfire_rested":0,"item_purchase_floors":[8,8,22,22],"current_hp_per_floor":[70,70,70,70,70,70,70,70,70,70,70,70,70,64,70,34,70,70,70,70,70,62,47,47,47,26,30,30,30,13,20,11,0,0,0],"gold":219,"neow_bonus":"THREE_ENEMY_KILL","is_daily":false,"chose_seed":false,"campfire_upgraded":6,"win_rate":0.0,"timestamp":1610572424,"path_taken":["R","M","M","?","?","R","T","?","R","?","M","M","R","M","M","BOSS","R","?","?","M","$","M","T","R","E","M","?","R","E","M","M","BOSS"],"items_purchased_type":["Card","Card","Card","Card"],"build_version":"2020-12-22","purchased_purges":1,"victory":false,"max_hp_per_floor":[70,70,70,70,70,70,70,70,70,70,70,70,70,70,70,70,70,70,70,70,70,70,70,70,70,70,70,70,70,70,70,70,70,70,70],"relic_stats":{"Sozu":5,"counters":[18,71],"Shuriken":[10],"Tiny Chest":0,"Kunai":[10],"Whetstone":["hexamod:Strike","hexamod:SpectersWail"],"Boot":[0],"obtain_stats":[{"Sozu":17,"Shuriken":7,"MutagenicStrength":19,"downfall:HeartsMalice":0,"Tiny Chest":28,"EVO:Axolotl":0,"Kunai":10,"Whetstone":26,"Bottled Tornado":24,"Boot":30,"hexamod:SpiritBrand":0},{"Sozu":9,"Shuriken":3,"MutagenicStrength":9,"downfall:HeartsMalice":0,"Tiny Chest":14,"EVO:Axolotl":0,"Kunai":4,"Whetstone":13,"Bottled Tornado":12,"Boot":15,"hexamod:SpiritBrand":0},{"Sozu":29,"Shuriken":0,"MutagenicStrength":29,"downfall:HeartsMalice":0,"Tiny Chest":54,"EVO:Axolotl":0,"Kunai":4,"Whetstone":49,"Bottled Tornado":43,"Boot":60,"hexamod:SpiritBrand":0}]},"card_choices":[{"not_picked":["hexamod:FastForward","hexamod:ShieldOfDarkness"],"picked":"hexamod:NightmareGuise","floor":2},{"not_picked":["hexamod:ShieldOfDarkness","hexamod:BurningTouch"],"picked":"hexamod:Hexaguard","floor":3},{"not_picked":["hexamod:AdvancingGuard","hexamod:InspiringFlames"],"picked":"hexamod:NecessarySacrifice","floor":5},{"not_picked":["hexamod:NightmareGuise","hexamod:ShieldOfDarkness"],"picked":"hexamod:GhostLash","floor":8},{"not_picked":["hexamod:RetreatToShadows","hexamod:Haunt"],"picked":"hexamod:FirstSeal","floor":11},{"not_picked":["hexamod:EmpoweredFlame","hexamod:InspiringFlames"],"picked":"hexamod:ChargedBarrage","floor":12},{"not_picked":["hexamod:DynamicBlow","hexamod:HeatMetal"],"picked":"hexamod:SecondSeal","floor":14},{"not_picked":["hexamod:HauntingEcho","hexamod:AdvancingGuard"],"picked":"hexamod:DynamicBlow","floor":15},{"not_picked":["hexamod:TimeOfNeed","hexamod:SearingWound"],"picked":"hexamod:SixthSeal","floor":16},{"not_picked":["hexamod:NightmareStrike+1","hexamod:InspiringFlames"],"picked":"hexamod:BurningTouch+1","floor":21},{"not_picked":["hexamod:SkipABeat","hexamod:Incineration"],"picked":"hexamod:SwordOfDarkness+1","floor":22},{"not_picked":["hexamod:NightmareGuise","hexamod:NightmareStrike+1"],"picked":"hexamod:Firestarter+1","floor":23},{"not_picked":["hexamod:ChargedBarrage","hexamod:ThermalTransfer"],"picked":"hexamod:GhostOfSpirePresent","floor":26},{"not_picked":["hexamod:DynamicBlow","hexamod:NightmareGuise"],"picked":"hexamod:GhostLash","floor":27},{"not_picked":["hexamod:NightmareStrike+1","hexamod:SpectersWail"],"picked":"hexamod:VolcanoVisage","floor":30},{"not_picked":["hexamod:NightmareStrike","hexamod:EtherealExpedition"],"picked":"hexamod:EmpoweredFlame+1","floor":31},{"not_picked":["hexamod:Again","hexamod:AdvancingGuard"],"picked":"hexamod:BurningTouch+1","floor":32}],"player_experience":292142,"relics_obtained":[{"floor":7,"key":"Shuriken"},{"floor":10,"key":"Kunai"},{"floor":24,"key":"Bottled Tornado"},{"floor":26,"key":"Whetstone"},{"floor":28,"key":"Tiny Chest"},{"floor":30,"key":"Boot"}],"event_choices":[{"damage_healed":0,"gold_gain":0,"player_choice":"Forge","damage_taken":0,"max_hp_gain":0,"max_hp_loss":0,"event_name":"Accursed Blacksmith","floor":4,"gold_loss":0,"cards_upgraded":["hexamod:Hexaguard"]},{"damage_healed":0,"gold_gain":0,"player_choice":"Inject Mutagens","damage_taken":0,"relics_obtained":["MutagenicStrength"],"max_hp_gain":0,"max_hp_loss":0,"event_name":"Drug Dealer","floor":19,"gold_loss":0}],"is_beta":false,"boss_relics":[{"not_picked":["Busted Crown","Astrolabe"],"picked":"Sozu"}],"items_purged_floors":[22],"is_endless":false,"potions_floor_spawned":[12,14,15,16,21,23,26,30,31],"killed_by":"downfall:Ironclad","ascension_level":0}}