{"host":"4ftwfwncs88tvnc0","time":1610496182,"event":{"mods":["AchievementEnabler","Arknights The Spire","Aspiration","BaseMod","Beaked The Cultist","Bestiary","Better Altar","Better Match","Better Note","Better Sensory Stone","Better Skull","Better Third Choice","Clawfect","Colored Map","Conspire","Downfall","GifTheSpireLib","Halation","Hubris","Infinite Spire","Mad Scientist","Mimic Mod","Minty Spire (QoL Compilation)","Replay The Spire","Shade Mod","Shop Mod","Spicy Shops","StSLib","Stuff the Spire","The Construct","The Cursed","The Disciple","The Necromancer","The Servant 0.9.4"],"gold_per_floor":[12,12,12,25,46,46,61,61,61],"floor_reached":8,"language":"ENG","playtime":236,"items_purged":[],"score":73,"play_id":"d7c790e0-bc40-4eac-a065-90e7393a2e8d","local_time":"20210113000302","is_ascension_mode":false,"campfire_choices":[{"floor":6,"key":"REST"}],"circlet_count":0,"master_deck":["Gash","Gash","Gash","Gash","Gash","Defend_B","Defend_B","Defend_B","Defend_B","Defend_B","Mayhem","Clawfect:Clawrage","Clawfect:ClawpileDriver"],"relics":["Clawfect:DRClaw","Golden Idol"],"acts_visited":["Exordium"],"potions_floor_usage":[8],"damage_taken":[{"damage":23,"enemies":"2 Louse","floor":1,"turns":3},{"damage":5,"enemies":"Small Slimes","floor":4,"turns":4},{"damage":11,"enemies":"Jaw Worm","floor":5,"turns":4},{"damage":15,"enemies":"Looter","floor":7,"turns":3},{"damage":27,"enemies":"3 Sentries","floor":8,"turns":3}],"seed_played":"3106697060515409655","potions_obtained":[{"floor":5,"key":"Venom Potion"}],"is_trial":false,"path_per_floor":["M","$","?","M","M","R","M","E"],"character_chosen":"DEFECT","items_purchased":[],"campfire_rested":1,"item_purchase_floors":[],"current_hp_per_floor":[52,52,34,29,18,40,25,0,0],"gold":61,"neow_bonus":"RANDOM_COLORLESS_2","is_daily":false,"chose_seed":false,"campfire_upgraded":0,"win_rate":0.0,"timestamp":1610496182,"path_taken":["M","$","?","M","M","R","M","E"],"items_purchased_type":[],"build_version":"2020-12-22","purchased_purges":0,"victory":false,"max_hp_per_floor":[75,75,75,75,75,75,75,75,75],"card_choices":[{"not_picked":["ReplayUltimateDefense","expansioncontent:StudyTheSpire"],"picked":"Mayhem","floor":0},{"not_picked":["BootSequence","ReplayTheSpireMod:Repulse","Leap"],"picked":"SKIP","floor":1},{"not_picked":["ReplaySort","hubris:PowerSurge"],"picked":"Clawfect:Clawrage","floor":4},{"not_picked":["Clawfect:ClawLightning","Clawfect:ClawForTheEyes"],"picked":"Clawfect:ClawpileDriver","floor":5},{"not_picked":["Stack","Redo","Leap"],"picked":"SKIP","floor":7}],"player_experience":125845,"relics_obtained":[],"event_choices":[{"damage_healed":0,"gold_gain":0,"player_choice":"Take Damage","damage_taken":18,"relics_obtained":["Golden Idol"],"max_hp_gain":0,"max_hp_loss":0,"event_name":"Golden Idol","floor":3,"gold_loss":0}],"is_beta":false,"boss_relics":[],"items_purged_floors":[],"is_endless":false,"potions_floor_spawned":[5],"killed_by":"3 Sentries","ascension_level":0}}