{"host":"fkig9nrckec4xsh0","time":1610513060,"event":{"mods":["BaseMod","Colored Map","Minty Spire (QoL Compilation)","Quick Restart","Replay The Spire","StSLib"],"gold_per_floor":[115,290,290,5,5,5,31,48,48,77,77,94,94,113,113,213,213,227,227,240,259,184,218,237,152,152,152,167,194,205,232,232,328,328,340,340,352,370,383,383,411,27,27,27,42,72,124,158,158,158,158],"floor_reached":50,"language":"ENG","playtime":2878,"items_purged":["Doubt"],"score":775,"play_id":"b6bd0311-489f-425a-b7a6-43bb97a72ff8","local_time":"20210112234420","is_ascension_mode":true,"campfire_choices":[{"data":"Neutralize","floor":6,"key":"SMITH"},{"data":"Crippling Poison","floor":11,"key":"SMITH"},{"floor":15,"key":"REST"},{"data":"1","floor":27,"key":"LIFT"},{"data":"2","floor":32,"key":"LIFT"},{"data":"3","floor":40,"key":"LIFT"},{"data":"ReplayTheSpireMod:The Works","floor":44,"key":"SMITH"},{"data":"Acrobatics","floor":49,"key":"SMITH"}],"circlet_count":0,"master_deck":["Strike_G","Strike_G","Strike_G","Strike_G","Strike_G","Defend_G","Defend_G","Defend_G","Defend_G","Defend_G+1","Survivor","Neutralize+1","Underhanded Strike","Backflip","Noxious Fumes","Flying Knee","Acrobatics+1","Crippling Poison+1","Infinite Blades","Prepared","Phantasmal Killer","Dagger Throw+1","Outmaneuver+1","Tools of the Trade+1","Backstab","Noxious Fumes","Predator","Crippling Poison+1","Dagger Spray+1","Tactician+1","Atom Bomb","ReplayTheSpireMod:Scrap Shanks+1","Eviscerate+1","Noxious Fumes+1","Acrobatics+1","ReplayTheSpireMod:The Works+1","Toxin Wave+1","ReplayTheSpireMod:The Works+1","Concentrate+1","Quick Slash"],"relics":["Ring of the Serpent","NeowsBlessing","ReplayTheSpireMod:CursedCoin","Shuriken","Ice Cream","Onion Ring","Thread and Needle","Gremlin Food","Replay:Bronze Core","Iron Hammer","Girya","Meat on the Bone","Red Mask","Centennial Puzzle","Pear","Membership Card","Unceasing Top","Replay:Bottled Steam","Peace Pipe","Replay:Bottled Snecko"],"acts_visited":["Exordium","TheCity","TheBeyond"],"potions_floor_usage":[23,23,33,35,41,46],"damage_taken":[{"damage":0,"enemies":"Small Slimes","floor":1,"turns":1},{"damage":0,"enemies":"3 Sentries","floor":7,"turns":1},{"damage":0,"enemies":"2 Louse","floor":8,"turns":1},{"damage":20,"enemies":"Lagavulin","floor":10,"turns":5},{"damage":0,"enemies":"Jaw Worm","floor":12,"turns":4},{"damage":0,"enemies":"Exordium Thugs","floor":14,"turns":4},{"damage":25,"enemies":"Hexaghost","floor":16,"turns":9},{"damage":4,"enemies":"Chosen","floor":18,"turns":3},{"damage":7,"enemies":"2 Thieves","floor":20,"turns":4},{"damage":1,"enemies":"Cultist and Chosen","floor":21,"turns":5},{"damage":13,"enemies":"Slavers","floor":23,"turns":4},{"damage":4,"enemies":"Centurion and Healer","floor":24,"turns":4},{"damage":4,"enemies":"Shelled Parasite and Fungi","floor":28,"turns":4},{"damage":19,"enemies":"Masked Bandits","floor":29,"turns":4},{"damage":0,"enemies":"3 Cultists","floor":30,"turns":3},{"damage":21,"enemies":"Book of Stabbing","floor":31,"turns":5},{"damage":16,"enemies":"Automaton","floor":33,"turns":6},{"damage":3,"enemies":"Orb Walker","floor":35,"turns":2},{"damage":14,"enemies":"3 Darklings","floor":37,"turns":3},{"damage":14,"enemies":"4 Shapes","floor":38,"turns":3},{"damage":21,"enemies":"Jaw Worm Horde","floor":39,"turns":3},{"damage":17,"enemies":"R_Hoarder","floor":41,"turns":6},{"damage":22,"enemies":"Transient","floor":45,"turns":5},{"damage":45,"enemies":"Reptomancer","floor":46,"turns":5},{"damage":21,"enemies":"2 Orb Walkers","floor":47,"turns":4},{"damage":0,"enemies":"Giant Head","floor":48,"turns":4},{"damage":39,"enemies":"Awakened One","floor":50,"turns":4}],"seed_played":"2844363613115808755","potions_obtained":[{"floor":10,"key":"Elixir"},{"floor":16,"key":"PowerPotion"},{"floor":21,"key":"BlessingOfTheForge"},{"floor":23,"key":"FairyPotion"},{"floor":28,"key":"Ancient Potion"},{"floor":33,"key":"SkillPotion"},{"floor":37,"key":"Fire Potion"},{"floor":39,"key":"Strength Potion"},{"floor":45,"key":"FearPotion"},{"floor":46,"key":"BlessingOfTheForge"}],"is_trial":false,"path_per_floor":["M","?","?","$","?","R","E","M","T","E","R","M","?","M","R","B",null,"M","?","M","M","?","E","M","?","T","R","M","?","M","E","R","B",null,"M","?","M","M","M","R","E","$","T","R","M","E","?","E","R","B"],"character_chosen":"THE_SILENT","items_purchased":["ReplayTheSpireMod:CursedCoin","Backflip","Noxious Fumes","Shuriken","ReplayTheSpireMod:The Works","Membership Card","Unceasing Top"],"campfire_rested":1,"item_purchase_floors":[4,4,4,4,42,42,42],"current_hp_per_floor":[70,70,70,70,70,70,70,70,70,50,50,50,47,47,68,43,70,66,66,59,58,58,45,41,41,41,41,37,30,42,33,33,29,70,67,67,53,39,30,30,35,35,35,35,25,36,27,39,39,0,0],"gold":158,"neow_bonus":"THREE_ENEMY_KILL","is_daily":false,"chose_seed":false,"campfire_upgraded":4,"win_rate":0.0,"timestamp":1610513060,"path_taken":["M","?","?","$","?","R","E","M","T","E","R","?","?","M","R","BOSS","M","?","M","?","?","E","M","?","T","R","M","?","M","E","R","BOSS","M","?","M","M","?","R","E","$","T","R","M","E","?","E","R","BOSS"],"items_purchased_type":["Relic","Card","Card","Relic","Card","Relic","Relic"],"build_version":"2020-12-22","purchased_purges":1,"victory":false,"max_hp_per_floor":[70,70,70,70,70,70,70,70,70,70,70,70,70,70,70,70,70,70,70,70,70,70,70,70,70,70,70,70,70,70,70,70,70,70,70,70,70,70,70,70,80,80,80,80,80,80,80,80,80,80,80],"card_choices":[{"not_picked":["PiercingWail","ReplayTheSpireMod:Scrap Shanks"],"picked":"Underhanded Strike","floor":1},{"not_picked":["Dagger Spray","Dodge and Roll"],"picked":"Flying Knee","floor":7},{"not_picked":["Slice","Underhanded Strike"],"picked":"Acrobatics","floor":8},{"not_picked":["Catalyst","Caltrops"],"picked":"Crippling Poison","floor":10},{"not_picked":["Choke","Outmaneuver"],"picked":"Infinite Blades","floor":12},{"not_picked":["Leg Sweep","Deflect"],"picked":"Prepared","floor":14},{"not_picked":["Bullet Time","Replay:Bag of Tricks"],"picked":"Phantasmal Killer","floor":16},{"not_picked":["Dodge and Roll+1","Footwork+1"],"picked":"Dagger Throw+1","floor":18},{"not_picked":["Deflect","Sucker Punch"],"picked":"Outmaneuver+1","floor":20},{"not_picked":["Heel Hook","Backflip+1"],"picked":"Tools of the Trade","floor":21},{"not_picked":["Bane","Flying Knee+1"],"picked":"Backstab","floor":23},{"not_picked":["Bane","Catalyst"],"picked":"Noxious Fumes","floor":24},{"not_picked":["ReplayTheSpireMod:Speed Training","Caltrops+1"],"picked":"Predator","floor":28},{"not_picked":["Terror","Sucker Punch"],"picked":"Crippling Poison+1","floor":29},{"not_picked":["Poisoned Stab","Doppelganger"],"picked":"Dagger Spray+1","floor":30},{"not_picked":["Fluid Movement","Terror"],"picked":"Tactician+1","floor":31},{"not_picked":["ReplayTheSpireMod:Necrosis","Venomology"],"picked":"Atom Bomb","floor":33},{"not_picked":["Deflect","Slice+1"],"picked":"ReplayTheSpireMod:Scrap Shanks+1","floor":35},{"not_picked":["Accuracy+1","Deflect+1"],"picked":"Eviscerate+1","floor":37},{"not_picked":["Sneak Up","Slice+1","Flying Knee"],"picked":"SKIP","floor":38},{"not_picked":["Flying Knee+1","Poisoned Stab"],"picked":"Noxious Fumes+1","floor":39},{"not_picked":["Blade Dance","Grand Finale"],"picked":"Acrobatics+1","floor":41},{"not_picked":["Skewer","Deflect"],"picked":"Toxin Wave+1","floor":45},{"not_picked":["Malaise","Hidden Blade+1"],"picked":"ReplayTheSpireMod:The Works+1","floor":46},{"not_picked":["Quick Slash+1","Dagger Spray+1"],"picked":"Concentrate+1","floor":47},{"not_picked":["Cloak And Dagger+1","Terror+1"],"picked":"Quick Slash","floor":48}],"player_experience":306162,"relics_obtained":[{"floor":7,"key":"Ice Cream"},{"floor":9,"key":"Onion Ring"},{"floor":10,"key":"Thread and Needle"},{"floor":23,"key":"Iron Hammer"},{"floor":26,"key":"Meat on the Bone"},{"floor":29,"key":"Red Mask"},{"floor":31,"key":"Centennial Puzzle"},{"floor":41,"key":"Pear"},{"floor":46,"key":"Replay:Bottled Steam"},{"floor":47,"key":"Peace Pipe"},{"floor":48,"key":"Replay:Bottled Snecko"}],"event_choices":[{"damage_healed":0,"gold_gain":175,"player_choice":"AGREE","damage_taken":0,"max_hp_gain":0,"max_hp_loss":0,"event_name":"Liars Game","floor":2,"gold_loss":0,"cards_obtained":["Doubt"]},{"cards_removed":["ReplayTheSpireMod:Splinters"],"damage_healed":0,"gold_gain":0,"player_choice":"Purged","damage_taken":0,"max_hp_gain":0,"max_hp_loss":0,"event_name":"Purifier","floor":5,"gold_loss":0},{"damage_healed":0,"gold_gain":0,"player_choice":"Success","damage_taken":3,"relics_obtained":["Gremlin Food"],"max_hp_gain":0,"max_hp_loss":0,"event_name":"Scrap Ooze","floor":13,"gold_loss":0},{"damage_healed":0,"gold_gain":0,"player_choice":"Cursed","damage_taken":0,"max_hp_gain":0,"max_hp_loss":0,"event_name":"Wheel of Change","floor":19,"gold_loss":0,"cards_obtained":["Decay"]},{"cards_removed":["Decay"],"damage_healed":0,"gold_gain":0,"player_choice":"Gave Gold","damage_taken":0,"max_hp_gain":0,"max_hp_loss":0,"event_name":"Beggar","floor":22,"gold_loss":75},{"damage_healed":0,"gold_gain":0,"player_choice":"Obtained Relic","damage_taken":0,"relics_obtained":["Girya"],"max_hp_gain":0,"max_hp_loss":0,"event_name":"Addict","floor":25,"gold_loss":85},{"damage_healed":0,"gold_gain":0,"player_choice":"Fought Bandits","damage_taken":0,"max_hp_gain":0,"max_hp_loss":0,"event_name":"Masked Bandits","floor":29,"gold_loss":0},{"damage_healed":0,"gold_gain":0,"player_choice":"Forge","damage_taken":0,"max_hp_gain":0,"max_hp_loss":0,"event_name":"Accursed Blacksmith","floor":36,"gold_loss":0,"cards_upgraded":["Tools of the Trade"]},{"damage_healed":0,"gold_gain":0,"player_choice":"Fight","damage_taken":0,"max_hp_gain":0,"max_hp_loss":0,"event_name":"Mysterious Sphere","floor":47,"gold_loss":0}],"is_beta":false,"boss_relics":[{"not_picked":["Replay:Wanted Poster","Empty Cage"],"picked":"Replay:Bronze Core"},{"not_picked":["Runic Dome","Runic Pyramid"],"picked":"Ring of the Serpent"}],"items_purged_floors":[4],"is_endless":false,"potions_floor_spawned":[10,16,21,23,28,33,37,39,45,46],"killed_by":"Awakened One","ascension_level":3}}