{"host":"3jpwrwmmgyabjceh","time":1610567384,"event":{"mods":["AchievementEnabler","BaseMod","Colored Map","Colored Powertips","Highlight Path","Minty Spire (QoL Compilation)","Quick Restart","Relic Stats","StSLib","SuperFastMode"],"gold_per_floor":[119,119,119,131,150,178,178,14,14,44,44,58,77,88,88,184,184,204,215,77,77,77,110,110,127,127,137,156,183,199,199,199,199,199],"floor_reached":33,"language":"ENG","playtime":1033,"items_purged":["Strike_R","Defend_R"],"score":444,"play_id":"3de3128a-fe91-4086-afce-1daef15ebdab","local_time":"20210113224944","is_ascension_mode":true,"campfire_choices":[{"data":"Bash","floor":7.0,"key":"SMITH"},{"data":"Body Slam","floor":15.0,"key":"SMITH"},{"data":"Shockwave","floor":24,"key":"SMITH"},{"data":"Rage","floor":32,"key":"SMITH"}],"circlet_count":0,"master_deck":["Strike_R","Strike_R","Strike_R","Strike_R","Defend_R+1","Defend_R","Defend_R+1","Bash+1","Pommel Strike","Body Slam+1","Shockwave+1","Hemokinesis","Thunderclap","Twin Strike","Shrug It Off","Feed","Carnage+1","Rage+1","Feed","Spot Weakness+1","Cleave","Dropkick","Body Slam+1","Feed"],"relics":["Coffee Dripper","White Beast Statue","Happy Flower","Kunai","Philosopher\u0027s Stone","Bag of Preparation","FossilizedHelix","Lantern"],"acts_visited":["Exordium","TheCity"],"potions_floor_usage":[16,23,33,33],"damage_taken":[{"damage":0.0,"enemies":"Small Slimes","floor":1.0,"turns":3.0},{"damage":0.0,"enemies":"Cultist","floor":4.0,"turns":2.0},{"damage":3.0,"enemies":"2 Louse","floor":5.0,"turns":3.0},{"damage":9.0,"enemies":"Lagavulin","floor":6.0,"turns":6.0},{"damage":8.0,"enemies":"Gremlin Nob","floor":10.0,"turns":3.0},{"damage":0.0,"enemies":"Large Slime","floor":12.0,"turns":3.0},{"damage":8.0,"enemies":"Looter","floor":13.0,"turns":2.0},{"damage":18.0,"enemies":"Exordium Wildlife","floor":14.0,"turns":3.0},{"damage":4,"enemies":"Slime Boss","floor":16,"turns":8},{"damage":14,"enemies":"Spheric Guardian","floor":18,"turns":3},{"damage":2,"enemies":"Shell Parasite","floor":19,"turns":3},{"damage":9,"enemies":"Gremlin Leader","floor":23,"turns":5},{"damage":25,"enemies":"Shelled Parasite and Fungi","floor":25,"turns":4},{"damage":3,"enemies":"Cultist and Chosen","floor":27,"turns":4},{"damage":0,"enemies":"Chosen and Byrds","floor":28,"turns":5},{"damage":6,"enemies":"Book of Stabbing","floor":29,"turns":4},{"damage":0,"enemies":"Snake Plant","floor":30,"turns":1},{"damage":52,"enemies":"Automaton","floor":33,"turns":6}],"seed_played":"4554200829394905903","potions_obtained":[{"floor":5.0,"key":"Weak Potion"},{"floor":10.0,"key":"Ancient Potion"},{"floor":12.0,"key":"LiquidBronze"},{"floor":13.0,"key":"LiquidBronze"},{"floor":14.0,"key":"Regen Potion"},{"floor":16,"key":"BlessingOfTheForge"},{"floor":18,"key":"LiquidMemories"},{"floor":23,"key":"Strength Potion"},{"floor":25,"key":"CultistPotion"},{"floor":29,"key":"PowerPotion"}],"is_trial":false,"path_per_floor":["M","?","?","M","M","E","R","$","T","E","$","M","M","M","R","B",null,"M","M","$","?","$","E","R","M","T","M","M","E","M","?","R","B"],"character_chosen":"IRONCLAD","items_purchased":["Hemokinesis","AttackPotion","Rage"],"campfire_rested":0,"item_purchase_floors":[8,8,20],"current_hp_per_floor":[80,64,64,64,61,52,52,52,52,44,44,44,36,18,18,29,80,69,67,67,67,67,58,58,39,39,39,45,42,42,42,42,0,0],"gold":199,"neow_bonus":"BOSS_RELIC","is_daily":false,"chose_seed":false,"campfire_upgraded":4,"win_rate":0.0,"timestamp":1610567384,"path_taken":["M","?","?","M","M","E","R","$","T","E","$","M","M","M","R","BOSS","M","M","$","?","?","E","R","M","T","M","M","E","M","?","R","BOSS"],"items_purchased_type":["Card","Potion","Card"],"build_version":"2020-12-22","purchased_purges":2,"victory":false,"max_hp_per_floor":[80,80,80,80,80,80,80,80,80,80,80,80,80,80,80,80,80,83,83,83,83,83,83,83,89,89,92,98,101,101,101,101,101,101],"relic_stats":{"Happy Flower":[18],"counters":[18,68],"Bag of Preparation":[12],"Kunai":[27],"obtain_stats":[{"Lantern":29,"Happy Flower":9,"Philosopher\u0027s Stone":17,"Coffee Dripper":0,"Bag of Preparation":23,"Kunai":10,"Burning Blood":0,"White Beast Statue":6,"FossilizedHelix":26},{"Lantern":16,"Happy Flower":4,"Philosopher\u0027s Stone":9,"Coffee Dripper":0,"Bag of Preparation":12,"Kunai":5,"Burning Blood":0,"White Beast Statue":4,"FossilizedHelix":13},{"Lantern":61,"Happy Flower":14,"Philosopher\u0027s Stone":33,"Coffee Dripper":0,"Bag of Preparation":44,"Kunai":17,"Burning Blood":0,"White Beast Statue":14,"FossilizedHelix":48}]},"card_choices":[{"not_picked":["Feel No Pain","Reckless Charge"],"picked":"Pommel Strike","floor":1.0},{"not_picked":["Clash","Sword Boomerang"],"picked":"Body Slam","floor":4.0},{"not_picked":["Dark Embrace","Wild Strike"],"picked":"Shockwave","floor":5.0},{"not_picked":["Headbutt","Blood for Blood","Sentinel"],"picked":"SKIP","floor":6.0},{"not_picked":["Wild Strike","Sword Boomerang"],"picked":"Thunderclap","floor":10.0},{"not_picked":["Power Through","Havoc"],"picked":"Twin Strike","floor":12.0},{"not_picked":["Thunderclap","Iron Wave"],"picked":"Shrug It Off","floor":13.0},{"not_picked":["Headbutt","Blood for Blood","Sword Boomerang"],"picked":"SKIP","floor":14.0},{"not_picked":["Juggernaut","Berserk"],"picked":"Feed","floor":16},{"not_picked":["Shrug It Off","Sword Boomerang"],"picked":"Carnage+1","floor":18},{"not_picked":["Warcry","Thunderclap","Pommel Strike"],"picked":"SKIP","floor":19},{"not_picked":["Feel No Pain+1","Perfected Strike+1"],"picked":"Spot Weakness+1","floor":23},{"not_picked":["Hemokinesis","Pommel Strike+1"],"picked":"Cleave","floor":25},{"not_picked":["Pommel Strike","Cleave","Wild Strike"],"picked":"SKIP","floor":27},{"not_picked":["Sword Boomerang+1","Evolve+1"],"picked":"Dropkick","floor":28},{"not_picked":["Cleave","Flame Barrier"],"picked":"Body Slam+1","floor":29},{"not_picked":["Perfected Strike","Twin Strike+1"],"picked":"Feed","floor":30}],"player_experience":243330,"relics_obtained":[{"floor":6.0,"key":"White Beast Statue"},{"floor":9.0,"key":"Happy Flower"},{"floor":10.0,"key":"Kunai"},{"floor":23,"key":"Bag of Preparation"},{"floor":26,"key":"FossilizedHelix"},{"floor":29,"key":"Lantern"}],"event_choices":[{"damage_healed":0.0,"max_hp_gain":0.0,"max_hp_loss":0.0,"gold_gain":0.0,"event_name":"Shining Light","player_choice":"Entered Light","floor":2.0,"gold_loss":0.0,"damage_taken":16.0,"cards_upgraded":["Defend_R","Defend_R"]},{"damage_healed":0.0,"max_hp_gain":0.0,"max_hp_loss":0.0,"gold_gain":0.0,"event_name":"Liars Game","player_choice":"Ignored","floor":3.0,"gold_loss":0.0,"damage_taken":0.0},{"damage_healed":0,"gold_gain":0,"player_choice":"Copied","damage_taken":0,"max_hp_gain":0,"max_hp_loss":0,"event_name":"Duplicator","floor":21,"gold_loss":0,"cards_obtained":["Feed"]},{"damage_healed":0,"gold_gain":0,"player_choice":"Got Potions","damage_taken":0,"max_hp_gain":0,"max_hp_loss":0,"event_name":"Lab","floor":31,"gold_loss":0}],"is_beta":false,"boss_relics":[{"not_picked":["Runic Dome","Fusion Hammer"],"picked":"Philosopher\u0027s Stone"}],"items_purged_floors":[8,20],"is_endless":false,"potions_floor_spawned":[5,10,12,13,14,16,18,19,23,25,27,28,29,30],"killed_by":"Automaton","ascension_level":4}}