{"host":"drk0p5jtlzl1xmwe","time":1610575903,"event":{"mods":["2.2 Compatiblity","AchievementEnabler","Act Like it!","Bard","BaseMod","Better Note","Better Vampires","Ekko","Friendly Minions","Hermit","Hubris","Infinite Spire","Luminous","Marisa????????","Minty Spire (QoL Compilation)","Rare Cards Sparkle","Relic Stats","Replay The Spire","Shade Mod","StSLib","The Animator","The Bug Knight","The Cursed","The Disciple","The Gatherer","The Servant 0.9.4","The Spell Scribe"],"gold_per_floor":[112,112,112,128,146,146,146],"floor_reached":6,"language":"ENG","playtime":232,"items_purged":[],"score":43,"play_id":"b2620eb8-0d2e-4ee4-a0f1-d44fa97ea9b4","local_time":"20210113221143","is_ascension_mode":true,"campfire_choices":[],"circlet_count":0,"master_deck":["hermit:Strike_Hermit","hermit:Strike_Hermit","hermit:Strike_Hermit","hermit:Strike_Hermit","hermit:Defend_Hermit","hermit:Defend_Hermit","hermit:Defend_Hermit","hermit:Defend_Hermit","hermit:Snapshot","hermit:Covet","hermit:GhostlyPresence","hermit:Ricochet","hermit:CursedWeapon"],"relics":["hermit:Momento","Blue Doll","Golden Idol"],"acts_visited":["Exordium"],"potions_floor_usage":[5],"damage_taken":[{"damage":6,"enemies":"Cultist","floor":1,"turns":4},{"damage":6,"enemies":"Jaw Worm","floor":4,"turns":4},{"damage":0,"enemies":"Small Slimes","floor":5,"turns":2},{"damage":46,"enemies":"Lagavulin","floor":6,"turns":7}],"seed_played":"202769572080151906","potions_obtained":[{"floor":4,"key":"Fire Potion"}],"is_trial":false,"path_per_floor":["M","?","?","M","M","E"],"character_chosen":"HERMIT","items_purchased":[],"campfire_rested":0,"item_purchase_floors":[],"current_hp_per_floor":[69,69,51,45,45,0,0],"gold":146,"neow_bonus":"RANDOM_COMMON_RELIC","is_daily":false,"chose_seed":false,"campfire_upgraded":0,"win_rate":0.0,"timestamp":1610575903,"path_taken":["M","?","?","M","M","E"],"items_purchased_type":[],"build_version":"2020-12-22","purchased_purges":0,"victory":false,"max_hp_per_floor":[75,75,75,75,75,75,75],"relic_stats":{"counters":[4,17],"Golden Idol":7,"obtain_stats":[{"Golden Idol":3,"Blue Doll":0,"hermit:Momento":0},{"Golden Idol":1,"Blue Doll":0,"hermit:Momento":0},{"Golden Idol":4,"Blue Doll":0,"hermit:Momento":0}]},"card_choices":[{"not_picked":["hermit:LuckOfTheDraw","hermit:Combo"],"picked":"hermit:GhostlyPresence","floor":1},{"not_picked":["hermit:Glare","hermit:Quickdraw"],"picked":"hermit:Ricochet","floor":4},{"not_picked":["hermit:Headshot","hermit:BlackWind"],"picked":"hermit:CursedWeapon","floor":5}],"player_experience":664651,"relics_obtained":[],"event_choices":[{"damage_healed":0,"gold_gain":0,"player_choice":"Take Damage","damage_taken":18,"relics_obtained":["Golden Idol"],"max_hp_gain":0,"max_hp_loss":0,"event_name":"Golden Idol","floor":3,"gold_loss":0}],"is_beta":false,"boss_relics":[],"items_purged_floors":[],"is_endless":false,"potions_floor_spawned":[4],"killed_by":"Lagavulin","ascension_level":4}}