{"host":"utcbn1j9ebmpc40m","time":1610577200,"event":{"mods":["BaseMod","Better Match","GifTheSpireLib","Minty Spire (QoL Compilation)","Poor People Problems","StSLib","SuperFastMode","The IronCluck"],"gold_per_floor":[121,60,69,78,108,108,33,33,33,33,33,73,73,87,87,87,87],"floor_reached":16,"language":"ENG","playtime":350,"items_purged":["Regret"],"score":144,"play_id":"4065f7c2-cad0-4bd3-a83c-eebd3fe15985","local_time":"20210113173320","is_ascension_mode":true,"campfire_choices":[{"data":"Footwork","floor":6,"key":"SMITH"},{"floor":10,"key":"REST"},{"data":"Distraction","floor":11,"key":"SMITH"},{"floor":13,"key":"REST"},{"data":"Blade Dance","floor":15,"key":"SMITH"}],"circlet_count":0,"master_deck":["AscendersBane","Strike_G","Strike_G","Strike_G","Strike_G","Strike_G","Defend_G","Defend_G","Defend_G","Defend_G","Defend_G","Survivor","Neutralize","CurseOfTheBell","Blade Dance+1","Footwork+1","Injury","Distraction+1"],"relics":["Calling Bell","CeramicFish","Gremlin Horn","WingedGreaves","Golden Idol","Matryoshka","SsserpentHead","Centennial Puzzle","Letter Opener","Happy Flower"],"acts_visited":["Exordium"],"potions_floor_usage":[14,16],"damage_taken":[{"damage":9,"enemies":"Jaw Worm","floor":1,"turns":8},{"damage":3,"enemies":"2 Louse","floor":5,"turns":4},{"damage":33,"enemies":"3 Sentries","floor":12,"turns":10},{"damage":0,"enemies":"Cultist","floor":14,"turns":3},{"damage":59,"enemies":"Hexaghost","floor":16,"turns":16}],"seed_played":"9215835814762754989","potions_obtained":[{"floor":1,"key":"Poison Potion"},{"floor":12,"key":"DuplicationPotion"}],"is_trial":false,"path_per_floor":["M","$","?","?","M","R","$","?","T","R","R","E","R","M","R","B"],"character_chosen":"THE_SILENT","items_purchased":["Footwork"],"campfire_rested":2,"item_purchase_floors":[2],"current_hp_per_floor":[54,54,54,54,51,51,51,51,51,70,70,37,58,58,58,0,0],"gold":87,"neow_bonus":"BOSS_RELIC","is_daily":false,"chose_seed":false,"campfire_upgraded":3,"win_rate":0.0,"timestamp":1610577200,"path_taken":["M","$","?","?","M","R","$","?","T","R","R","E","R","M","R","BOSS"],"items_purchased_type":["Card"],"build_version":"2020-12-22","purchased_purges":1,"victory":false,"max_hp_per_floor":[70,70,70,70,70,70,70,70,70,70,70,70,70,70,70,70,70],"card_choices":[{"not_picked":["Slice","Deadly Poison"],"picked":"Blade Dance","floor":1},{"not_picked":["Dagger Spray","Prepared"],"picked":"Distraction","floor":5},{"not_picked":["Terror","Backstab","Expertise"],"picked":"SKIP","floor":12},{"not_picked":["PiercingWail","Caltrops","Dodge and Roll"],"picked":"SKIP","floor":14}],"player_experience":476581,"relics_obtained":[{"floor":0,"key":"CeramicFish"},{"floor":0,"key":"Gremlin Horn"},{"floor":0,"key":"WingedGreaves"},{"floor":9,"key":"Centennial Puzzle"},{"floor":9,"key":"Letter Opener"},{"floor":12,"key":"Happy Flower"}],"event_choices":[{"damage_healed":0,"gold_gain":0,"player_choice":"Take Wound","damage_taken":0,"relics_obtained":["Golden Idol"],"max_hp_gain":0,"max_hp_loss":0,"event_name":"Golden Idol","floor":3,"gold_loss":0,"cards_obtained":["Injury"]},{"damage_healed":0,"gold_gain":0,"player_choice":"Box","damage_taken":0,"relics_obtained":["Matryoshka"],"max_hp_gain":0,"max_hp_loss":0,"event_name":"Big Fish","floor":4,"gold_loss":0,"cards_obtained":["Regret"]},{"damage_healed":0,"gold_gain":0,"player_choice":"Trade","damage_taken":0,"relics_obtained":["SsserpentHead"],"max_hp_gain":0,"max_hp_loss":0,"event_name":"FaceTrader","floor":8,"gold_loss":0}],"is_beta":false,"boss_relics":[],"items_purged_floors":[7],"is_endless":false,"potions_floor_spawned":[1,12],"killed_by":"Hexaghost","ascension_level":10}}