{"host":"kh4wzxwh3q3yppxp","time":1610575693,"event":{"mods":["AchievementEnabler","BaseMod","Colored Map","DeckTracker","Minty Spire (QoL Compilation)","Quick Restart","StSLib"],"gold_per_floor":[112,125,125,142,142,142,167,183,208,173,193,203,203,213,213,313,313,327,27,56,72,171,171,188,188,258,270,285,34,49,66,66,163,213,231,28,250,113,130,130,148,148,220,220,234,234,253,272,272,272],"floor_reached":51,"language":"ENG","playtime":2564,"items_purged":["Strike_G","Tactician","Strike_G"],"score":680,"play_id":"66da66a5-1e29-45b2-82c1-0527eb3d6c72","local_time":"20210114000813","is_ascension_mode":false,"campfire_choices":[{"data":"Neutralize","floor":6.0,"key":"SMITH"},{"floor":15.0,"key":"REST"},{"data":"Accuracy","floor":23,"key":"SMITH"},{"data":"Apotheosis","floor":32,"key":"SMITH"},{"data":"Malaise","floor":40,"key":"SMITH"},{"data":"Storm of Steel","floor":42,"key":"SMITH"},{"data":"Adrenaline","floor":46,"key":"SMITH"},{"data":"Adrenaline","floor":49,"key":"SMITH"}],"circlet_count":0,"master_deck":["Defend_G","Defend_G+1","Defend_G","Defend_G","Survivor","Neutralize+1","PiercingWail","Acrobatics","Infinite Blades+1","Malaise+1","Cloak And Dagger+1","Adrenaline+1","Quick Slash","Blade Dance","Storm of Steel+1","Deflect+1","Accuracy+1","Cloak And Dagger+1","Footwork+1","Blade Dance","Apotheosis+1","A Thousand Cuts","Cloak And Dagger+1","Adrenaline+1","Infinite Blades+1","Deflect+1","Terror+1"],"relics":["Ring of the Snake","MealTicket","Question Card","Thread and Needle","Akabeko","Empty Cage","Anchor","Red Mask","Bottled Flame","Tiny House","Membership Card","Lantern","Singing Bowl"],"acts_visited":["Exordium","TheCity","TheBeyond"],"potions_floor_usage":[33,50,50],"damage_taken":[{"damage":1.0,"enemies":"Cultist","floor":1.0,"turns":4.0},{"damage":3.0,"enemies":"Jaw Worm","floor":2.0,"turns":6.0},{"damage":0.0,"enemies":"Small Slimes","floor":4.0,"turns":4.0},{"damage":45.0,"enemies":"Lagavulin","floor":7.0,"turns":10.0},{"damage":0.0,"enemies":"2 Fungi Beasts","floor":8.0,"turns":5.0},{"damage":0.0,"enemies":"Looter","floor":11.0,"turns":4.0},{"damage":0.0,"enemies":"Large Slime","floor":12.0,"turns":6.0},{"damage":0.0,"enemies":"3 Louse","floor":14.0,"turns":3.0},{"damage":12.0,"enemies":"The Guardian","floor":16.0,"turns":14.0},{"damage":9,"enemies":"Spheric Guardian","floor":18,"turns":4},{"damage":9,"enemies":"Masked Bandits","floor":20,"turns":5},{"damage":0,"enemies":"Chosen","floor":21,"turns":4},{"damage":1,"enemies":"Snecko","floor":24,"turns":3},{"damage":0,"enemies":"Cultist and Chosen","floor":27,"turns":6},{"damage":4,"enemies":"Shelled Parasite and Fungi","floor":28,"turns":5},{"damage":1,"enemies":"Snake Plant","floor":30,"turns":6},{"damage":0,"enemies":"Chosen and Byrds","floor":31,"turns":3},{"damage":24,"enemies":"Collector","floor":33,"turns":9},{"damage":0,"enemies":"3 Darklings","floor":35,"turns":3},{"damage":0,"enemies":"Orb Walker","floor":39,"turns":3},{"damage":0,"enemies":"Jaw Worm Horde","floor":41,"turns":3},{"damage":1,"enemies":"Sphere and 2 Shapes","floor":45,"turns":4},{"damage":0,"enemies":"4 Shapes","floor":47,"turns":3},{"damage":0,"enemies":"Writhing Mass","floor":48,"turns":3},{"damage":10,"enemies":"Donu and Deca","floor":50,"turns":8}],"seed_played":"-2148284983421517656","potions_obtained":[{"floor":4.0,"key":"LiquidBronze"},{"floor":7.0,"key":"ColorlessPotion"},{"floor":8.0,"key":"FearPotion"},{"floor":11.0,"key":"Regen Potion"},{"floor":33,"key":"BlessingOfTheForge"}],"is_trial":false,"path_per_floor":["M","M","T","M","?","R","E","M","T","?","M","M","?","M","R","B",null,"M","$","?","M","?","R","M","?","T","M","M","$","M","M","R","B",null,"M","$","?","$","M","R","M","R","T","?","M","R","M","M","R","B",null],"character_chosen":"THE_SILENT","items_purchased":["Accuracy","Anchor","Apotheosis","CunningPotion","Membership Card","Lantern"],"campfire_rested":1,"item_purchase_floors":[19,19,29,29,36,38],"current_hp_per_floor":[69,66,66,66,66,66,21,21,21,38,38,38,24,24,45,33,70,61,70,61,61,61,61,60,60,60,60,56,70,69,69,69,45,75,75,75,75,75,75,75,75,75,75,75,76,76,78,80,80,79],"gold":272,"neow_bonus":"RANDOM_COMMON_RELIC","is_daily":false,"chose_seed":false,"campfire_upgraded":7,"win_rate":0.0,"timestamp":1610575693,"path_taken":["M","M","?","M","?","R","E","M","T","?","M","M","?","M","R","BOSS","M","$","?","M","?","R","M","?","T","M","?","$","M","M","R","BOSS","M","?","?","$","M","R","M","R","T","?","M","R","?","M","R","BOSS"],"items_purchased_type":["Card","Relic","Card","Potion","Relic","Relic"],"build_version":"2020-12-22","purchased_purges":3,"victory":true,"max_hp_per_floor":[70,70,70,70,70,70,70,70,70,70,70,70,70,70,70,70,70,70,70,70,70,70,70,70,70,70,70,70,70,70,70,70,70,75,75,75,75,75,75,75,75,75,75,75,77,77,79,81,81,81],"card_choices":[{"not_picked":["Eviscerate","Dagger Spray"],"picked":"PiercingWail","floor":1.0},{"not_picked":["Dash","Dagger Spray"],"picked":"Acrobatics","floor":2.0},{"not_picked":["PiercingWail","Choke","Setup"],"picked":"Infinite Blades","floor":4.0},{"not_picked":["Dodge and Roll","Caltrops","Dagger Spray"],"picked":"Malaise","floor":7.0},{"not_picked":["Dagger Throw","Bane","Deadly Poison"],"picked":"Cloak And Dagger","floor":8.0},{"not_picked":["Footwork","Prepared","Escape Plan"],"picked":"Adrenaline","floor":11.0},{"not_picked":["Deflect","Noxious Fumes","Dagger Throw"],"picked":"Quick Slash","floor":12.0},{"not_picked":["All Out Attack","Escape Plan","Riddle With Holes"],"picked":"Blade Dance","floor":14.0},{"not_picked":["After Image","Burst","Corpse Explosion"],"picked":"Storm of Steel","floor":16.0},{"not_picked":["Poisoned Stab","Outmaneuver","Dagger Throw"],"picked":"Deflect+1","floor":18},{"not_picked":["Poisoned Stab","Slice+1","Prepared"],"picked":"Cloak And Dagger+1","floor":20},{"not_picked":["Envenom","Sucker Punch","Bouncing Flask","Skewer"],"picked":"SKIP","floor":21},{"not_picked":["Finisher","Masterful Stab","Backflip+1"],"picked":"Footwork+1","floor":24},{"not_picked":["Terror+1","Dagger Spray","Deflect"],"picked":"Tactician","floor":27},{"not_picked":["Heel Hook+1","Sucker Punch","Backflip+1"],"picked":"Blade Dance","floor":28},{"not_picked":["Prepared","Distraction","Underhanded Strike+1"],"picked":"A Thousand Cuts","floor":30},{"not_picked":["Leg Sweep","Flying Knee","Deadly Poison+1"],"picked":"Cloak And Dagger+1","floor":31},{"not_picked":["Storm of Steel","Night Terror","Glass Knife"],"picked":"Adrenaline","floor":33},{"not_picked":["Poisoned Stab+1","Sucker Punch","Prepared+1"],"picked":"Infinite Blades+1","floor":35},{"not_picked":["Underhanded Strike+1","Glass Knife","Caltrops"],"picked":"Deflect+1","floor":39},{"not_picked":["Catalyst","Acrobatics+1","Dagger Throw+1"],"picked":"Terror+1","floor":41},{"not_picked":["Outmaneuver","Caltrops+1","Acrobatics","Blade Dance+1"],"picked":"Singing Bowl","floor":45},{"not_picked":["Backflip+1","Poisoned Stab","Dagger Spray","After Image"],"picked":"Singing Bowl","floor":47},{"not_picked":["Dodge and Roll+1","Dagger Throw","Acrobatics","Dagger Spray"],"picked":"Singing Bowl","floor":48}],"player_experience":696065,"relics_obtained":[{"floor":3.0,"key":"Question Card"},{"floor":7.0,"key":"Thread and Needle"},{"floor":9.0,"key":"Akabeko"},{"floor":20,"key":"Red Mask"},{"floor":26,"key":"Bottled Flame"},{"floor":43,"key":"Singing Bowl"}],"event_choices":[{"damage_healed":0.0,"max_hp_gain":0.0,"max_hp_loss":0.0,"gold_gain":0.0,"event_name":"Living Wall","player_choice":"Grow","floor":5.0,"gold_loss":0.0,"damage_taken":0.0,"cards_upgraded":["Infinite Blades"]},{"damage_healed":17.0,"max_hp_gain":0.0,"max_hp_loss":0.0,"gold_gain":0.0,"event_name":"The Cleric","player_choice":"Healed","floor":10.0,"gold_loss":35.0,"damage_taken":0.0},{"damage_healed":0.0,"max_hp_gain":0.0,"max_hp_loss":0.0,"gold_gain":0.0,"event_name":"Shining Light","player_choice":"Entered Light","floor":13.0,"gold_loss":0.0,"damage_taken":14.0,"cards_upgraded":["Strike_G","Defend_G"]},{"damage_healed":0,"gold_gain":0,"player_choice":"Fought Bandits","damage_taken":0,"max_hp_gain":0,"max_hp_loss":0,"event_name":"Masked Bandits","floor":20,"gold_loss":0},{"damage_healed":0,"gold_gain":99,"player_choice":"Stole From Cult","damage_taken":0,"max_hp_gain":0,"max_hp_loss":0,"event_name":"Nest","floor":22,"gold_loss":0},{"cards_removed":["Strike_G"],"damage_healed":0,"gold_gain":0,"player_choice":"Purged","damage_taken":0,"max_hp_gain":0,"max_hp_loss":0,"event_name":"Purifier","floor":25,"gold_loss":0},{"damage_healed":0,"gold_gain":222,"player_choice":"Wore Mask","damage_taken":0,"max_hp_gain":0,"max_hp_loss":0,"event_name":"Tomb of Lord Red Mask","floor":37,"gold_loss":0},{"cards_removed":["Strike_G"],"damage_healed":0,"gold_gain":0,"player_choice":"Removed Attack","damage_taken":0,"max_hp_gain":0,"max_hp_loss":0,"event_name":"Falling","floor":44,"gold_loss":0}],"is_beta":false,"boss_relics":[{"not_picked":["Calling Bell","SacredBark"],"picked":"Empty Cage"},{"not_picked":["Astrolabe","Pandora\u0027s Box"],"picked":"Tiny House"}],"items_purged_floors":[19,36,38],"is_endless":false,"potions_floor_spawned":[4,7,8,11,14,18,28,31,33,39,41,48],"ascension_level":0}}