{"host":"sxnl403xm2xmiyj1","time":1610529466,"event":{"mods":["AchievementEnabler","BaseMod","Colored Map","Keyboard Shortcuts","Minty Spire (QoL Compilation)","Quick Restart","StSLib","SuperFastMode"],"gold_per_floor":[111,111,22,47,32,76,76,93,119,119,119],"floor_reached":10,"language":"KOR","playtime":159,"items_purged":[],"score":174,"play_id":"d58042e2-66d9-4701-906c-7f1b17d83260","local_time":"20210113181746","is_ascension_mode":true,"campfire_choices":[{"data":"Coolheaded","floor":7,"key":"SMITH"}],"circlet_count":0,"master_deck":["AscendersBane","Strike_B","Strike_B","Strike_B","Strike_B","Defend_B","Defend_B","Defend_B","Defend_B","Zap","Dualcast","Coolheaded","Self Repair","Coolheaded+1","Genetic Algorithm"],"relics":["Cracked Core","NeowsBlessing","CeramicFish","Singing Bowl","Art of War"],"acts_visited":["Exordium"],"potions_floor_usage":[],"damage_taken":[{"damage":0,"enemies":"Jaw Worm","floor":1,"turns":1},{"damage":0,"enemies":"Gremlin Nob","floor":6,"turns":1},{"damage":0,"enemies":"Cultist","floor":8,"turns":1},{"damage":58,"enemies":"3 Sentries","floor":10,"turns":16}],"seed_played":"-8407501399604869576","potions_obtained":[],"is_trial":false,"path_per_floor":["M","?","$","T","$","E","R","M","T","E"],"character_chosen":"DEFECT","items_purchased":["Self Repair","Coolheaded"],"campfire_rested":0,"item_purchase_floors":[3,5],"current_hp_per_floor":[64,60,60,60,60,60,60,62,62,4,4],"gold":119,"neow_bonus":"THREE_ENEMY_KILL","is_daily":false,"chose_seed":false,"campfire_upgraded":1,"win_rate":0.0,"timestamp":1610529466,"path_taken":["M","?","$","?","$","E","R","M","T","E"],"items_purchased_type":["Card","Card"],"build_version":"2020-12-22","purchased_purges":0,"victory":false,"max_hp_per_floor":[71,71,71,71,71,71,71,73,73,73,73],"card_choices":[{"not_picked":["Compile Driver","Sunder"],"picked":"Coolheaded","floor":1},{"not_picked":["Doom and Gloom","Barrage"],"picked":"Genetic Algorithm","floor":6},{"not_picked":["Steam","Aggregate","Hologram"],"picked":"Singing Bowl","floor":8}],"player_experience":163714,"relics_obtained":[{"floor":4,"key":"CeramicFish"},{"floor":6,"key":"Singing Bowl"},{"floor":9,"key":"Art of War"}],"event_choices":[{"damage_healed":0,"gold_gain":0,"player_choice":"Bought 0 Potions","damage_taken":0,"max_hp_gain":0,"max_hp_loss":0,"event_name":"The Woman in Blue","floor":2,"gold_loss":0}],"is_beta":false,"boss_relics":[],"items_purged_floors":[],"is_endless":false,"potions_floor_spawned":[],"killed_by":"3 Sentries","ascension_level":19}}