{"host":"m9i7qe3hvz6jihjh","time":1610550401,"event":{"mods":["BaseMod","Colored Powertips","Infinite Spire","Minty Spire (QoL Compilation)","Quick Restart","StSLib","The Animator","Waifu the Spire"],"gold_per_floor":[118,22,0,15,15,60,102,102,126,146,168,343,42,42,42,149,149,176,202,228,228,228,228,228,4,4,4,34,34,87,109,109,235,235,255,255,269,269,288,288,321,41,41,41,65,65,90,40,40,40],"floor_reached":51,"language":"ENG","playtime":3010,"items_purged":[],"score":797,"play_id":"9c9cfbf4-fe2c-4ce1-903e-34a34b773728","local_time":"20210113160641","is_ascension_mode":false,"campfire_choices":[{"floor":8,"key":"REST"},{"floor":15,"key":"REST"},{"data":"animator:YuiTsuruno","floor":24,"key":"SMITH"},{"floor":29,"key":"REST"},{"data":"animator:YachiyoNanami","floor":32,"key":"SMITH"},{"data":"animator:Boros","floor":44,"key":"SMITH"},{"floor":49,"key":"REST"}],"circlet_count":0,"master_deck":["animator:Strike_MadokaMagica+1","animator:Defend_MadokaMagica+1","animator:IrohaTamaki","animator:YuiTsuruno+1","animator:Eve","animator:Strike_Kancolle+1","animator:Strike_Overlord+1","animator:Strike_GATE+1","animator:Defend_AccelWorld+1","animator:Defend_NoGameNoLife+1","animator:Defend_Kancolle+1","animator:IrohaTamaki","animator:NarberalGamma","animator:OrikoMikuni","animator:Rena+1","animator:Lu","animator:SayakaMiki","animator:Eve","animator:Kyubey","animator:YachiyoNanami+1","animator:NagisaMomoe","animator:SayakaMiki","animator:FeridBathory","animator:MamiTomoe","animator:KrulTepes","animator:Boros+1","animator:SayakaMiki+1","animator:YachiyoNanami+1","animator:HomuraAkemi","animator:HigakiRinne","animator:Melzalgald+1","animator:Add","animator:FeridBathory","animator:WinryRockbell"],"relics":["animator:VividPicture","animator:TheMissingPiece","CloakClasp","Red Skull","animator:WornHelmet","DataDisk","animator:BattleDrones","animator:HolyGrailRelic","Blood Vial","Shuriken","Lee\u0027s Waffle","Toxic Egg 2"],"acts_visited":["Exordium","TheCity","TheBeyond"],"potions_floor_usage":[23,28,28,33,33,33,41,41,50,50,50],"damage_taken":[{"damage":9,"enemies":"Jaw Worm","floor":1,"turns":7},{"damage":0,"enemies":"2 Louse","floor":4,"turns":4},{"damage":32,"enemies":"3 Sentries","floor":6,"turns":14},{"damage":0,"enemies":"Cultist","floor":7,"turns":5},{"damage":0,"enemies":"Large Slime","floor":10,"turns":4},{"damage":20,"enemies":"Exordium Thugs","floor":11,"turns":5},{"damage":9,"enemies":"Hexaghost","floor":16,"turns":10},{"damage":29,"enemies":"3 Byrds","floor":18,"turns":5},{"damage":0,"enemies":"Spheric Guardian","floor":19,"turns":5},{"damage":20,"enemies":"Shelled Parasite and Fungi","floor":20,"turns":10},{"damage":0,"enemies":"animator:HornedBat","floor":23,"turns":1},{"damage":5,"enemies":"Snake Plant","floor":28,"turns":3},{"damage":0,"enemies":"Cultist and Chosen","floor":30,"turns":8},{"damage":0,"enemies":"Centurion and Healer","floor":31,"turns":9},{"damage":0,"enemies":"Champ","floor":33,"turns":13},{"damage":7,"enemies":"Orb Walker","floor":35,"turns":6},{"damage":15,"enemies":"3 Shapes","floor":37,"turns":5},{"damage":30,"enemies":"Writhing Mass","floor":39,"turns":7},{"damage":0,"enemies":"Giant Head","floor":41,"turns":9},{"damage":41,"enemies":"3 Darklings","floor":45,"turns":6},{"damage":13,"enemies":"Transient","floor":47,"turns":6},{"damage":13,"enemies":"Time Eater","floor":50,"turns":9}],"seed_played":"4358407765126890662","potions_obtained":[{"floor":10,"key":"Ancient Potion"},{"floor":16,"key":"SmokeBomb"},{"floor":18,"key":"infinitespire:BlackPotion"},{"floor":28,"key":"LiquidBronze"},{"floor":30,"key":"EssenceOfSteel"},{"floor":31,"key":"Weak Potion"},{"floor":35,"key":"Dexterity Potion"},{"floor":39,"key":"Swift Potion"},{"floor":47,"key":"infinitespire:BlackPotion"}],"is_trial":false,"path_per_floor":["M","?","?","M","T","E","M","R","T","M","M","?","$","?","R","B",null,"M","M","M","?","?","E","R","$","T","$","M","R","M","M","R","B",null,"M","?","M","?","M","?","E","$","T","R","M","?","M","$","R","B",null],"character_chosen":"THE_ANIMATOR","items_purchased":["animator:WornHelmet","animator:SayakaMiki","animator:Eve","animator:SayakaMiki","DataDisk","animator:Add","Lee\u0027s Waffle","Dexterity Potion","SkillPotion"],"campfire_rested":4,"item_purchase_floors":[13,13,13,25,25,42,42,42,48],"current_hp_per_floor":[57,57,57,57,57,25,25,44,44,44,24,24,24,24,43,35,67,38,39,19,19,41,41,41,41,41,41,36,56,56,57,57,57,77,75,75,64,64,42,32,38,84,84,84,45,45,42,42,68,57],"gold":40,"neow_bonus":"ONE_RANDOM_RARE_CARD","is_daily":false,"chose_seed":false,"campfire_upgraded":3,"win_rate":0.0,"timestamp":1610550401,"path_taken":["M","?","?","M","?","E","?","R","T","M","M","?","$","?","R","BOSS","M","?","M","?","?","E","R","$","T","?","M","R","M","M","R","BOSS","M","?","M","?","M","?","E","?","T","R","M","?","?","?","R","BOSS"],"items_purchased_type":["Relic","Card","Card","Card","Relic","Card","Relic","Potion","Potion"],"build_version":"2020-12-22","purchased_purges":0,"victory":true,"max_hp_per_floor":[66,66,66,66,66,66,66,66,66,66,66,66,66,66,66,67,67,67,68,68,68,68,68,68,68,68,68,68,68,68,69,69,69,77,77,77,74,74,76,76,77,84,84,84,86,86,88,88,88,88],"card_choices":[{"not_picked":["animator:ElricAlphonse","animator:DwarfShaman","animator:Shichika"],"picked":"SKIP","floor":1},{"not_picked":["animator:Genos","animator:Togame"],"picked":"animator:IrohaTamaki","floor":4},{"not_picked":["animator:Ciel","animator:SilverFang"],"picked":"animator:NarberalGamma","floor":6},{"not_picked":["animator:KyokoSakura","animator:NagisaMomoe"],"picked":"animator:OrikoMikuni","floor":7},{"not_picked":["animator:UneriGinkaku","animator:Pride"],"picked":"animator:Rena","floor":10},{"not_picked":["animator:CowGirl","animator:Shichika"],"picked":"animator:Lu","floor":11},{"not_picked":["animator:HigakiRinne","animator:Albedo"],"picked":"animator:Kyubey","floor":16},{"not_picked":["animator:MumenRider","animator:KrulTepes"],"picked":"animator:YachiyoNanami","floor":18},{"not_picked":["animator:IrohaTamaki","animator:KyokoSakura"],"picked":"animator:NagisaMomoe","floor":19},{"not_picked":["animator:Konayuki","animator:UneriGinkaku","animator:Cocytus"],"picked":"SKIP","floor":20},{"not_picked":["animator:ZankiKiguchi","animator:Konayuki"],"picked":"animator:FeridBathory","floor":28},{"not_picked":["animator:NagisaMomoe","animator:SayakaMiki"],"picked":"animator:MamiTomoe","floor":30},{"not_picked":["animator:Shichika","animator:Mikaela"],"picked":"animator:KrulTepes","floor":31},{"not_picked":["animator:SwordMaiden","animator:HomuraAkemi"],"picked":"animator:Boros","floor":33},{"not_picked":["animator:Yoichi","animator:Demiurge"],"picked":"animator:SayakaMiki+1","floor":35},{"not_picked":["animator:Mitsuba","animator:ZankiKiguchi"],"picked":"animator:YachiyoNanami+1","floor":37},{"not_picked":["animator:KyokoSakura","animator:SayakaMiki"],"picked":"animator:HomuraAkemi","floor":39},{"not_picked":["animator:HighElfArcher","animator:SilverFang"],"picked":"animator:Melzalgald+1","floor":41},{"not_picked":["animator:UneriGinkaku","animator:Tatsumaki+1"],"picked":"animator:FeridBathory","floor":45},{"not_picked":["animator:YachiyoNanami","animator:Entoma+1"],"picked":"animator:WinryRockbell","floor":47}],"player_experience":900464,"relics_obtained":[{"floor":6,"key":"CloakClasp"},{"floor":9,"key":"Red Skull"},{"floor":26,"key":"animator:BattleDrones"},{"floor":41,"key":"Blood Vial"},{"floor":41,"key":"Shuriken"},{"floor":43,"key":"Toxic Egg 2"}],"event_choices":[{"damage_healed":0,"gold_gain":0,"player_choice":"Left Gold","damage_taken":0,"max_hp_gain":0,"max_hp_loss":0,"event_name":"World of Goop","floor":3,"gold_loss":22},{"damage_healed":0,"gold_gain":175,"player_choice":"AGREE","damage_taken":0,"max_hp_gain":0,"max_hp_loss":0,"event_name":"Liars Game","floor":12,"gold_loss":0,"cards_obtained":["Doubt"]},{"damage_healed":0,"gold_gain":0,"player_choice":"Forge","damage_taken":0,"max_hp_gain":0,"max_hp_loss":0,"event_name":"Accursed Blacksmith","floor":14,"gold_loss":0,"cards_upgraded":["animator:Rena"]},{"damage_healed":0,"gold_gain":0,"player_choice":"Simplicity","damage_taken":0,"max_hp_gain":0,"max_hp_loss":0,"event_name":"Back to Basics","floor":21,"gold_loss":0,"cards_upgraded":["animator:Strike_MadokaMagica","animator:Defend_MadokaMagica","animator:Strike_Kancolle","animator:Strike_Overlord","animator:Strike_GATE","animator:Defend_AccelWorld","animator:Defend_NoGameNoLife","animator:Defend_Kancolle"]},{"damage_healed":22,"gold_gain":0,"player_choice":"Heal","damage_taken":0,"max_hp_gain":0,"max_hp_loss":0,"event_name":"The Library","floor":22,"gold_loss":0},{"damage_healed":0,"gold_gain":0,"player_choice":"Ignored","damage_taken":0,"max_hp_gain":0,"max_hp_loss":0,"event_name":"Tomb of Lord Red Mask","floor":36,"gold_loss":0},{"damage_healed":0,"gold_gain":0,"player_choice":"Ignored","damage_taken":0,"max_hp_gain":0,"max_hp_loss":0,"event_name":"Mysterious Sphere","floor":38,"gold_loss":0},{"damage_healed":0,"gold_gain":0,"player_choice":"Embrace Madness","damage_taken":10,"max_hp_gain":0,"max_hp_loss":0,"event_name":"Winding Halls","floor":40,"gold_loss":0,"cards_obtained":["animator:HigakiRinne"]},{"cards_removed":["Doubt"],"damage_healed":0,"gold_gain":0,"player_choice":"Removed Curses","damage_taken":0,"max_hp_gain":0,"max_hp_loss":0,"event_name":"Fountain of Cleansing","floor":46,"gold_loss":0}],"is_beta":false,"boss_relics":[{"not_picked":["Ectoplasm","Sozu"],"picked":"animator:VividPicture"},{"not_picked":["Velvet Choker","Coffee Dripper"],"picked":"animator:HolyGrailRelic"}],"items_purged_floors":[],"is_endless":false,"potions_floor_spawned":[10,16,18,28,30,31,35,39,47],"ascension_level":0}}