{"host":"se62q65hiqxz7cab","time":1610546581,"event":{"mods":["Act Like it!","BaseMod","Colored Map","KinomotoSakuraMod(Ä¾Ö®±¾Ó£)","Minty Spire (QoL Compilation)","Replay The Spire","Shop Mod","StSLib","The Bug Knight","The Cursed","The Servant 0.9.4"],"gold_per_floor":[114,114,127,127,146,189,189,189,189,233,233,233,233,253,253,373,373,393,393,408,427,41,41,57,57,57,57,72,88,88,111,111,230,230,230,230],"floor_reached":35,"language":"ZHS","playtime":1696,"items_purged":["Injury"],"score":517,"play_id":"5671c982-c746-46db-8540-04f6608136ee","local_time":"20210113220301","is_ascension_mode":false,"campfire_choices":[{"floor":8,"key":"REST"},{"floor":11,"key":"REST"},{"data":"FloweringNight","floor":13,"key":"SMITH"},{"data":"SoulSculpture","floor":15,"key":"SMITH"},{"floor":23,"key":"REST"},{"floor":25,"key":"REST"},{"data":"Luminosity","floor":27,"key":"SMITH"},{"floor":30,"key":"REST"},{"data":"SurpressingFire","floor":32,"key":"SMITH"}],"circlet_count":0,"master_deck":["Strike_S","Strike_S","Strike_S","Strike_S","Defend_S","Defend_S","Defend_S","KidneyShot","Exchange","Starlight","Rearm","FastForward","Luminosity+1","FloweringNight+1","SoulSculpture+1","Sunlight+1","FanOfKnives+1","Desolation","Luminosity+1","FastForward","Misdirection","WasteNot","SurpressingFire+1","FlawlessForm"],"relics":["Uniform","Ancient Tea Set","Golden Idol","Kunai","Bottled Flame","Chameleon Ring","Painkiller Herb","Shuriken","Mirror"],"acts_visited":["Exordium","TheCity","TheBeyond"],"potions_floor_usage":[16,18,33,33,35],"damage_taken":[{"damage":3,"enemies":"Jaw Worm","floor":1,"turns":4},{"damage":2,"enemies":"2 Louse","floor":3,"turns":2},{"damage":0,"enemies":"Cultist","floor":5,"turns":3},{"damage":37,"enemies":"Gremlin Nob","floor":6,"turns":5},{"damage":20,"enemies":"Lagavulin","floor":10,"turns":7},{"damage":2,"enemies":"3 Louse","floor":14,"turns":4},{"damage":57,"enemies":"Slime Boss","floor":16,"turns":17},{"damage":18,"enemies":"2 Thieves","floor":18,"turns":4},{"damage":2,"enemies":"Chosen","floor":20,"turns":4},{"damage":28,"enemies":"Centurion and Healer","floor":21,"turns":6},{"damage":0,"enemies":"3 Cultists","floor":24,"turns":4},{"damage":3,"enemies":"Snake Plant","floor":28,"turns":3},{"damage":9,"enemies":"Centurion and Healer","floor":29,"turns":5},{"damage":3,"enemies":"Snecko","floor":31,"turns":3},{"damage":3,"enemies":"Pondfish","floor":33,"turns":8},{"damage":69,"enemies":"3 Darklings","floor":35,"turns":6}],"seed_played":"463387402628859002","potions_obtained":[{"floor":1,"key":"Weak Potion"},{"floor":16,"key":"SkillPotion"},{"floor":24,"key":"LiquidBronze"},{"floor":28,"key":"DuplicationPotion"},{"floor":29,"key":"LiquidMemories"}],"is_trial":false,"path_per_floor":["M","?","M","?","M","E","?","R","T","E","R","?","R","M","R","B",null,"?","?","?","?","T","T","?","T","T","T","?","?","T","?","T","B",null,"?"],"character_chosen":"THE_SERVANT","items_purchased":["Shuriken","Luminosity+1"],"campfire_rested":5,"item_purchase_floors":[22,22],"current_hp_per_floor":[62,62,60,60,60,23,44,63,63,43,62,62,62,60,60,3,65,47,47,45,17,17,36,36,55,55,55,52,43,62,59,59,56,65,0,0],"gold":230,"neow_bonus":"RANDOM_COMMON_RELIC","is_daily":false,"chose_seed":false,"campfire_upgraded":4,"win_rate":0.0,"timestamp":1610546581,"path_taken":["M","?","M","?","?","E","?","R","T","E","R","?","R","?","R","BOSS","?","?","?","?","T","T","?","T","T","T","?","?","T","?","T","BOSS","?"],"items_purchased_type":["Relic","Card"],"build_version":"2020-12-22","purchased_purges":1,"victory":false,"max_hp_per_floor":[65,65,65,65,65,65,65,65,65,65,65,65,65,65,65,65,65,65,65,65,65,65,65,65,65,65,65,65,65,65,65,65,65,65,65,65],"card_choices":[{"not_picked":["DoubleEdge","Spin"],"picked":"Starlight","floor":1},{"not_picked":["DoubleEdge","TimeWarp"],"picked":"Rearm","floor":3},{"not_picked":["TimeWarp","Gouge"],"picked":"FastForward","floor":5},{"not_picked":["StarChef","Spin"],"picked":"Luminosity","floor":6},{"not_picked":["Revamp","Defy"],"picked":"FloweringNight","floor":10},{"not_picked":["ShatteredReality","Defy","Unruled"],"picked":"SKIP","floor":14},{"not_picked":["TheWorld","FloweringNight"],"picked":"Sunlight","floor":16},{"not_picked":["ReturningBlade+1","Rearm"],"picked":"FanOfKnives+1","floor":18},{"not_picked":["WasteNot","Ricochet+1"],"picked":"Desolation","floor":20},{"not_picked":["DualDimension","Starlight","Ricochet"],"picked":"SKIP","floor":21},{"not_picked":["Rearm","Ricochet"],"picked":"FastForward","floor":24},{"not_picked":["FastForward","DoubleEdge+1"],"picked":"Misdirection","floor":28},{"not_picked":["Foresight+1","Defy"],"picked":"WasteNot","floor":29},{"not_picked":["Revamp","DoubleEdge+1"],"picked":"SurpressingFire","floor":31},{"not_picked":["SoulSculpture","FloweringNight"],"picked":"FlawlessForm","floor":33}],"player_experience":192337,"relics_obtained":[{"floor":6,"key":"Kunai"},{"floor":9,"key":"Bottled Flame"},{"floor":10,"key":"Chameleon Ring"},{"floor":26,"key":"Mirror"}],"event_choices":[{"damage_healed":0,"gold_gain":0,"player_choice":"Take Wound","damage_taken":0,"relics_obtained":["Golden Idol"],"max_hp_gain":0,"max_hp_loss":0,"event_name":"Golden Idol","floor":2,"gold_loss":0,"cards_obtained":["Injury"]},{"cards_removed":["Defend_S"],"damage_healed":0,"gold_gain":0,"player_choice":"Offered Basic","damage_taken":0,"max_hp_gain":0,"max_hp_loss":0,"event_name":"Bonfire Elementals","floor":4,"gold_loss":0},{"damage_healed":21,"gold_gain":0,"player_choice":"Banana","damage_taken":0,"max_hp_gain":0,"max_hp_loss":0,"event_name":"Big Fish","floor":7,"gold_loss":0},{"damage_healed":0,"gold_gain":0,"player_choice":"1 cards matched","damage_taken":0,"max_hp_gain":0,"max_hp_loss":0,"event_name":"Match and Keep!","floor":12,"gold_loss":0,"cards_obtained":["SoulSculpture"]},{"damage_healed":0,"gold_gain":0,"player_choice":"Upgraded","damage_taken":0,"max_hp_gain":0,"max_hp_loss":0,"event_name":"Upgrade Shrine","floor":19,"gold_loss":0,"cards_upgraded":["Sunlight"]}],"is_beta":false,"boss_relics":[{"not_picked":["Honey Jar","Velvet Choker"],"picked":"Painkiller Herb"},{"not_picked":["Replay:Drink Me","Runic Pyramid","Replay:Grab Bag"]}],"items_purged_floors":[22],"is_endless":false,"potions_floor_spawned":[1,16,24,28,29,31],"killed_by":"3 Darklings","ascension_level":0}}