{"host":"5h7tnviy6ct1qpjn","time":1610575015,"event":{"mods":["AchievementEnabler","BaseMod","BetterRewards","Colored Powertips","Minty Spire (QoL Compilation)","Shop Mod","StSLib"],"gold_per_floor":[112,30,30,42,61,87,87,87,111,186,186,186,186,64,64,159,159,170,170,185,59,59,59,59,59,59,59,69,85,112,126,126,230,230,244,50,68,68,79,79,1,1,26,46,0,17,17,29,29,29,29,29,29,29,29],"floor_reached":54,"language":"ENG","playtime":4050,"items_purged":["Defend_R"],"score":853,"play_id":"2495016e-4e30-489a-ac1b-3e17020ba7e3","local_time":"20210113225655","is_ascension_mode":false,"campfire_choices":[{"data":"Entrench","floor":8,"key":"SMITH"},{"floor":11,"key":"REST"},{"data":"Body Slam","floor":13,"key":"SMITH"},{"floor":15,"key":"RECALL"},{"data":"Armaments","floor":23,"key":"SMITH"},{"data":"Metallicize","floor":25,"key":"SMITH"},{"data":"Metallicize","floor":27,"key":"SMITH"},{"data":"Headbutt","floor":32,"key":"SMITH"},{"floor":40,"key":"REST"},{"data":"Chrysalis","floor":42,"key":"SMITH"},{"floor":49,"key":"REST"},{"data":"Demon Form","floor":52,"key":"SMITH"}],"circlet_count":0,"master_deck":["Strike_R+1","Strike_R+1","Defend_R+1","Defend_R+1","Defend_R+1","Bash+1","Ghostly Armor","Battle Trance","Perfected Strike+1","Headbutt+1","Entrench+1","Metallicize+1","Armaments+1","Body Slam+1","Metallicize+1","Shrug It Off","Twin Strike+1","Pommel Strike","Seeing Red+1","Flex","Chrysalis+1","Body Slam+1","Parasite","Infernal Blade+1","Demon Form+1","Inflame+1"],"relics":["Burning Blood","Whetstone","Eternal Feather","Velvet Choker","Nloth\u0027s Gift","Letter Opener","Thread and Needle","Ancient Tea Set","Runic Cube","Pear","Lantern","Red Mask"],"acts_visited":["Exordium","TheCity","TheBeyond","TheEnding"],"potions_floor_usage":[28,28,31,37,46,54],"damage_taken":[{"damage":0,"enemies":"2 Louse","floor":1,"turns":2},{"damage":6,"enemies":"Jaw Worm","floor":4,"turns":3},{"damage":1,"enemies":"Cultist","floor":5,"turns":4},{"damage":22,"enemies":"3 Sentries","floor":6,"turns":11},{"damage":56,"enemies":"Slime Boss","floor":16,"turns":16},{"damage":1,"enemies":"Spheric Guardian","floor":18,"turns":6},{"damage":3,"enemies":"Chosen","floor":20,"turns":6},{"damage":0,"enemies":"Centurion and Healer","floor":28,"turns":6},{"damage":6,"enemies":"Snecko","floor":29,"turns":5},{"damage":19,"enemies":"Book of Stabbing","floor":30,"turns":6},{"damage":3,"enemies":"Shelled Parasite and Fungi","floor":31,"turns":5},{"damage":8,"enemies":"Champ","floor":33,"turns":12},{"damage":27,"enemies":"3 Shapes","floor":35,"turns":4},{"damage":7,"enemies":"3 Darklings","floor":37,"turns":14},{"damage":18,"enemies":"Writhing Mass","floor":39,"turns":9},{"damage":22,"enemies":"Jaw Worm Horde","floor":44,"turns":7},{"damage":29,"enemies":"Transient","floor":46,"turns":5},{"damage":3,"enemies":"Writhing Mass","floor":48,"turns":7},{"damage":36,"enemies":"Awakened One","floor":50,"turns":12},{"damage":91,"enemies":"Shield and Spear","floor":54,"turns":6}],"seed_played":"-1293083230697984444","potions_obtained":[{"floor":5,"key":"PowerPotion"},{"floor":6,"key":"Fire Potion"},{"floor":18,"key":"Weak Potion"},{"floor":28,"key":"SneckoOil"},{"floor":30,"key":"SteroidPotion"},{"floor":31,"key":"Energy Potion"},{"floor":37,"key":"SteroidPotion"},{"floor":39,"key":"Weak Potion"},{"floor":46,"key":"Swift Potion"}],"is_trial":false,"path_per_floor":["M","$","?","M","M","E","?","R","T","?","R","T","R","$","R","B",null,"M","?","M","$","T","R","?","R","T","R","M","M","E","M","R","B",null,"M","$","M","?","M","R","?","R","T","M","?","M","?","M","R","B",null,"R","$","E"],"character_chosen":"IRONCLAD","items_purchased":["Ghostly Armor","Battle Trance","Entrench","Metallicize","Shrug It Off","Pommel Strike","Chrysalis"],"campfire_rested":3,"item_purchase_floors":[0,0,2,14,14,21,36],"current_hp_per_floor":[78,78,78,78,80,64,57,57,57,46,70,70,79,79,80,30,80,80,80,80,80,80,80,80,80,80,80,80,80,67,70,80,78,80,59,59,58,58,46,80,90,90,90,74,74,51,51,54,90,60,90,90,90,0,0],"gold":29,"neow_bonus":"","is_daily":false,"chose_seed":false,"campfire_upgraded":8,"win_rate":0.0,"timestamp":1610575015,"path_taken":["M","$","?","M","M","E","?","R","T","?","R","?","R","?","R","BOSS","M","?","M","$","?","R","?","R","T","R","M","M","E","M","R","BOSS","M","$","M","?","?","R","?","R","T","?","?","M","?","?","R","BOSS","R","$","E"],"items_purchased_type":["Card","Card","Card","Card","Card","Card","Card"],"build_version":"2020-12-22","purchased_purges":1,"victory":false,"max_hp_per_floor":[80,80,80,80,80,80,80,80,80,80,80,80,80,80,80,80,80,80,80,80,80,80,80,80,80,80,80,80,80,80,80,80,80,80,80,80,80,80,80,80,90,90,90,90,90,90,90,90,90,90,90,90,90,90,90],"card_choices":[{"not_picked":["Cleave","Clash"],"picked":"Headbutt","floor":1},{"not_picked":["Clash","Warcry"],"picked":"Metallicize","floor":4},{"not_picked":["Havoc","Anger"],"picked":"Armaments","floor":5},{"not_picked":["Exhume","Limit Break"],"picked":"Body Slam","floor":6},{"not_picked":["Whirlwind+1","Evolve+1","Shockwave+1"],"picked":"SKIP","floor":18},{"not_picked":["Second Wind","Entrench"],"picked":"Twin Strike+1","floor":20},{"not_picked":["Flame Barrier+1","Clash+1"],"picked":"Seeing Red+1","floor":28},{"not_picked":["Dual Wield","Shockwave","Armaments+1"],"picked":"SKIP","floor":29},{"not_picked":["Blood for Blood","Offering","Impervious"],"picked":"SKIP","floor":30},{"not_picked":["Cleave","Warcry","Armaments"],"picked":"SKIP","floor":31},{"not_picked":["Clash+1","Armaments"],"picked":"Flex","floor":35},{"not_picked":["True Grit+1","Perfected Strike+1"],"picked":"Body Slam+1","floor":37},{"not_picked":["Evolve+1","Shrug It Off+1","Warcry+1"],"picked":"SKIP","floor":39},{"not_picked":["Flame Barrier","Whirlwind"],"picked":"Infernal Blade+1","floor":44},{"not_picked":["Metallicize","Blood for Blood+1"],"picked":"Demon Form","floor":46},{"not_picked":["Carnage+1","Anger"],"picked":"Inflame+1","floor":48}],"player_experience":65997,"relics_obtained":[{"floor":6,"key":"Whetstone"},{"floor":12,"key":"Eternal Feather"},{"floor":22,"key":"Letter Opener"},{"floor":26,"key":"Thread and Needle"},{"floor":30,"key":"Ancient Tea Set"},{"floor":43,"key":"Lantern"}],"event_choices":[{"damage_healed":0,"gold_gain":0,"player_choice":"Ignored","damage_taken":0,"max_hp_gain":0,"max_hp_loss":0,"event_name":"Liars Game","floor":3,"gold_loss":0},{"cards_removed":["Strike_R"],"damage_healed":0,"gold_gain":0,"player_choice":"Card Removal","damage_taken":7,"max_hp_gain":0,"max_hp_loss":0,"event_name":"Golden Wing","floor":7,"gold_loss":0},{"damage_healed":0,"gold_gain":75,"player_choice":"Gather Gold","damage_taken":11,"max_hp_gain":0,"max_hp_loss":0,"event_name":"World of Goop","floor":10,"gold_loss":0},{"damage_healed":0,"gold_gain":0,"player_choice":"Traded Relic","damage_taken":0,"relics_obtained":["Nloth\u0027s Gift"],"max_hp_gain":0,"max_hp_loss":0,"event_name":"N\u0027loth","floor":19,"relics_lost":["Peace Pipe"],"gold_loss":0},{"damage_healed":0,"gold_gain":0,"player_choice":"Simplicity","damage_taken":0,"max_hp_gain":0,"max_hp_loss":0,"event_name":"Back to Basics","floor":24,"gold_loss":0,"cards_upgraded":["Strike_R","Strike_R","Strike_R","Strike_R","Defend_R","Defend_R","Defend_R"]},{"cards_removed":["Strike_R"],"damage_healed":0,"gold_gain":0,"player_choice":"Purged","damage_taken":0,"max_hp_gain":0,"max_hp_loss":0,"event_name":"Purifier","floor":38,"gold_loss":0},{"damage_healed":0,"gold_gain":0,"player_choice":"Paid Gold","damage_taken":0,"relics_obtained":["Pear"],"max_hp_gain":0,"max_hp_loss":0,"event_name":"WeMeetAgain","floor":41,"gold_loss":78},{"damage_healed":0,"gold_gain":0,"player_choice":"Paid","damage_taken":0,"relics_obtained":["Red Mask"],"max_hp_gain":0,"max_hp_loss":0,"event_name":"Tomb of Lord Red Mask","floor":45,"gold_loss":46},{"cards_removed":["Strike_R"],"damage_healed":0,"gold_gain":0,"player_choice":"Card Removal","damage_taken":0,"max_hp_gain":0,"max_hp_loss":0,"event_name":"Wheel of Change","floor":47,"gold_loss":0}],"is_beta":false,"boss_relics":[{"not_picked":["Runic Dome","Busted Crown"],"picked":"Velvet Choker"},{"not_picked":["Astrolabe","Fusion Hammer"],"picked":"Runic Cube"}],"items_purged_floors":[21],"is_endless":false,"potions_floor_spawned":[5,6,18,28,30,31,37,39,46],"killed_by":"Shield and Spear","ascension_level":0}}