{"host":"gx7yyrn1gkym3qpb","time":1610536447,"event":{"mods":["AchievementEnabler","BaseMod","Better Altar","Better Match","Better Note","Better Sensory Stone","Better Skull","Better Third Choice","Highlight Path","Minty Spire (QoL Compilation)","Permanent Neow","Quick Restart","StSLib","Unceasing Turn Reminder"],"gold_per_floor":[16,26,38,49,49,74,74,108,159,159,159],"floor_reached":10,"language":"ENG","playtime":460,"items_purged":[],"score":148,"play_id":"2edace43-3269-422c-a22d-907061c7056f","local_time":"20210113061407","is_ascension_mode":true,"campfire_choices":[{"floor":7,"key":"REST"}],"circlet_count":0,"master_deck":["AscendersBane","Strike_G","Strike_G","Strike_G","Strike_G","Defend_G","Defend_G","Defend_G+1","Defend_G","Survivor","Neutralize","Dash","Cloak And Dagger+1","Deadly Poison","PiercingWail","Footwork","Blur","Malaise"],"relics":["Ring of the Snake","Bird Faced Urn","InkBottle","Juzu Bracelet"],"acts_visited":["Exordium"],"potions_floor_usage":[6,6,8],"damage_taken":[{"damage":0,"enemies":"Cultist","floor":1,"turns":4},{"damage":0,"enemies":"2 Louse","floor":2,"turns":2},{"damage":0,"enemies":"Jaw Worm","floor":3,"turns":5},{"damage":0,"enemies":"2 Fungi Beasts","floor":4,"turns":4},{"damage":36,"enemies":"Gremlin Nob","floor":6,"turns":6},{"damage":16,"enemies":"Lagavulin","floor":8,"turns":11},{"damage":10,"enemies":"3 Sentries","floor":10,"turns":2}],"seed_played":"1211748585502900444","potions_obtained":[{"floor":2,"key":"GamblersBrew"},{"floor":3,"key":"CunningPotion"},{"floor":6,"key":"FearPotion"}],"is_trial":false,"path_per_floor":["M","M","M","M","?","E","R","E","T","E"],"character_chosen":"THE_SILENT","items_purchased":[],"campfire_rested":1,"item_purchase_floors":[],"current_hp_per_floor":[59,59,59,59,39,3,22,8,8,0,0],"gold":159,"neow_bonus":"TRANSFORM_TWO_CARDS","is_daily":false,"chose_seed":false,"campfire_upgraded":0,"win_rate":0.0,"timestamp":1610536447,"path_taken":["M","M","?","M","?","E","R","E","T","E"],"items_purchased_type":[],"build_version":"2020-12-22","purchased_purges":0,"victory":false,"max_hp_per_floor":[66,66,66,66,66,66,66,66,66,66,66],"card_choices":[{"not_picked":["Prepared","Endless Agony"],"picked":"Deadly Poison","floor":1},{"not_picked":["Poisoned Stab","Outmaneuver"],"picked":"PiercingWail","floor":2},{"not_picked":["Sucker Punch","Caltrops"],"picked":"Footwork","floor":3},{"not_picked":["Flying Knee","Finisher","Quick Slash"],"picked":"SKIP","floor":4},{"not_picked":["Flying Knee","Cloak And Dagger"],"picked":"Blur","floor":6},{"not_picked":["Masterful Stab","Terror"],"picked":"Malaise","floor":8}],"player_experience":409438,"relics_obtained":[{"floor":6,"key":"Bird Faced Urn"},{"floor":8,"key":"InkBottle"},{"floor":9,"key":"Juzu Bracelet"}],"event_choices":[{"damage_healed":59,"gold_gain":0,"player_choice":"Upgrade","damage_taken":20,"max_hp_gain":0,"max_hp_loss":66,"event_name":"betterThird:BetterShining","floor":5,"gold_loss":0,"cards_upgraded":["Cloak And Dagger","Defend_G"]}],"is_beta":false,"boss_relics":[],"items_purged_floors":[],"is_endless":false,"potions_floor_spawned":[2,3,6],"killed_by":"3 Sentries","ascension_level":18}}