{"host":"isy2gwbfe91wqj1j","time":1610497618,"event":{"mods":["AchievementEnabler","BaseMod","Better Altar","Better Match","Better Note","Better Sensory Stone","Better Skull","Better Third Choice","BetterRewards","Minty Spire (QoL Compilation)","StSLib"],"gold_per_floor":[119,119,135,97,172,172,212,231,255,255,255,255,276,276,276,400,400,424,339,363,28,42,77,2,2,71,109,234,274,288,322,322,446,446,459,120,453,413,431,431,449,476,500,529,529,529],"floor_reached":45,"language":"ENG","playtime":2387,"items_purged":["Strike_R","Strike_R"],"score":760,"play_id":"c3237ff1-7a66-4938-982c-4f339d0103ab","local_time":"20210112172658","is_ascension_mode":true,"campfire_choices":[{"data":"Body Slam","floor":6,"key":"SMITH"},{"data":"Metallicize","floor":11,"key":"SMITH"},{"data":"Armaments","floor":15,"key":"SMITH"},{"data":"Barricade","floor":25,"key":"SMITH"},{"floor":32,"key":"REST"},{"data":"Shrug It Off","floor":40,"key":"SMITH"}],"circlet_count":0,"master_deck":["Defend_R","Defend_R","Defend_R","Defend_R+1","Bash","Shrug It Off","Iron Wave","Shrug It Off+1","Body Slam+1","Metallicize+1","Armaments+1","Barricade+1","Entrench+1","Shrug It Off+1","Whirlwind+1"],"relics":["Burning Blood","Pocketwatch","White Beast Statue","Bag of Marbles","Centennial Puzzle","Juzu Bracelet","Busted Crown","Pear","PreservedInsect","Toxic Egg 2","Dream Catcher","Question Card","Ancient Tea Set","Unceasing Top","Shuriken","Bronze Scales","Anchor","Empty Cage","Singing Bowl","Peace Pipe","Happy Flower","Nunchaku"],"acts_visited":["Exordium","TheCity","TheBeyond"],"potions_floor_usage":[6,7,16,16,16,18,22,23,28,28,29,33,33,41,42,44,45],"damage_taken":[{"damage":1,"enemies":"2 Louse","floor":1,"turns":4},{"damage":1,"enemies":"Small Slimes","floor":3,"turns":3},{"damage":4,"enemies":"Lagavulin","floor":7,"turns":9},{"damage":0,"enemies":"Jaw Worm","floor":8,"turns":4},{"damage":0,"enemies":"Looter","floor":13,"turns":3},{"damage":46,"enemies":"Hexaghost","floor":16,"turns":14},{"damage":3,"enemies":"Shell Parasite","floor":18,"turns":7},{"damage":4,"enemies":"2 Thieves","floor":22,"turns":5},{"damage":17,"enemies":"Book of Stabbing","floor":23,"turns":7},{"damage":0,"enemies":"Gremlin Leader","floor":27,"turns":8},{"damage":8,"enemies":"Colosseum Slavers","floor":28,"turns":8},{"damage":0,"enemies":"Colosseum Nobs","floor":28,"turns":7},{"damage":2,"enemies":"Book of Stabbing","floor":29,"turns":7},{"damage":1,"enemies":"Snecko","floor":30,"turns":6},{"damage":27,"enemies":"Slavers","floor":31,"turns":4},{"damage":13,"enemies":"Automaton","floor":33,"turns":11},{"damage":0,"enemies":"Orb Walker","floor":35,"turns":2},{"damage":0,"enemies":"3 Darklings","floor":39,"turns":7},{"damage":0,"enemies":"Sphere and 2 Shapes","floor":41,"turns":2},{"damage":0,"enemies":"Giant Head","floor":42,"turns":4},{"damage":0,"enemies":"Reptomancer","floor":44,"turns":4},{"damage":147,"enemies":"2 Orb Walkers","floor":45,"turns":8}],"seed_played":"2597157362641772010","potions_obtained":[{"floor":1,"key":"DuplicationPotion"},{"floor":3,"key":"BloodPotion"},{"floor":7,"key":"ElixirPotion"},{"floor":8,"key":"LiquidMemories"},{"floor":13,"key":"SkillPotion"},{"floor":16,"key":"SkillPotion"},{"floor":18,"key":"DuplicationPotion"},{"floor":22,"key":"AttackPotion"},{"floor":23,"key":"Fruit Juice"},{"floor":27,"key":"LiquidMemories"},{"floor":28,"key":"AttackPotion"},{"floor":29,"key":"Weak Potion"},{"floor":30,"key":"SmokeBomb"},{"floor":31,"key":"Energy Potion"},{"floor":33,"key":"Dexterity Potion"},{"floor":35,"key":"Ancient Potion"},{"floor":39,"key":"SteroidPotion"},{"floor":41,"key":"BlessingOfTheForge"},{"floor":42,"key":"LiquidMemories"},{"floor":44,"key":"FairyPotion"}],"is_trial":false,"path_per_floor":["M","?","M","$","?","R","E","M","T","?","R","?","M","?","R","B",null,"M","?","T","$","M","E","?","R","T","E","?","E","M","E","R","B",null,"M","$","?","?","M","R","M","E","T","E","?"],"character_chosen":"IRONCLAD","items_purchased":["Shrug It Off","White Beast Statue","Iron Wave","Metallicize","Toxic Egg 2","Entrench+1","Singing Bowl"],"campfire_rested":1,"item_purchase_floors":[0,0,0,4,21,21,36],"current_hp_per_floor":[80,60,65,65,54,70,72,78,78,83,83,80,85,85,85,45,85,85,95,95,95,95,84,84,84,84,90,99,100,100,79,100,93,100,100,100,100,100,102,102,104,106,106,108,0,0],"gold":529,"neow_bonus":"","is_daily":false,"chose_seed":false,"campfire_upgraded":5,"win_rate":0.0,"timestamp":1610497618,"path_taken":["M","?","M","$","?","R","E","M","T","?","R","?","M","?","R","BOSS","M","?","?","$","M","E","?","R","T","E","?","E","M","E","R","BOSS","M","$","?","?","M","R","M","E","T","E","?"],"items_purchased_type":["Card","Relic","Card","Card","Relic","Card","Relic"],"build_version":"2020-12-22","purchased_purges":2,"victory":false,"max_hp_per_floor":[80,80,80,80,80,80,80,80,80,85,85,85,85,85,85,85,85,85,95,95,95,95,95,95,95,95,95,100,100,100,100,100,100,100,100,100,100,100,102,102,104,106,106,108,108,108],"card_choices":[{"not_picked":["Ghostly Armor","Thunderclap"],"picked":"Shrug It Off","floor":1},{"not_picked":["Iron Wave","Shrug It Off"],"picked":"Body Slam","floor":3},{"not_picked":["Exhume","Cleave","Twin Strike"],"picked":"SKIP","floor":7},{"not_picked":["Evolve","Thunderclap","Ghostly Armor"],"picked":"SKIP","floor":8},{"not_picked":["Searing Blow","Spot Weakness"],"picked":"Armaments","floor":13},{"not_picked":["Double Tap","Berserk"],"picked":"Barricade","floor":16},{"not_picked":["Heavy Blade"],"picked":"SKIP","floor":18},{"not_picked":["Sword Boomerang"],"picked":"SKIP","floor":22},{"not_picked":[],"picked":"Shrug It Off+1","floor":23},{"not_picked":["Hemokinesis"],"picked":"Whirlwind","floor":27},{"not_picked":["Infernal Blade+1","Twin Strike"],"picked":"SKIP","floor":29},{"not_picked":["Anger","Hemokinesis+1"],"picked":"SKIP","floor":30},{"not_picked":["Flex+1","Berserk"],"picked":"SKIP","floor":31},{"not_picked":["Power Through+1","Wild Strike+1"],"picked":"SKIP","floor":35},{"not_picked":["Ghostly Armor+1","Cleave"],"picked":"Singing Bowl","floor":39},{"not_picked":["Sword Boomerang","Seeing Red+1"],"picked":"Singing Bowl","floor":41},{"not_picked":["Bludgeon","Body Slam"],"picked":"Singing Bowl","floor":42},{"not_picked":["Perfected Strike","Heavy Blade+1"],"picked":"Singing Bowl","floor":44}],"player_experience":160195,"relics_obtained":[{"floor":7,"key":"Bag of Marbles"},{"floor":9,"key":"Centennial Puzzle"},{"floor":20,"key":"PreservedInsect"},{"floor":23,"key":"Dream Catcher"},{"floor":26,"key":"Question Card"},{"floor":27,"key":"Ancient Tea Set"},{"floor":28,"key":"Unceasing Top"},{"floor":28,"key":"Shuriken"},{"floor":29,"key":"Bronze Scales"},{"floor":31,"key":"Anchor"},{"floor":42,"key":"Peace Pipe"},{"floor":43,"key":"Happy Flower"},{"floor":44,"key":"Nunchaku"}],"event_choices":[{"damage_healed":0,"gold_gain":0,"player_choice":"Take Damage","damage_taken":20,"relics_obtained":["Golden Idol"],"max_hp_gain":0,"max_hp_loss":0,"event_name":"Golden Idol","floor":2,"gold_loss":0},{"damage_healed":0,"gold_gain":75,"player_choice":"Gold","damage_taken":11,"max_hp_gain":0,"max_hp_loss":0,"event_name":"betterThird:BetterGoop","floor":5,"gold_loss":0},{"damage_healed":0,"gold_gain":0,"player_choice":"Donut","damage_taken":0,"max_hp_gain":5,"max_hp_loss":0,"event_name":"Big Fish","floor":10,"gold_loss":0},{"damage_healed":0,"gold_gain":0,"player_choice":"Relic ","damage_taken":3,"max_hp_gain":0,"max_hp_loss":0,"event_name":"betterThird:BetterScrap","floor":12,"gold_loss":0,"cards_obtained":["EmptyMind"]},{"damage_healed":85,"gold_gain":0,"player_choice":"Leave","damage_taken":0,"max_hp_gain":0,"max_hp_loss":85,"event_name":"betterThird:BetterShining","floor":14,"gold_loss":0},{"damage_healed":0,"gold_gain":0,"player_choice":"Obtained Relic","damage_taken":0,"relics_obtained":["Pear"],"max_hp_gain":0,"max_hp_loss":0,"event_name":"Addict","floor":19,"gold_loss":85},{"cards_removed":["Strike_R"],"damage_healed":0,"gold_gain":0,"player_choice":"Gave Gold","damage_taken":0,"max_hp_gain":0,"max_hp_loss":0,"event_name":"Beggar","floor":24,"gold_loss":75},{"damage_healed":0,"gold_gain":0,"player_choice":"Fight","damage_taken":0,"max_hp_gain":0,"max_hp_loss":0,"event_name":"Colosseum","floor":28,"gold_loss":0},{"damage_healed":0,"gold_gain":0,"player_choice":"Fought Nobs","damage_taken":0,"max_hp_gain":0,"max_hp_loss":0,"event_name":"Colosseum","floor":28,"gold_loss":0},{"damage_healed":0,"gold_gain":333,"player_choice":"Gave Idol","damage_taken":0,"max_hp_gain":0,"max_hp_loss":0,"event_name":"The Moai Head","floor":37,"relics_lost":["Golden Idol"],"gold_loss":0},{"damage_healed":0,"gold_gain":0,"player_choice":"Upgraded Two","damage_taken":0,"max_hp_gain":0,"max_hp_loss":0,"event_name":"Designer","floor":38,"gold_loss":40,"cards_upgraded":["Whirlwind","Defend_R"]},{"damage_healed":0,"gold_gain":0,"player_choice":"Fight","damage_taken":0,"max_hp_gain":0,"max_hp_loss":0,"event_name":"Mysterious Sphere","floor":45,"gold_loss":0}],"is_beta":false,"boss_relics":[{"not_picked":["Calling Bell","Fusion Hammer"],"picked":"Busted Crown"},{"not_picked":["SlaversCollar","Cursed Key"],"picked":"Empty Cage"}],"items_purged_floors":[0,36],"is_endless":false,"potions_floor_spawned":[1,3,7,8,13,16,18,22,23,27,28,28,29,30,31,33,35,39,41,42,44],"killed_by":"2 Orb Walkers","ascension_level":2}}