{"host":"w19xfkufc0k7hkek","time":1610565321,"event":{"mods":["BaseMod","Better Third Choice","Colored Map","Colored Powertips","Downfall","Highlight Path","Minty Spire (QoL Compilation)","Rare Cards Sparkle","Relic Stats","Replay The Spire","StSLib","The Jungle"],"gold_per_floor":[111,111,127,5,17,17,37,37,37,47,62,77,77,77],"floor_reached":13,"language":"ENG","playtime":482,"items_purged":["Regret"],"score":103,"play_id":"a4f29d6f-198c-43d8-9ce6-ef7e43689e95","local_time":"20210113121521","is_ascension_mode":true,"campfire_choices":[{"data":"Strike_G","floor":6,"key":"PURGE"},{"data":"Strike_G","floor":8,"key":"PURGE"}],"circlet_count":0,"master_deck":["Strike_G","Strike_G","Strike_G","Defend_G","Defend_G","Defend_G","Defend_G","Defend_G","Survivor","Neutralize","Dagger Throw","Deadly Poison","Bane","Backflip","Sucker Punch","Backflip","Dodge and Roll","Leg Sweep"],"relics":["Ring of the Snake","NeowsBlessing","Peace Pipe"],"acts_visited":["Exordium"],"potions_floor_usage":[10,13],"damage_taken":[{"damage":0,"enemies":"Small Slimes","floor":1,"turns":1},{"damage":0,"enemies":"Jaw Worm","floor":3,"turns":1},{"damage":0,"enemies":"Cultist","floor":5,"turns":1},{"damage":9,"enemies":"Looter","floor":7,"turns":3},{"damage":4,"enemies":"Lots of Slimes","floor":10,"turns":5},{"damage":2,"enemies":"2 Fungi Beasts","floor":11,"turns":3},{"damage":0,"enemies":"Blue Slaver","floor":12,"turns":3},{"damage":9,"enemies":"3 Sentries","floor":13,"turns":4}],"seed_played":"8954006272542017404","potions_obtained":[{"floor":5,"key":"Weak Potion"},{"floor":7,"key":"LifebloodPotion"},{"floor":12,"key":"Elixir"}],"is_trial":false,"path_per_floor":["M","?","M","$","M","R","M","R","T","M","M","M","E"],"character_chosen":"THE_SILENT","items_purchased":["Bane"],"campfire_rested":0,"item_purchase_floors":[4],"current_hp_per_floor":[63,63,63,63,63,63,54,54,54,50,48,48,39,39],"gold":77,"neow_bonus":"THREE_ENEMY_KILL","is_daily":false,"chose_seed":false,"campfire_upgraded":0,"win_rate":0.0,"timestamp":1610565321,"path_taken":["M","?","M","?","?","R","M","R","T","M","M","M","E"],"items_purchased_type":["Card"],"build_version":"2020-12-22","purchased_purges":1,"victory":false,"max_hp_per_floor":[70,70,70,70,70,70,70,70,70,70,70,70,70,70],"relic_stats":{"Peace Pipe":2,"counters":[8,21],"obtain_stats":[{"Peace Pipe":2,"NeowsBlessing":0,"Ring of the Snake":0},{"Peace Pipe":1,"NeowsBlessing":0,"Ring of the Snake":0},{"Peace Pipe":1,"NeowsBlessing":0,"Ring of the Snake":0}],"Ring of the Snake":[16]},"card_choices":[{"not_picked":["Bane","Distraction"],"picked":"Dagger Throw","floor":1},{"not_picked":["Underhanded Strike","ReplayTheSpireMod:Exploit Weakness"],"picked":"Deadly Poison","floor":3},{"not_picked":["ReplayTheSpireMod:The Works","Deadly Poison"],"picked":"Backflip","floor":5},{"not_picked":["Blade Dance","A Thousand Cuts"],"picked":"Sucker Punch","floor":7},{"not_picked":["Flying Knee","Outmaneuver"],"picked":"Backflip","floor":10},{"not_picked":["Cloak And Dagger","Concentrate"],"picked":"Dodge and Roll","floor":11},{"not_picked":["Prepared","Slice"],"picked":"Leg Sweep","floor":12}],"player_experience":438528,"relics_obtained":[],"event_choices":[{"damage_healed":0,"gold_gain":0,"player_choice":"Box","damage_taken":0,"relics_obtained":["Peace Pipe"],"max_hp_gain":0,"max_hp_loss":0,"event_name":"Big Fish","floor":2,"gold_loss":0,"cards_obtained":["Regret"]}],"is_beta":false,"boss_relics":[],"items_purged_floors":[4],"is_endless":false,"potions_floor_spawned":[5,7,12],"killed_by":"3 Sentries","ascension_level":6}}