{"host":"71ei6fp0f7auegbc","time":1610532729,"event":{"mods":["BaseMod","Downfall","Googly Eyes","Minty Spire (QoL Compilation)","StSLib"],"gold_per_floor":[110,110,110,128,128,128,172,200,212,224,259,44,57,72,72,193,193,211,111,111,111,111,111,111,154,154,170,189,189,220,233,233,233,233],"floor_reached":33,"language":"ENG","playtime":1248,"items_purged":["Strike_B","Strike_B"],"score":284,"play_id":"bfc9af07-4ff4-43d9-ab75-1ce01b30a8dc","local_time":"20210113041209","is_ascension_mode":false,"campfire_choices":[{"data":"Zap","floor":6,"key":"SMITH"},{"data":"Defragment","floor":10,"key":"SMITH"},{"data":"Chaos","floor":15,"key":"SMITH"},{"data":"Fission","floor":23,"key":"SMITH"},{"data":"expansioncontent:DashGenerateEvil","floor":29,"key":"SMITH"},{"data":"Barrage","floor":32,"key":"SMITH"}],"circlet_count":0,"master_deck":["Strike_B","Strike_B","Defend_B","Defend_B","Defend_B","Defend_B","Zap+1","Dualcast","expansioncontent:DashGenerateEvil+1","Barrage+1","Ball Lightning","Leap","Defragment+1","Conserve Battery","Chaos+1","Auto Shields","Fission+1","Ball Lightning","Stack","Redo+1","Compile Driver+1"],"relics":["Cracked Core","Golden Idol","Spirit Poop","Question Card","MawBank","Eternal Feather","PreservedInsect","Nuclear Battery","Molten Egg 2","MutagenicStrength","Darkstone Periapt","MealTicket"],"acts_visited":["TheCity"],"potions_floor_usage":[16,16,16,33,33],"damage_taken":[{"damage":0,"enemies":"Small Slimes","floor":1,"turns":2},{"damage":1,"enemies":"Jaw Worm","floor":4,"turns":4},{"damage":22,"enemies":"3 Sentries","floor":7,"turns":6},{"damage":0,"enemies":"Cultist","floor":8,"turns":3},{"damage":23,"enemies":"Exordium Thugs","floor":11,"turns":3},{"damage":5,"enemies":"3 Louse","floor":13,"turns":3},{"damage":0,"enemies":"Large Slime","floor":14,"turns":4},{"damage":15,"enemies":"The Guardian","floor":16,"turns":8},{"damage":7,"enemies":"Shell Parasite","floor":18,"turns":5},{"damage":12,"enemies":"Book of Stabbing","floor":25,"turns":5},{"damage":0,"enemies":"3 Byrds","floor":27,"turns":4},{"damage":9,"enemies":"Snake Plant","floor":28,"turns":3},{"damage":14,"enemies":"Slavers","floor":30,"turns":3},{"damage":24,"enemies":"Cultist and Chosen","floor":31,"turns":7},{"damage":60,"enemies":"Collector","floor":33,"turns":6}],"seed_played":"-936870779465336988","potions_obtained":[{"floor":1,"key":"Regen Potion"},{"floor":7,"key":"Strength Potion"},{"floor":11,"key":"Slimebound:ThreeZeroPotion"},{"floor":16,"key":"PowerPotion"},{"floor":31,"key":"GamblersBrew"}],"is_trial":false,"path_per_floor":["M","?","?","M","T","R","E","M","T","R","M","$","M","M","R","B",null,"M","$","?","?","$","R","?","E","T","M","M","R","E","M","R","B"],"character_chosen":"DEFECT","items_purchased":["PreservedInsect"],"campfire_rested":0,"item_purchase_floors":[12],"current_hp_per_floor":[54,54,54,53,53,53,31,31,31,40,17,17,12,12,21,15,75,68,68,68,68,68,75,75,63,63,63,54,66,52,28,40,0,0],"gold":233,"neow_bonus":"RANDOM_COLORLESS_2","is_daily":false,"chose_seed":false,"campfire_upgraded":6,"win_rate":0.0,"timestamp":1610532729,"path_taken":["M","?","?","?","?","R","E","M","T","R","M","$","M","M","R","BOSS","M","$","?","?","$","R","?","E","T","M","?","R","E","M","R","BOSS"],"items_purchased_type":["Relic"],"build_version":"2020-12-22","purchased_purges":2,"victory":false,"max_hp_per_floor":[75,75,75,75,75,75,75,75,75,75,75,75,75,75,75,75,75,75,75,75,75,75,75,75,75,75,75,75,75,75,75,75,75,75],"card_choices":[{"not_picked":["Chrysalis","Apotheosis"],"picked":"expansioncontent:DashGenerateEvil","floor":0},{"not_picked":["Steam Power","Hologram"],"picked":"Barrage","floor":1},{"not_picked":["Cold Snap","Rip and Tear"],"picked":"Ball Lightning","floor":4},{"not_picked":["Cold Snap","Barrage","Doom and Gloom"],"picked":"Leap","floor":7},{"not_picked":["Redo","Static Discharge","Turbo"],"picked":"Defragment","floor":8},{"not_picked":["Amplify","Rebound","Fusion"],"picked":"Conserve Battery","floor":11},{"not_picked":["Fusion","Hello World","Gash"],"picked":"Chaos","floor":13},{"not_picked":["Undo","Leap","Recycle"],"picked":"Auto Shields","floor":14},{"not_picked":["Meteor Strike","Biased Cognition","All For One"],"picked":"Fission","floor":16},{"not_picked":["Steam","Sunder","Doom and Gloom"],"picked":"Ball Lightning","floor":18},{"not_picked":["Glacier","Sunder+1","Steam"],"picked":"Redo+1","floor":25},{"not_picked":["Barrage+1","Redo","Gash+1","Self Repair"],"picked":"SKIP","floor":27},{"not_picked":["Barrage+1","All For One+1","Go for the Eyes+1","Coolheaded"],"picked":"SKIP","floor":28},{"not_picked":["Gash+1","Go for the Eyes+1","Amplify","Redo"],"picked":"SKIP","floor":30},{"not_picked":["Gash+1","Reboot","Sweeping Beam+1"],"picked":"Compile Driver+1","floor":31}],"player_experience":201127,"relics_obtained":[{"floor":5,"key":"Question Card"},{"floor":7,"key":"MawBank"},{"floor":9,"key":"Eternal Feather"},{"floor":25,"key":"Darkstone Periapt"},{"floor":30,"key":"MealTicket"}],"event_choices":[{"damage_healed":0,"gold_gain":0,"player_choice":"Take Wound","damage_taken":0,"relics_obtained":["Golden Idol"],"max_hp_gain":0,"max_hp_loss":0,"event_name":"Golden Idol","floor":2,"gold_loss":0,"cards_obtained":["Injury"]},{"cards_removed":["Injury"],"damage_healed":0,"gold_gain":0,"player_choice":"Offered Curse","damage_taken":0,"relics_obtained":["Spirit Poop"],"max_hp_gain":0,"max_hp_loss":0,"event_name":"Bonfire Elementals","floor":3,"gold_loss":0},{"damage_healed":0,"gold_gain":0,"player_choice":"Opened","damage_taken":0,"relics_obtained":["Molten Egg 2"],"max_hp_gain":0,"max_hp_loss":0,"event_name":"The Mausoleum","floor":20,"gold_loss":0},{"damage_healed":0,"gold_gain":0,"player_choice":"Inject Mutagens","damage_taken":0,"relics_obtained":["MutagenicStrength"],"max_hp_gain":0,"max_hp_loss":0,"event_name":"Drug Dealer","floor":21,"gold_loss":0},{"damage_healed":0,"gold_gain":0,"player_choice":"Read","damage_taken":0,"max_hp_gain":0,"max_hp_loss":0,"event_name":"The Library","floor":24,"gold_loss":0,"cards_obtained":["Stack"]}],"is_beta":false,"boss_relics":[{"not_picked":["Cursed Key","Fusion Hammer"],"picked":"Nuclear Battery"}],"items_purged_floors":[12,19],"is_endless":false,"potions_floor_spawned":[1,7,11,16,31],"killed_by":"Collector","ascension_level":0}}