{"host":"n43wxkei7kulhi8o","time":1610507264,"event":{"mods":["BaseMod","Bestiary","Block Reminder","Colored Map","Curses Come First","Custom Start","Highlight Path","Minty Spire (QoL Compilation)","Quick Restart","Relic Stats","StSLib"],"gold_per_floor":[113,188,149,168,186,186,213,213,238,238,248,259,259,274,274,373,373,391,62,62,82,82,92,92,17,17,30,30,30,30,30,30,125,125,140,159,175,28,28,28,39,39,108,119,131,144,144,44,44,44],"floor_reached":51,"language":"ENG","playtime":1734,"items_purged":["Rebound+1","Parasite"],"score":649,"play_id":"3b6df51b-22b1-48fb-a86b-9c5912728199","local_time":"20210112220744","is_ascension_mode":false,"campfire_choices":[{"data":"Defragment","floor":6.0,"key":"SMITH"},{"data":"Zap","floor":8.0,"key":"SMITH"},{"data":"Auto Shields","floor":10.0,"key":"SMITH"},{"data":"Dualcast","floor":13.0,"key":"SMITH"},{"data":"Capacitor","floor":15.0,"key":"SMITH"},{"data":"Seek","floor":24.0,"key":"SMITH"},{"data":"Coolheaded","floor":30.0,"key":"SMITH"},{"floor":32.0,"key":"REST"},{"data":"Machine Learning","floor":40,"key":"SMITH"},{"data":"Barrage","floor":42,"key":"SMITH"},{"data":"Glacier","floor":47,"key":"SMITH"},{"data":"Conserve Battery","floor":49,"key":"SMITH"}],"circlet_count":0,"master_deck":["Strike_B+1","Strike_B+1","Strike_B+1","Defend_B+1","Defend_B+1","Zap+1","Dualcast+1","Auto Shields+1","FTL","Defragment+1","Glacier+1","Sweeping Beam","Tempest","Barrage+1","Capacitor+1","Echo Form+1","Auto Shields+1","Rainbow+1","Ball Lightning+1","Seek+1","Conserve Battery+1","Defragment+1","Turbo+1","Coolheaded+1","Machine Learning+1"],"relics":["Cracked Core","Torii","Omamori","Bag of Preparation","Astrolabe","Runic Capacitor","WarpedTongs","Pear","Mercury Hourglass","Calling Bell","Dream Catcher","Eternal Feather","Unceasing Top","ClockworkSouvenir","Sundial"],"acts_visited":["Exordium","TheCity","TheBeyond"],"potions_floor_usage":[50,50,50],"damage_taken":[{"damage":7.0,"enemies":"Small Slimes","floor":1.0,"turns":3.0},{"damage":0.0,"enemies":"Cultist","floor":4.0,"turns":3.0},{"damage":1.0,"enemies":"Jaw Worm","floor":5.0,"turns":3.0},{"damage":3.0,"enemies":"Lagavulin","floor":7.0,"turns":8.0},{"damage":0.0,"enemies":"Exordium Thugs","floor":11.0,"turns":4.0},{"damage":0.0,"enemies":"3 Louse","floor":12.0,"turns":2.0},{"damage":0.0,"enemies":"Looter","floor":14.0,"turns":4.0},{"damage":35.0,"enemies":"Slime Boss","floor":16.0,"turns":4.0},{"damage":22.0,"enemies":"3 Byrds","floor":18.0,"turns":5.0},{"damage":0.0,"enemies":"Chosen","floor":21.0,"turns":6.0},{"damage":2.0,"enemies":"Centurion and Healer","floor":23.0,"turns":6.0},{"damage":14.0,"enemies":"Snake Plant","floor":27.0,"turns":4.0},{"damage":1.0,"enemies":"Champ","floor":33.0,"turns":8.0},{"damage":0,"enemies":"3 Shapes","floor":35,"turns":3},{"damage":10,"enemies":"3 Darklings","floor":36,"turns":6},{"damage":0,"enemies":"Sphere and 2 Shapes","floor":37,"turns":5},{"damage":14,"enemies":"Writhing Mass","floor":41,"turns":6},{"damage":1,"enemies":"Maw","floor":44,"turns":6},{"damage":18,"enemies":"Sphere and 2 Shapes","floor":45,"turns":5},{"damage":13,"enemies":"Writhing Mass","floor":46,"turns":5},{"damage":51,"enemies":"Donu and Deca","floor":50,"turns":7}],"seed_played":"-241161594624983916","potions_obtained":[{"floor":4.0,"key":"LiquidBronze"},{"floor":11.0,"key":"Fire Potion"},{"floor":12.0,"key":"Strength Potion"},{"floor":33.0,"key":"Fire Potion"},{"floor":35,"key":"FocusPotion"}],"is_trial":false,"path_per_floor":["M","?","$","M","M","R","E","R","T","R","M","M","R","M","R","B",null,"M","$","?","M","?","M","R","$","T","M","?","T","R","$","R","B",null,"M","M","M","$","?","R","M","R","T","M","M","M","R","$","R","B",null],"character_chosen":"DEFECT","items_purchased":["FTL","Seek","Runic Capacitor","Conserve Battery","Block Potion","ClockworkSouvenir"],"campfire_rested":1,"item_purchase_floors":[3,19,19,19,19,38],"current_hp_per_floor":[61,50,50,50,49,49,46,46,46,46,46,46,46,46,46,11,68,46,46,46,46,46,44,44,44,54,40,40,40,40,40,63,62,78,78,68,68,68,68,78,64,78,78,77,59,46,61,61,75,24],"gold":44,"neow_bonus":"ONE_RARE_RELIC","is_daily":false,"chose_seed":false,"campfire_upgraded":11,"win_rate":0.0,"timestamp":1610507264,"path_taken":["M","?","$","M","M","R","E","R","T","R","M","M","R","M","R","BOSS","M","$","?","?","?","M","R","?","T","M","?","?","R","$","R","BOSS","M","M","M","$","?","R","M","R","T","M","M","M","R","$","R","BOSS"],"items_purchased_type":["Card","Card","Relic","Card","Potion","Relic"],"build_version":"2020-12-22","purchased_purges":2,"victory":true,"max_hp_per_floor":[68,68,68,68,68,68,68,68,68,68,68,68,68,68,68,68,68,68,68,68,68,68,68,68,68,78,78,78,78,78,78,78,78,78,78,78,78,78,78,78,78,78,78,78,78,78,78,75,75,75],"relic_stats":{"Dream Catcher":0,"Torii":22,"counters":[21,103],"Sundial":[4],"Astrolabe":["Auto Shields","Rebound","Rainbow"],"Eternal Feather":53,"Bag of Preparation":[34],"obtain_stats":[{"Pear":26,"Torii":0,"Astrolabe":17,"Eternal Feather":34,"Omamori":7,"Bag of Preparation":9,"Runic Capacitor":19,"WarpedTongs":20,"Mercury Hourglass":29,"ClockworkSouvenir":38,"Calling Bell":34,"Dream Catcher":34,"Sundial":43,"Cracked Core":0,"Unceasing Top":34},{"Pear":11,"Torii":0,"Astrolabe":8,"Eternal Feather":13,"Omamori":4,"Bag of Preparation":4,"Runic Capacitor":9,"WarpedTongs":9,"Mercury Hourglass":12,"ClockworkSouvenir":16,"Calling Bell":13,"Dream Catcher":13,"Sundial":17,"Cracked Core":0,"Unceasing Top":13},{"Pear":48,"Torii":0,"Astrolabe":31,"Eternal Feather":60,"Omamori":17,"Bag of Preparation":17,"Runic Capacitor":36,"WarpedTongs":36,"Mercury Hourglass":52,"ClockworkSouvenir":74,"Calling Bell":60,"Dream Catcher":60,"Sundial":80,"Cracked Core":0,"Unceasing Top":60}],"Unceasing Top":[1],"WarpedTongs":[51],"Mercury Hourglass":[178]},"card_choices":[{"not_picked":["Beam Cell","White Noise"],"picked":"Auto Shields","floor":1.0},{"not_picked":["Gash","Cold Snap"],"picked":"Defragment","floor":4.0},{"not_picked":["Aggregate","Doom and Gloom"],"picked":"Glacier","floor":5.0},{"not_picked":["Heatsinks","Beam Cell"],"picked":"Sweeping Beam","floor":7.0},{"not_picked":["White Noise","Stack"],"picked":"Tempest","floor":11.0},{"not_picked":["Blizzard","Hologram"],"picked":"Barrage","floor":12.0},{"not_picked":["Aggregate","Hello World"],"picked":"Capacitor","floor":14.0},{"not_picked":["Reboot","Core Surge"],"picked":"Echo Form","floor":16.0},{"not_picked":["Stack","Scrape"],"picked":"Ball Lightning+1","floor":18.0},{"not_picked":["Scrape","Stack","Steam Power"],"picked":"SKIP","floor":21.0},{"not_picked":["Hologram","Reinforced Body+1"],"picked":"Turbo+1","floor":23.0},{"not_picked":["Rip and Tear+1","Reinforced Body+1"],"picked":"Coolheaded","floor":27.0},{"not_picked":["Hyperbeam","All For One"],"picked":"Machine Learning","floor":33.0},{"not_picked":["Steam","Scrape","Barrage"],"picked":"SKIP","floor":35},{"not_picked":["Reprogram","Steam+1","Cold Snap"],"picked":"SKIP","floor":36},{"not_picked":["Hologram+1","Rebound","Barrage"],"picked":"SKIP","floor":37},{"not_picked":["Reprogram+1","Turbo+1","Ball Lightning+1"],"picked":"SKIP","floor":41},{"not_picked":["Cold Snap+1","FTL+1","Ball Lightning+1"],"picked":"SKIP","floor":44},{"not_picked":["Sweeping Beam+1","Auto Shields","Heatsinks"],"picked":"SKIP","floor":45},{"not_picked":["Skim+1","Blizzard+1","Sunder+1"],"picked":"SKIP","floor":46}],"player_experience":647725,"relics_obtained":[{"floor":7.0,"key":"Omamori"},{"floor":9.0,"key":"Bag of Preparation"},{"floor":26.0,"key":"Pear"},{"floor":29.0,"key":"Mercury Hourglass"},{"floor":34,"key":"Dream Catcher"},{"floor":34,"key":"Eternal Feather"},{"floor":34,"key":"Unceasing Top"},{"floor":43,"key":"Sundial"}],"event_choices":[{"damage_healed":0.0,"max_hp_gain":0.0,"max_hp_loss":0.0,"gold_gain":75.0,"event_name":"World of Goop","player_choice":"Gather Gold","floor":2.0,"gold_loss":0.0,"damage_taken":11.0},{"damage_healed":0.0,"max_hp_gain":0.0,"max_hp_loss":0.0,"gold_gain":0.0,"event_name":"Accursed Blacksmith","player_choice":"Rummage","floor":20.0,"gold_loss":0.0,"damage_taken":0.0,"relics_obtained":["WarpedTongs"],"cards_obtained":["Pain"]},{"damage_healed":0.0,"max_hp_gain":0.0,"max_hp_loss":0.0,"gold_gain":0.0,"event_name":"Duplicator","player_choice":"Copied","floor":22.0,"gold_loss":0.0,"damage_taken":0.0,"cards_obtained":["Defragment"]},{"damage_healed":0.0,"max_hp_gain":0.0,"max_hp_loss":0.0,"gold_gain":0.0,"event_name":"Back to Basics","player_choice":"Simplicity","floor":28.0,"gold_loss":0.0,"damage_taken":0.0,"cards_upgraded":["Strike_B","Strike_B","Strike_B","Defend_B","Defend_B"]},{"damage_healed":0,"gold_gain":0,"player_choice":"Upgraded","damage_taken":0,"max_hp_gain":0,"max_hp_loss":0,"event_name":"Upgrade Shrine","floor":39,"gold_loss":0,"cards_upgraded":["Echo Form"]}],"is_beta":false,"boss_relics":[{"not_picked":["Pandora\u0027s Box","Empty Cage"],"picked":"Astrolabe"},{"not_picked":["Runic Dome","Inserter"],"picked":"Calling Bell"}],"items_purged_floors":[25,48],"is_endless":false,"potions_floor_spawned":[4,11,12,33,35,37,45],"ascension_level":0}}