{"host":"oehe2dxjvdgux73m","time":1610522821,"event":{"mods":["AchievementEnabler","BaseMod","Colored Map","Colored Powertips","DeckTracker","Keyboard Shortcuts","Minty Spire (QoL Compilation)","Permanent Neow","Quick Restart","StSLib","SuperFastMode"],"gold_per_floor":[17,17,34,50,70,70,70,105,105,140,155,174,207,220,220,319,319,337,262,262,274,284,284,284,313,313,313,313,328,357,383,383,481,481,497,517,368,387,406,440,440,459,459,471,471,471,502,203,203,203],"floor_reached":51,"language":"KOR","playtime":2255,"items_purged":["Writhe","Flex"],"score":1088,"play_id":"ab1435c0-0552-446f-99cd-312ce5490cf8","local_time":"20210113162701","is_ascension_mode":true,"campfire_choices":[{"data":"Body Slam","floor":6.0,"key":"SMITH"},{"data":"Burning Pact","floor":15.0,"key":"SMITH"},{"data":"Battle Trance","floor":23.0,"key":"SMITH"},{"data":"True Grit","floor":28.0,"key":"SMITH"},{"floor":32.0,"key":"DIG"},{"data":"Barricade","floor":41,"key":"SMITH"},{"data":"Havoc","floor":46,"key":"SMITH"},{"data":"Dark Embrace","floor":49,"key":"SMITH"}],"circlet_count":0,"master_deck":["Bludgeon+1","Second Wind","Body Slam+1","Battle Trance+1","Sentinel","Burning Pact+1","Shrug It Off","Fire Breathing","Cleave","Intimidate","Cleave","Sever Soul","Combust","Immolate","Reckless Charge","Ghostly Armor+1","Havoc+1","True Grit+1","Warcry+1","Shockwave","Barricade+1","Seeing Red+1","Dark Embrace+1","Dark Embrace+1","Armaments+1","Body Slam+1","Feel No Pain","Power Through","Feed","True Grit"],"relics":["Burning Blood","Bottled Lightning","Eternal Feather","Shuriken","Orichalcum","Pandora\u0027s Box","Nunchaku","Dead Branch","Pantograph","Shovel","Anchor","Mercury Hourglass","Philosopher\u0027s Stone","Vajra","Pocketwatch","Toy Ornithopter"],"acts_visited":["Exordium","TheCity","TheBeyond"],"potions_floor_usage":[40,47,47,50],"damage_taken":[{"damage":3.0,"enemies":"2 Louse","floor":1.0,"turns":4.0},{"damage":0.0,"enemies":"Cultist","floor":3.0,"turns":2.0},{"damage":12.0,"enemies":"Jaw Worm","floor":4.0,"turns":2.0},{"damage":16.0,"enemies":"Blue Slaver","floor":5.0,"turns":4.0},{"damage":14.0,"enemies":"3 Sentries","floor":8.0,"turns":6.0},{"damage":27.0,"enemies":"Lagavulin","floor":10.0,"turns":5.0},{"damage":10.0,"enemies":"Exordium Thugs","floor":11.0,"turns":4.0},{"damage":0.0,"enemies":"3 Louse","floor":12.0,"turns":3.0},{"damage":17.0,"enemies":"3 Sentries","floor":13.0,"turns":6.0},{"damage":0.0,"enemies":"2 Fungi Beasts","floor":14.0,"turns":4.0},{"damage":15.0,"enemies":"Slime Boss","floor":16.0,"turns":8.0},{"damage":18.0,"enemies":"Shell Parasite","floor":18.0,"turns":4.0},{"damage":11.0,"enemies":"3 Byrds","floor":21.0,"turns":4.0},{"damage":7.0,"enemies":"Centurion and Healer","floor":22.0,"turns":5.0},{"damage":16.0,"enemies":"Gremlin Leader","floor":25.0,"turns":5.0},{"damage":28.0,"enemies":"Cultist and Chosen","floor":29.0,"turns":8.0},{"damage":15.0,"enemies":"Slavers","floor":30.0,"turns":3.0},{"damage":33.0,"enemies":"Collector","floor":33.0,"turns":6.0},{"damage":23.0,"enemies":"3 Darklings","floor":35.0,"turns":4.0},{"damage":0.0,"enemies":"3 Shapes","floor":36.0,"turns":3.0},{"damage":33.0,"enemies":"Transient","floor":38.0,"turns":5.0},{"damage":17.0,"enemies":"Jaw Worm Horde","floor":39.0,"turns":3.0},{"damage":6,"enemies":"Reptomancer","floor":40,"turns":5},{"damage":10,"enemies":"3 Darklings","floor":42,"turns":3},{"damage":1,"enemies":"Spire Growth","floor":44,"turns":3},{"damage":17,"enemies":"Nemesis","floor":47,"turns":4},{"damage":44,"enemies":"Awakened One","floor":50,"turns":7}],"seed_played":"-6887488095733596121","potions_obtained":[{"floor":1.0,"key":"SpeedPotion"},{"floor":3.0,"key":"SneckoOil"},{"floor":8.0,"key":"Regen Potion"},{"floor":11.0,"key":"BloodPotion"},{"floor":16.0,"key":"EntropicBrew"},{"floor":18.0,"key":"Swift Potion"},{"floor":33.0,"key":"AttackPotion"},{"floor":35.0,"key":"Dexterity Potion"},{"floor":42,"key":"Ancient Potion"},{"floor":44,"key":"SkillPotion"},{"floor":47,"key":"SkillPotion"}],"is_trial":false,"path_per_floor":["M","?","M","M","M","R","?","E","T","E","M","M","E","M","R","B",null,"M","?","?","M","M","R","?","E","T","?","R","M","E","T","R","B",null,"M","M","$","M","M","E","R","M","T","M","?","R","E","$","R","B",null],"character_chosen":"IRONCLAD","items_purchased":["Dark Embrace","Feed","True Grit"],"campfire_rested":0,"item_purchase_floors":[37,48,48],"current_hp_per_floor":[75,75,80,74,64,64,48,40,40,31,27,49,38,44,53,44,71,59,59,59,54,53,62,62,52,52,52,64,42,33,33,45,43,71,54,60,60,33,22,22,37,33,33,38,38,53,42,42,60,48],"gold":203,"neow_bonus":"THREE_RARE_CARDS","is_daily":false,"chose_seed":false,"campfire_upgraded":7,"win_rate":0.0,"timestamp":1610522821,"path_taken":["M","?","M","M","?","R","?","E","T","E","M","M","E","M","R","BOSS","BOSS","M","?","?","?","M","R","?","E","T","?","R","M","E","?","R","BOSS","M","M","$","M","M","E","R","?","T","M","?","R","E","$","R","BOSS"],"items_purchased_type":["Card","Card","Card"],"build_version":"2020-12-22","purchased_purges":2,"victory":true,"max_hp_per_floor":[80,80,80,80,80,80,80,80,80,80,80,80,80,80,80,80,80,80,80,80,80,80,80,80,80,80,80,80,80,80,80,80,80,80,80,80,80,80,80,80,80,80,80,80,80,80,80,80,80,83],"card_choices":[{"not_picked":["Double Tap","Limit Break"],"picked":"Bludgeon","floor":0.0},{"not_picked":["Dual Wield","Flex","True Grit"],"picked":"SKIP","floor":1.0},{"not_picked":["Armaments","Clash"],"picked":"Second Wind","floor":3.0},{"not_picked":["Exhume","Searing Blow","Iron Wave"],"picked":"SKIP","floor":4.0},{"not_picked":["Sever Soul","Clothesline"],"picked":"Body Slam","floor":5.0},{"not_picked":["Iron Wave","Heavy Blade"],"picked":"Battle Trance","floor":8.0},{"not_picked":["Warcry","Demon Form"],"picked":"Sentinel","floor":10.0},{"not_picked":["Entrench","Armaments"],"picked":"Burning Pact","floor":11.0},{"not_picked":["Second Wind","Hemokinesis"],"picked":"Shrug It Off","floor":12.0},{"not_picked":["Evolve","Second Wind"],"picked":"Fire Breathing","floor":13.0},{"not_picked":["Anger","Entrench","Sword Boomerang"],"picked":"SKIP","floor":14.0},{"not_picked":["Spot Weakness","Reckless Charge"],"picked":"Ghostly Armor+1","floor":18.0},{"not_picked":["Clash","Iron Wave","Sword Boomerang+1"],"picked":"SKIP","floor":21.0},{"not_picked":["Pommel Strike","True Grit"],"picked":"Havoc","floor":22.0},{"not_picked":["Rage","Pummel"],"picked":"True Grit","floor":25.0},{"not_picked":["Thunderclap","Whirlwind"],"picked":"Warcry+1","floor":29.0},{"not_picked":["Fiend Fire","Perfected Strike"],"picked":"Shockwave","floor":30.0},{"not_picked":["Berserk","Limit Break"],"picked":"Barricade","floor":33.0},{"not_picked":["Twin Strike","Rampage","Anger"],"picked":"SKIP","floor":35.0},{"not_picked":["Sentinel+1","Infernal Blade"],"picked":"Seeing Red+1","floor":36.0},{"not_picked":["Twin Strike","Pummel","Warcry"],"picked":"SKIP","floor":38.0},{"not_picked":["Ghostly Armor","Immolate"],"picked":"Dark Embrace+1","floor":39.0},{"not_picked":["Pommel Strike","Perfected Strike+1"],"picked":"Armaments+1","floor":40},{"not_picked":["Iron Wave+1","Pummel"],"picked":"Body Slam+1","floor":42},{"not_picked":["Infernal Blade","Clothesline"],"picked":"Feel No Pain","floor":44},{"not_picked":["Anger","Rupture"],"picked":"Power Through","floor":47}],"player_experience":148161,"relics_obtained":[{"floor":8.0,"key":"Bottled Lightning"},{"floor":9.0,"key":"Eternal Feather"},{"floor":10.0,"key":"Shuriken"},{"floor":13.0,"key":"Orichalcum"},{"floor":25.0,"key":"Nunchaku"},{"floor":26.0,"key":"Dead Branch"},{"floor":30.0,"key":"Shovel"},{"floor":31.0,"key":"Anchor"},{"floor":32.0,"key":"Mercury Hourglass"},{"floor":40,"key":"Vajra"},{"floor":43,"key":"Pocketwatch"},{"floor":47,"key":"Toy Ornithopter"}],"event_choices":[{"damage_healed":0.0,"max_hp_gain":0.0,"max_hp_loss":0.0,"gold_gain":0.0,"event_name":"Accursed Blacksmith","player_choice":"Forge","floor":2.0,"gold_loss":0.0,"damage_taken":0.0,"cards_upgraded":["Bludgeon"]},{"damage_healed":0.0,"max_hp_gain":0.0,"max_hp_loss":0.0,"gold_gain":0.0,"event_name":"Shining Light","player_choice":"Entered Light","floor":7.0,"gold_loss":0.0,"damage_taken":16.0,"cards_upgraded":["Defend_R","Defend_R"]},{"cards_removed":["Berserk"],"damage_healed":0.0,"max_hp_gain":0.0,"max_hp_loss":0.0,"gold_gain":0.0,"event_name":"Beggar","player_choice":"Gave Gold","floor":19.0,"gold_loss":75.0,"damage_taken":0.0},{"damage_healed":0.0,"max_hp_gain":0.0,"max_hp_loss":0.0,"gold_gain":0.0,"event_name":"The Woman in Blue","player_choice":"Bought 0 Potions","floor":20.0,"gold_loss":0.0,"damage_taken":0.0},{"damage_healed":0.0,"max_hp_gain":0.0,"max_hp_loss":0.0,"gold_gain":0.0,"event_name":"Ghosts","player_choice":"Ignored","floor":24.0,"gold_loss":0.0,"damage_taken":0.0},{"damage_healed":0.0,"max_hp_gain":0.0,"max_hp_loss":0.0,"gold_gain":0.0,"event_name":"The Mausoleum","player_choice":"Opened","floor":27.0,"gold_loss":0.0,"damage_taken":0.0,"relics_obtained":["Pantograph"],"cards_obtained":["Writhe"]},{"cards_removed":["Bash"],"damage_healed":0,"gold_gain":0,"player_choice":"Purged","damage_taken":0,"max_hp_gain":0,"max_hp_loss":0,"event_name":"Purifier","floor":45,"gold_loss":0}],"is_beta":false,"boss_relics":[{"not_picked":["Astrolabe","Coffee Dripper"],"picked":"Pandora\u0027s Box"},{"not_picked":["SacredBark","Tiny House"],"picked":"Philosopher\u0027s Stone"}],"items_purged_floors":[37,48],"is_endless":false,"potions_floor_spawned":[1,3,8,11,16,18,29,33,35,36,42,44,47],"ascension_level":7}}