{"host":"Angela","time":1610535960,"event":{"mods":["2.2 Compatiblity","Act Like it!","Aspiration","BaseMod","Better Third Choice","Colored Map","Conspire","DeckTracker","Friendly Minions","Halation","Hallownest","Hubris","Infinite Spire","Mimic Mod","Minty Spire (QoL Compilation)","Relic Stats","Replay The Spire","Shop Mod","Spikes Relics","StSLib","The Bug Knight","vexMod"],"gold_per_floor":[116,127,177,177,177,205,225,225,225,252,57,57,83,99,99,203,203,218,218,218,218,58,58,58,58],"floor_reached":24,"language":"ENG","playtime":2924,"items_purged":["Hallownest:curseDreamersLament"],"score":285,"play_id":"5196d4b8-2288-438d-a857-c3ec55e4bd90","local_time":"20210113080600","is_ascension_mode":false,"campfire_choices":[{"data":"HollowMod:PureNailStrike","floor":12,"key":"SMITH"},{"data":"HollowMod:DashSlash","floor":15,"key":"SMITH"},{"data":"HollowMod:CycloneSlash","floor":23,"key":"SMITH"}],"circlet_count":0,"master_deck":["HollowMod:NailStrikeStart","HollowMod:NailStrikeStart","HollowMod:NailStrikeStart","HollowMod:QuickDashStart","HollowMod:QuickDashStart","HollowMod:QuickDashStart","HollowMod:QuickDashStart","HollowMod:FocusHealStart","HollowMod:PogoStrike","HollowMod:CloakDash","HollowMod:GoodIntentions","HollowMod:CrystalDash","HollowMod:HuntersJournal","HollowMod:PureNailStrike+1","HollowMod:CycloneSlash+1","HollowMod:PerfectDash+1","ReplayTheSpireMod:Splinters","HollowMod:DashSlash+1","HollowMod:VoidDash+1","HollowMod:CycloneSlash+1","HollowMod:SlysStrikes+1"],"relics":["HollowMod:VesselMask","NeowsBlessing","Ring of Greed","Golden Egg","Replay:Wax Seal","Hallownest:TeacherSealRelic","Replay:Bottled Snecko","Darkstone Periapt","Pondfish Scales","aspiration:TomeofQuesting","Philosopher\u0027s Stone","hubris:Icosahedron","halation:PinkSoulGem"],"acts_visited":["Hallownest:Greenpath","Hallownest:CityofTears"],"potions_floor_usage":[16,16,24],"damage_taken":[{"damage":0,"enemies":"Hallownest:2_MossCreeps","floor":1,"turns":1},{"damage":0,"enemies":"Hallownest:monsterHuskWarrior","floor":2,"turns":1},{"damage":0,"enemies":"Hallownest:eliteCrystalGuardian","floor":6,"turns":1},{"damage":2,"enemies":"Hallownest:2_Baldur","floor":7,"turns":5},{"damage":27,"enemies":"Hallownest:eliteMossKnight","floor":10,"turns":36},{"damage":8,"enemies":"Hallownest:eliteVengeflyKing","floor":13,"turns":5},{"damage":2,"enemies":"Hallownest:1_Ooma_and_2_Uuma","floor":14,"turns":7},{"damage":0,"enemies":"Hallownest:BossFalseKnight","floor":16,"turns":10},{"damage":0,"enemies":"Hallownest:Guard_and_Sentry","floor":18,"turns":6},{"damage":95,"enemies":"Nightmare","floor":24,"turns":7}],"seed_played":"3366766900705762192","potions_obtained":[{"floor":2,"key":"Languid Potion"},{"floor":10,"key":"Milkshake"},{"floor":18,"key":"SkillPotion"}],"is_trial":false,"path_per_floor":["M","M","?","?","?","E","M","?","T","E","$","R","E","M","R","B",null,"M","?","?","?","$","R","NM"],"character_chosen":"THE_BUGKNIGHT","items_purchased":["HollowMod:CycloneSlash","HollowMod:PerfectDash","HollowMod:SlysStrikes"],"campfire_rested":0,"item_purchase_floors":[11,11,22],"current_hp_per_floor":[75,75,75,75,75,75,75,75,75,58,58,58,56,54,54,69,81,81,81,81,81,81,81,0,0],"gold":58,"neow_bonus":"THREE_ENEMY_KILL","is_daily":false,"chose_seed":false,"campfire_upgraded":3,"win_rate":0.0,"timestamp":1610535960,"path_taken":["M","M","?","?","?","E","?","?","T","E","$","R","E","M","R","BOSS","M","?","?","?","$","R","NM"],"items_purchased_type":["Card","Card","Card"],"build_version":"2020-12-18","purchased_purges":1,"victory":false,"max_hp_per_floor":[75,75,75,75,75,75,75,75,75,75,75,75,81,81,81,81,81,81,81,81,81,81,81,81,81],"relic_stats":{"Darkstone Periapt":6,"counters":[10,79],"obtain_stats":[{"Darkstone Periapt":9,"Golden Egg":3,"NeowsBlessing":0,"HollowMod:VesselMask":0,"aspiration:TomeofQuesting":13,"Ring of Greed":3,"Pondfish Scales":10,"hubris:Icosahedron":19,"Philosopher\u0027s Stone":17,"Replay:Bottled Snecko":6,"Replay:Wax Seal":3,"halation:PinkSoulGem":20,"Hallownest:TeacherSealRelic":5},{"Darkstone Periapt":4,"Golden Egg":2,"NeowsBlessing":0,"HollowMod:VesselMask":0,"aspiration:TomeofQuesting":6,"Ring of Greed":2,"Pondfish Scales":5,"hubris:Icosahedron":9,"Philosopher\u0027s Stone":8,"Replay:Bottled Snecko":3,"Replay:Wax Seal":2,"halation:PinkSoulGem":9,"Hallownest:TeacherSealRelic":2},{"Darkstone Periapt":8,"Golden Egg":2,"NeowsBlessing":0,"HollowMod:VesselMask":0,"aspiration:TomeofQuesting":49,"Ring of Greed":2,"Pondfish Scales":44,"hubris:Icosahedron":72,"Philosopher\u0027s Stone":66,"Replay:Bottled Snecko":3,"Replay:Wax Seal":2,"halation:PinkSoulGem":72,"Hallownest:TeacherSealRelic":2}]},"card_choices":[{"not_picked":["HollowMod:CornifersMapStart","HollowMod:WraithStrike"],"picked":"HollowMod:CloakDash","floor":1},{"not_picked":["HollowMod:CornifersMapStart","HollowMod:SoulStrike"],"picked":"HollowMod:GoodIntentions","floor":2},{"not_picked":["HollowMod:CoiledNail","HollowMod:DescendingDark","HollowMod:ShadowDash"],"picked":"SKIP","floor":6},{"not_picked":["HollowMod:DescendingDark","HollowMod:QuirrelsAssistance"],"picked":"HollowMod:HuntersJournal","floor":7},{"not_picked":["HollowMod:MawleksShell","HollowMod:SoulVessel"],"picked":"HollowMod:PureNailStrike","floor":10},{"not_picked":["HollowMod:FastStrike","HollowMod:LifebloodCocoon"],"picked":"HollowMod:DashSlash","floor":13},{"not_picked":["HollowMod:SoulSplash","HollowMod:DoubleDash","HollowMod:GrimmsGift"],"picked":"SKIP","floor":14},{"not_picked":["HollowMod:LifebloodCore","HollowMod:AwokenDreamNail"],"picked":"HollowMod:VoidDash","floor":16},{"not_picked":["HollowMod:VengefulVoid+1","HollowMod:SoulSplash"],"picked":"HollowMod:CycloneSlash","floor":18}],"player_experience":60114,"relics_obtained":[{"floor":3,"key":"Ring of Greed"},{"floor":3,"key":"Golden Egg"},{"floor":3,"key":"Replay:Wax Seal"},{"floor":6,"key":"Replay:Bottled Snecko"},{"floor":9,"key":"Darkstone Periapt"},{"floor":10,"key":"Pondfish Scales"},{"floor":13,"key":"aspiration:TomeofQuesting"}],"event_choices":[],"is_beta":true,"boss_relics":[{"not_picked":["aspiration:SilentSkillbook","vexMod:EndlessSickness"],"picked":"Philosopher\u0027s Stone"}],"items_purged_floors":[11],"is_endless":true,"potions_floor_spawned":[2,10,18],"killed_by":"Nightmare","ascension_level":0}}