{"host":"9l1knhxfturzliqa","time":1610526792,"event":{"mods":["BaseMod","Colored Map","Colored Powertips","DeckTracker","Highlight Path","Keyboard Shortcuts","Minty Spire (QoL Compilation)","Random Character Button"],"gold_per_floor":[362,512,2,16,47,74,86,86,155,155,32,57,69,80,80,157,157,173,184,194,212,17,17,27,62,89,89,4,36,52,71,71,150,150,164,182,182,193,193,220,220,254,335,349,369,387,415,431,431,431,431],"floor_reached":50,"language":"KOR","playtime":5589,"items_purged":["Doubt"],"score":1170,"play_id":"5ae5a333-5524-462b-abef-27490022c1d9","local_time":"20210113173311","is_ascension_mode":true,"campfire_choices":[{"data":"Malaise","floor":8.0,"key":"SMITH"},{"data":"Deadly Poison","floor":10.0,"key":"SMITH"},{"floor":15.0,"key":"REST"},{"data":"Bullet Time","floor":23.0,"key":"SMITH"},{"floor":27.0,"key":"REST"},{"data":"Envenom","floor":32.0,"key":"SMITH"},{"data":"Catalyst","floor":41.0,"key":"SMITH"},{"floor":49.0,"key":"REST"}],"circlet_count":0,"master_deck":["AscendersBane","Strike_G","Strike_G","Strike_G","Strike_G","Strike_G","Defend_G","Defend_G","Defend_G","Defend_G","Defend_G","Survivor","Neutralize","PiercingWail","Escape Plan","Master of Strategy","Malaise+1","Deadly Poison+1","Dagger Spray","Envenom+1","Escape Plan","Bullet Time+1","Crippling Poison","PiercingWail+1","Catalyst+1","Blade Dance","Bouncing Flask","After Image+1","Dodge and Roll+1","Blade Dance+1","Doppelganger+1","Outmaneuver+1","Distraction+1","PiercingWail+1","Cloak And Dagger+1","Blur+1","Dagger Throw+1"],"relics":["Ring of the Snake","Toolbox","FossilizedHelix","The Courier","Regal Pillow","Sundial","SacredBark","Frozen Egg 2","Gremlin Horn","Dream Catcher","Ninja Scroll","Meat on the Bone","HoveringKite","Toxic Egg 2","Lantern","Potion Belt","Pear","Molten Egg 2"],"acts_visited":["Exordium","TheCity","TheBeyond"],"potions_floor_usage":[50],"damage_taken":[{"damage":4.0,"enemies":"Cultist","floor":1.0,"turns":5.0},{"damage":4.0,"enemies":"Small Slimes","floor":4.0,"turns":7.0},{"damage":0.0,"enemies":"Jaw Worm","floor":5.0,"turns":5.0},{"damage":11.0,"enemies":"Lagavulin","floor":6.0,"turns":7.0},{"damage":0.0,"enemies":"Exordium Wildlife","floor":7.0,"turns":5.0},{"damage":17.0,"enemies":"3 Sentries","floor":12.0,"turns":11.0},{"damage":16.0,"enemies":"Exordium Thugs","floor":13.0,"turns":6.0},{"damage":0.0,"enemies":"Lots of Slimes","floor":14.0,"turns":3.0},{"damage":29.0,"enemies":"Slime Boss","floor":16.0,"turns":15.0},{"damage":0.0,"enemies":"3 Byrds","floor":18.0,"turns":6.0},{"damage":0.0,"enemies":"Shell Parasite","floor":19.0,"turns":4.0},{"damage":16.0,"enemies":"Cultist and Chosen","floor":20.0,"turns":11.0},{"damage":6.0,"enemies":"Centurion and Healer","floor":21.0,"turns":10.0},{"damage":1.0,"enemies":"Snake Plant","floor":24.0,"turns":6.0},{"damage":22.0,"enemies":"Gremlin Leader","floor":25.0,"turns":7.0},{"damage":0.0,"enemies":"Book of Stabbing","floor":29.0,"turns":4.0},{"damage":6.0,"enemies":"Snecko","floor":30.0,"turns":5.0},{"damage":3.0,"enemies":"Centurion and Healer","floor":31.0,"turns":7.0},{"damage":7.0,"enemies":"Champ","floor":33.0,"turns":9.0},{"damage":0.0,"enemies":"3 Darklings","floor":35.0,"turns":2.0},{"damage":0.0,"enemies":"3 Shapes","floor":36.0,"turns":7.0},{"damage":9.0,"enemies":"Transient","floor":38.0,"turns":5.0},{"damage":33.0,"enemies":"Nemesis","floor":40.0,"turns":9.0},{"damage":27.0,"enemies":"Reptomancer","floor":42.0,"turns":8.0},{"damage":6.0,"enemies":"Writhing Mass","floor":44.0,"turns":5.0},{"damage":11.0,"enemies":"Jaw Worm Horde","floor":45.0,"turns":6.0},{"damage":0.0,"enemies":"Maw","floor":46.0,"turns":8.0},{"damage":29.0,"enemies":"Nemesis","floor":47.0,"turns":15.0},{"damage":0.0,"enemies":"3 Darklings","floor":48.0,"turns":6.0},{"damage":88,"enemies":"Time Eater","floor":50,"turns":15}],"seed_played":"3745433670985047325","potions_obtained":[{"floor":4.0,"key":"FearPotion"},{"floor":6.0,"key":"DuplicationPotion"},{"floor":12.0,"key":"Regen Potion"},{"floor":19.0,"key":"CunningPotion"},{"floor":20.0,"key":"Swift Potion"},{"floor":21.0,"key":"SpeedPotion"},{"floor":30.0,"key":"Strength Potion"},{"floor":33.0,"key":"SkillPotion"},{"floor":36.0,"key":"Strength Potion"},{"floor":38.0,"key":"BlessingOfTheForge"},{"floor":44.0,"key":"GamblersBrew"},{"floor":46.0,"key":"SteroidPotion"},{"floor":48.0,"key":"SpeedPotion"}],"is_trial":false,"path_per_floor":["M","?","$","M","M","E","M","R","T","R","?","E","M","M","R","B",null,"M","M","M","M","$","R","M","E","T","R","?","E","M","M","R","B",null,"M","M","?","M","T","E","R","E","T","M","M","M","E","M","R","B"],"character_chosen":"THE_SILENT","items_purchased":["Escape Plan","Toolbox","Master of Strategy","CunningPotion","Frozen Egg 2"],"campfire_rested":3,"item_purchase_floors":[3,3,3,3,22],"current_hp_per_floor":[40,40,40,36,36,25,25,25,25,25,25,8,7,7,41,12,53,53,53,37,31,31,31,30,8,8,42,42,42,36,45,45,38,59,59,59,59,50,50,29,29,14,24,30,31,43,26,38,75,0,0],"gold":431,"neow_bonus":"TWO_FIFTY_GOLD","is_daily":false,"chose_seed":false,"campfire_upgraded":5,"win_rate":0.0,"timestamp":1610526791,"path_taken":["M","?","$","M","M","E","M","R","T","R","?","E","M","M","R","BOSS","M","M","M","M","?","R","M","E","T","R","?","E","M","M","R","BOSS","M","M","?","M","?","E","R","E","T","M","M","M","E","?","R","BOSS"],"items_purchased_type":["Card","Relic","Card","Potion","Relic"],"build_version":"2020-12-22","purchased_purges":1,"victory":false,"max_hp_per_floor":[66,66,66,66,66,66,66,66,66,66,66,66,66,66,66,66,66,66,66,66,66,66,66,66,66,66,66,66,66,66,66,66,66,66,66,66,66,66,66,66,66,66,76,76,76,76,76,76,76,76,76],"card_choices":[{"not_picked":["Blade Dance","Cloak And Dagger"],"picked":"PiercingWail","floor":1.0},{"not_picked":["Reflex","Flying Knee"],"picked":"Malaise","floor":4.0},{"not_picked":["PiercingWail","Expertise"],"picked":"Poisoned Stab","floor":5.0},{"not_picked":["Dodge and Roll","Sucker Punch"],"picked":"Deadly Poison","floor":6.0},{"not_picked":["Heel Hook","Footwork","Quick Slash"],"picked":"SKIP","floor":7.0},{"not_picked":["Flying Knee","Poisoned Stab"],"picked":"Dagger Spray","floor":12.0},{"not_picked":["Cloak And Dagger","Expertise"],"picked":"Envenom","floor":13.0},{"not_picked":["Cloak And Dagger","Blade Dance"],"picked":"Escape Plan","floor":14.0},{"not_picked":["Glass Knife","Envenom"],"picked":"Bullet Time","floor":16.0},{"not_picked":["Slice","Underhanded Strike"],"picked":"Crippling Poison","floor":18.0},{"not_picked":["Bane","Blur"],"picked":"PiercingWail+1","floor":19.0},{"not_picked":["All Out Attack","Dodge and Roll"],"picked":"Catalyst","floor":20.0},{"not_picked":["Acrobatics","Cloak And Dagger","Masterful Stab"],"picked":"SKIP","floor":21.0},{"not_picked":["Masterful Stab+1","Outmaneuver","Underhanded Strike"],"picked":"SKIP","floor":24.0},{"not_picked":["Eviscerate+1","Poisoned Stab+1","Deadly Poison"],"picked":"SKIP","floor":25.0},{"not_picked":["Cloak And Dagger","Flying Knee"],"picked":"Blade Dance","floor":27.0},{"not_picked":["Backstab","Crippling Poison"],"picked":"Bouncing Flask","floor":29.0},{"not_picked":["Poisoned Stab","Quick Slash+1","Deadly Poison"],"picked":"SKIP","floor":30.0},{"not_picked":["Cloak And Dagger","Bouncing Flask"],"picked":"After Image+1","floor":31.0},{"not_picked":["Dagger Throw","Prepared"],"picked":"Dodge and Roll+1","floor":35.0},{"not_picked":["Masterful Stab","Setup","Expertise"],"picked":"SKIP","floor":36.0},{"not_picked":["Dagger Spray","Sucker Punch"],"picked":"Blade Dance+1","floor":38.0},{"not_picked":["Masterful Stab+1","All Out Attack"],"picked":"Doppelganger+1","floor":40.0},{"not_picked":["Quick Slash","Bane","Poisoned Stab"],"picked":"SKIP","floor":42.0},{"not_picked":["Dagger Spray","Deflect+1"],"picked":"Outmaneuver+1","floor":44.0},{"not_picked":["Prepared+1","Quick Slash+1"],"picked":"Distraction+1","floor":45.0},{"not_picked":["Poisoned Stab","Predator"],"picked":"PiercingWail+1","floor":46.0},{"not_picked":["Deflect+1","Poisoned Stab+1"],"picked":"Cloak And Dagger+1","floor":47.0},{"not_picked":["Bane+1","Flying Knee+1"],"picked":"Blur+1","floor":48.0},{"not_picked":["Reflex+1","Backflip+1"],"picked":"Dagger Throw+1","floor":49.0}],"player_experience":427045,"relics_obtained":[{"floor":6.0,"key":"FossilizedHelix"},{"floor":9.0,"key":"The Courier"},{"floor":12.0,"key":"Sundial"},{"floor":25.0,"key":"Gremlin Horn"},{"floor":26.0,"key":"Dream Catcher"},{"floor":29.0,"key":"Meat on the Bone"},{"floor":39.0,"key":"Toxic Egg 2"},{"floor":40.0,"key":"Lantern"},{"floor":42.0,"key":"Potion Belt"},{"floor":43.0,"key":"Pear"},{"floor":47.0,"key":"Molten Egg 2"}],"event_choices":[{"damage_healed":0.0,"max_hp_gain":0.0,"max_hp_loss":0.0,"gold_gain":150.0,"event_name":"Liars Game","player_choice":"AGREE","floor":2.0,"gold_loss":0.0,"damage_taken":0.0,"cards_obtained":["Doubt"]},{"damage_healed":0.0,"max_hp_gain":0.0,"max_hp_loss":0.0,"gold_gain":0.0,"event_name":"WeMeetAgain","player_choice":"Paid Gold","floor":11.0,"gold_loss":123.0,"damage_taken":0.0,"relics_obtained":["Regal Pillow"]},{"damage_healed":0.0,"max_hp_gain":0.0,"max_hp_loss":0.0,"gold_gain":0.0,"event_name":"Addict","player_choice":"Obtained Relic","floor":28.0,"gold_loss":85.0,"damage_taken":0.0,"relics_obtained":["Ninja Scroll"]},{"cards_removed":["Poisoned Stab"],"damage_healed":0.0,"max_hp_gain":0.0,"max_hp_loss":0.0,"gold_gain":0.0,"event_name":"Falling","player_choice":"Removed Attack","floor":37.0,"gold_loss":0.0,"damage_taken":0.0}],"is_beta":false,"boss_relics":[{"not_picked":["Coffee Dripper","Fusion Hammer"],"picked":"SacredBark"},{"not_picked":["Runic Pyramid","Runic Dome"],"picked":"HoveringKite"}],"items_purged_floors":[3],"is_endless":false,"potions_floor_spawned":[4,6,12,19,20,21,30,33,36,38,44,46,48],"killed_by":"Time Eater","ascension_level":15}}