{"host":"f6w7z8zvb0mi4wy9","time":1610511725,"event":{"mods":["BaseMod","Colored Map","Minty Spire (QoL Compilation)","READ ME - Guardian Mod","StSLib","SuperFastMode","The Jungle"],"gold_per_floor":[117,117,129,304,148,181,181,210,234,261,271,271,281,313,313,410,410,428,448,448,448,463,494,512,512,512,532,558,274,343,370,370,475,475,502,520,548,568,381,419,419,462,508,552,552,552,552,568,577,577,577,577,170,209,209,209],"floor_reached":55,"language":"KOR","playtime":1755,"items_purged":["Doubt","Pain","Strike_B","Defend_B"],"score":1033,"play_id":"3f623c98-7e14-416b-a819-65927ec146a4","local_time":"20210113132205","is_ascension_mode":true,"campfire_choices":[{"data":"Zap","floor":7.0,"key":"SMITH"},{"data":"Dualcast","floor":12.0,"key":"SMITH"},{"data":"Beam Cell","floor":15.0,"key":"SMITH"},{"data":"Coolheaded","floor":25.0,"key":"SMITH"},{"floor":32.0,"key":"REST"},{"floor":45,"key":"DIG"},{"floor":47,"key":"RECALL"},{"floor":49,"key":"REST"},{"floor":52,"key":"DIG"}],"circlet_count":0,"master_deck":["Strike_B","Strike_B","Strike_B","Defend_B+1","Defend_B","Defend_B+1","Zap+1","Dualcast+1","Doom and Gloom+1","Coolheaded+1","Bandage Up","Gash","All For One","Gash","Beam Cell+1","Core Surge","Steam","Go for the Eyes","All For One","Beam Cell","Seek","Steam+1","White Noise","Steam","Go for the Eyes","Panache","Beam Cell","Gash","Steam","Chill+1","Hologram","Streamline+1","BootSequence+1","Steam","Panache+1","FTL+1"],"relics":["Cracked Core","NeowsBlessing","Smiling Mask","Cables","Tiny Chest","Bag of Marbles","Singing Bowl","Nuclear Battery","WarpedTongs","Gremlin Horn","Kunai","Dream Catcher","Membership Card","CeramicFish","Pantograph","Inserter","Bronze Scales","Frozen Egg 2","Centennial Puzzle","War Paint","Shovel","Meat on the Bone","Blood Vial","Sundial","Toolbox","Bag of Preparation","Oddly Smooth Stone","Shuriken"],"acts_visited":["Exordium","TheCity","TheBeyond","TheEnding"],"potions_floor_usage":[42,50,55,55,55],"damage_taken":[{"damage":0.0,"enemies":"2 Louse","floor":1.0,"turns":1.0},{"damage":0.0,"enemies":"Small Slimes","floor":3.0,"turns":1.0},{"damage":0.0,"enemies":"Gremlin Nob","floor":6.0,"turns":1.0},{"damage":10.0,"enemies":"3 Sentries","floor":8.0,"turns":5.0},{"damage":16.0,"enemies":"Lagavulin","floor":10.0,"turns":6.0},{"damage":0.0,"enemies":"Jaw Worm","floor":11.0,"turns":1.0},{"damage":0.0,"enemies":"Large Slime","floor":13.0,"turns":3.0},{"damage":12.0,"enemies":"3 Sentries","floor":14.0,"turns":4.0},{"damage":12.0,"enemies":"Slime Boss","floor":16.0,"turns":7.0},{"damage":10.0,"enemies":"2 Thieves","floor":18.0,"turns":3.0},{"damage":5.0,"enemies":"Chosen","floor":19.0,"turns":3.0},{"damage":17.0,"enemies":"3 Cultists","floor":22.0,"turns":5.0},{"damage":7.0,"enemies":"Gremlin Leader","floor":23.0,"turns":5.0},{"damage":20.0,"enemies":"Snake Plant","floor":24.0,"turns":4.0},{"damage":2.0,"enemies":"Chosen and Byrds","floor":27.0,"turns":4.0},{"damage":20.0,"enemies":"Book of Stabbing","floor":28.0,"turns":3.0},{"damage":24.0,"enemies":"Slavers","floor":31.0,"turns":4.0},{"damage":13.0,"enemies":"Collector","floor":33.0,"turns":7.0},{"damage":1.0,"enemies":"3 Shapes","floor":35.0,"turns":4.0},{"damage":20,"enemies":"Orb Walker","floor":37,"turns":3},{"damage":2,"enemies":"Transient","floor":38,"turns":5},{"damage":11,"enemies":"Nemesis","floor":40,"turns":5},{"damage":3,"enemies":"Reptomancer","floor":42,"turns":4},{"damage":24,"enemies":"Nemesis","floor":44,"turns":7},{"damage":9,"enemies":"Spire Growth","floor":48,"turns":3},{"damage":18,"enemies":"Awakened One","floor":50,"turns":10},{"damage":0,"enemies":"Shield and Spear","floor":54,"turns":7},{"damage":94,"enemies":"The Heart","floor":55,"turns":8}],"seed_played":"2507014002315377407","potions_obtained":[{"floor":8.0,"key":"BlessingOfTheForge"},{"floor":10.0,"key":"Fire Potion"},{"floor":13.0,"key":"PowerPotion"},{"floor":16.0,"key":"FearPotion"},{"floor":19.0,"key":"Weak Potion"},{"floor":22.0,"key":"ColorlessPotion"},{"floor":27.0,"key":"Explosive Potion"},{"floor":33.0,"key":"Ancient Potion"},{"floor":35.0,"key":"Explosive Potion"},{"floor":37,"key":"Dexterity Potion"},{"floor":38,"key":"PowerPotion"},{"floor":48,"key":"Explosive Potion"}],"is_trial":false,"path_per_floor":["M","?","M","?","$","E","R","E","T","E","M","R","M","E","R","B",null,"M","M","?","?","M","E","M","R","T","M","E","$","T","E","R","B",null,"M","?","M","M","$","E","T","E","T","E","R","T","R","M","R","B",null,"R","$","E","B"],"character_chosen":"DEFECT","items_purchased":["Bandage Up","Membership Card","CeramicFish","Panache","Beam Cell","Gash","Steam","Chill","Toolbox","Bag of Preparation","Oddly Smooth Stone","Panache+1","SkillPotion","AttackPotion"],"campfire_rested":2,"item_purchase_floors":[5,29,29,39,39,39,39,39,53,53,53,53,53,53],"current_hp_per_floor":[75,60,60,60,60,60,60,54,54,42,42,42,46,40,40,32,77,67,66,66,66,57,54,40,40,40,42,28,28,28,10,37,53,87,86,86,70,74,74,69,69,70,70,50,50,50,50,49,76,77,91,91,91,91,0,0],"gold":209,"neow_bonus":"THREE_ENEMY_KILL","is_daily":false,"chose_seed":false,"campfire_upgraded":4,"win_rate":0.0,"timestamp":1610511725,"path_taken":["M","?","M","?","?","E","R","E","T","E","M","R","M","E","R","BOSS","M","M","?","?","?","E","M","R","T","M","E","$","?","E","R","BOSS","M","?","?","M","$","E","?","E","T","E","R","?","R","?","R","BOSS","R","$","E","BOSS"],"items_purchased_type":["Card","Relic","Relic","Card","Card","Card","Card","Card","Relic","Relic","Relic","Card","Potion","Potion"],"build_version":"2020-12-22","purchased_purges":4,"victory":false,"max_hp_per_floor":[75,75,75,75,75,75,75,75,75,75,75,75,75,77,77,77,77,77,77,77,77,79,79,81,81,81,81,83,83,83,85,87,87,87,87,87,87,89,89,89,89,89,89,89,89,89,89,91,91,91,91,91,91,91,91,91],"card_choices":[{"not_picked":["Stack","Capacitor"],"picked":"Doom and Gloom","floor":1.0},{"not_picked":["Barrage","Stack"],"picked":"Coolheaded","floor":3.0},{"not_picked":["Undo","Darkness","Turbo"],"picked":"SKIP","floor":6.0},{"not_picked":["Doom and Gloom","Streamline"],"picked":"Gash","floor":8.0},{"not_picked":["Machine Learning","Heatsinks"],"picked":"All For One","floor":10.0},{"not_picked":["Sweeping Beam","Rebound"],"picked":"Gash","floor":11.0},{"not_picked":["Doom and Gloom","Rebound"],"picked":"Beam Cell","floor":13.0},{"not_picked":["Storm","Turbo","Beam Cell"],"picked":"Singing Bowl","floor":14.0},{"not_picked":["Hyperbeam","Biased Cognition"],"picked":"Core Surge","floor":16.0},{"not_picked":["Auto Shields","Self Repair"],"picked":"Steam","floor":18.0},{"not_picked":["Redo","Defragment"],"picked":"Go for the Eyes","floor":19.0},{"not_picked":["Barrage+1","Leap","Doom and Gloom"],"picked":"Singing Bowl","floor":22.0},{"not_picked":["Seek","Heatsinks"],"picked":"All For One","floor":23.0},{"not_picked":["Recycle","Stack","Sweeping Beam+1"],"picked":"Singing Bowl","floor":24.0},{"not_picked":["Recycle","Ball Lightning"],"picked":"Beam Cell","floor":27.0},{"not_picked":["Buffer","Conserve Battery","Cold Snap+1"],"picked":"Singing Bowl","floor":28.0},{"not_picked":["Ball Lightning+1","Hello World","Auto Shields"],"picked":"Singing Bowl","floor":31.0},{"not_picked":["Leap","Rebound","Cold Snap"],"picked":"Singing Bowl","floor":32.0},{"not_picked":["Electrodynamics","Buffer"],"picked":"Seek","floor":33.0},{"not_picked":["Beam Cell","Compile Driver+1"],"picked":"Steam+1","floor":35.0},{"not_picked":["Blizzard+1","Barrage"],"picked":"Go for the Eyes","floor":37},{"not_picked":["Skim","Stack","Leap"],"picked":"Singing Bowl","floor":38},{"not_picked":["Compile Driver","Go for the Eyes"],"picked":"Hologram","floor":40},{"not_picked":["Cold Snap","Hologram"],"picked":"Streamline+1","floor":42},{"not_picked":["Hologram","Beam Cell+1"],"picked":"BootSequence+1","floor":44},{"not_picked":["Leap","Thunder Strike","Doom and Gloom+1"],"picked":"Singing Bowl","floor":48},{"not_picked":["Undo","Coolheaded"],"picked":"Steam","floor":49},{"not_picked":["Redo+1","Barrage+1"],"picked":"FTL+1","floor":54}],"player_experience":870225,"relics_obtained":[{"floor":6.0,"key":"Smiling Mask"},{"floor":8.0,"key":"Cables"},{"floor":9.0,"key":"Tiny Chest"},{"floor":10.0,"key":"Bag of Marbles"},{"floor":14.0,"key":"Singing Bowl"},{"floor":23.0,"key":"Gremlin Horn"},{"floor":26.0,"key":"Kunai"},{"floor":28.0,"key":"Dream Catcher"},{"floor":31.0,"key":"Pantograph"},{"floor":40,"key":"Bronze Scales"},{"floor":41,"key":"Frozen Egg 2"},{"floor":42,"key":"Centennial Puzzle"},{"floor":43,"key":"War Paint"},{"floor":44,"key":"Shovel"},{"floor":45,"key":"Meat on the Bone"},{"floor":46,"key":"Blood Vial"},{"floor":52,"key":"Sundial"},{"floor":54,"key":"Shuriken"}],"event_choices":[{"damage_healed":0.0,"max_hp_gain":0.0,"max_hp_loss":0.0,"gold_gain":0.0,"event_name":"Shining Light","player_choice":"Entered Light","floor":2.0,"gold_loss":0.0,"damage_taken":15.0,"cards_upgraded":["Defend_B","Doom and Gloom"]},{"damage_healed":0.0,"max_hp_gain":0.0,"max_hp_loss":0.0,"gold_gain":175.0,"event_name":"Liars Game","player_choice":"AGREE","floor":4.0,"gold_loss":0.0,"damage_taken":0.0,"cards_obtained":["Doubt"]},{"damage_healed":0.0,"max_hp_gain":0.0,"max_hp_loss":0.0,"gold_gain":0.0,"event_name":"Vampires","player_choice":"Ignored","floor":20.0,"gold_loss":0.0,"damage_taken":0.0},{"damage_healed":0.0,"max_hp_gain":0.0,"max_hp_loss":0.0,"gold_gain":0.0,"event_name":"Accursed Blacksmith","player_choice":"Rummage","floor":21.0,"gold_loss":0.0,"damage_taken":0.0,"relics_obtained":["WarpedTongs"],"cards_obtained":["Pain"]},{"damage_healed":0,"gold_gain":0,"player_choice":"2 cards matched","damage_taken":0,"max_hp_gain":0,"max_hp_loss":0,"event_name":"Match and Keep!","floor":36,"gold_loss":0,"cards_obtained":["White Noise","Steam"]}],"is_beta":false,"boss_relics":[{"not_picked":["Coffee Dripper","Fusion Hammer"],"picked":"Nuclear Battery"},{"not_picked":["Busted Crown","Cursed Key"],"picked":"Inserter"}],"items_purged_floors":[5,29,39,53],"is_endless":false,"potions_floor_spawned":[8,10,13,16,19,22,23,27,33,35,37,38,48,54],"killed_by":"The Heart","ascension_level":1}}