{"host":"w9yruvs4bqht6bhw","time":1610496838,"event":{"mods":["BaseMod","Colored Powertips","Minty Spire (QoL Compilation)"],"gold_per_floor":[118,25,39,59,19,19,29,104,127,202,202,220,220,231,231,332,332,352,27,27,27,46,46,46,46,101,101,101],"floor_reached":27,"language":"ENG","playtime":1018,"items_purged":["Double Tap"],"score":291,"play_id":"f0bb2523-8919-4947-9c81-43df3a58acad","local_time":"20210112191358","is_ascension_mode":true,"campfire_choices":[{"floor":6,"key":"REST"},{"floor":11,"key":"REST"},{"data":"Rampage","floor":13,"key":"SMITH"},{"floor":15,"key":"REST"},{"data":"Corruption","floor":23,"key":"SMITH"},{"floor":25,"key":"REST"}],"circlet_count":0,"master_deck":["Strike_R","Strike_R","Strike_R","Strike_R","Strike_R","Defend_R","Defend_R","Defend_R","Defend_R","Bash","Shrug It Off","Trip","Shockwave","Rampage+1","Flame Barrier","Headbutt","Shrug It Off","Corruption+1","True Grit+1","RitualDagger+1","Pommel Strike"],"relics":["Burning Blood","Toy Ornithopter","SacredBark","Bottled Tornado","Vajra"],"acts_visited":["Exordium","TheCity"],"potions_floor_usage":[7,16,16,22],"damage_taken":[{"damage":23,"enemies":"Small Slimes","floor":1,"turns":4},{"damage":3,"enemies":"Cultist","floor":3,"turns":4},{"damage":13,"enemies":"2 Louse","floor":4,"turns":3},{"damage":7,"enemies":"2 Fungi Beasts","floor":7,"turns":2},{"damage":6,"enemies":"Red Slaver","floor":12,"turns":3},{"damage":21,"enemies":"Large Slime","floor":14,"turns":6},{"damage":71,"enemies":"Hexaghost","floor":16,"turns":11},{"damage":19,"enemies":"3 Byrds","floor":18,"turns":4},{"damage":52,"enemies":"Shell Parasite","floor":22,"turns":10},{"damage":82,"enemies":"Sentry and Sphere","floor":27,"turns":7}],"seed_played":"-3174709207841084219","potions_obtained":[{"floor":5,"key":"SmokeBomb"},{"floor":5,"key":"SkillPotion"},{"floor":5,"key":"Explosive Potion"},{"floor":12,"key":"FairyPotion"},{"floor":14,"key":"AttackPotion"},{"floor":18,"key":"Block Potion"}],"is_trial":false,"path_per_floor":["M","$","M","M","?","R","M","?","T","?","R","M","R","M","R","B",null,"M","$","?","$","M","R","?","R","T","M"],"character_chosen":"IRONCLAD","items_purchased":["Trip","Bottled Tornado"],"campfire_rested":4,"item_purchase_floors":[2,19],"current_hp_per_floor":[34,34,37,30,30,54,53,42,42,34,58,58,58,43,67,12,63,50,50,44,44,54,54,54,78,78,0,0],"gold":101,"neow_bonus":"THREE_RARE_CARDS","is_daily":false,"chose_seed":false,"campfire_upgraded":2,"win_rate":0.0,"timestamp":1610496838,"path_taken":["M","$","M","M","?","R","?","?","T","?","R","M","R","M","R","BOSS","M","$","?","$","M","R","?","R","T","M"],"items_purchased_type":["Card","Relic"],"build_version":"2020-12-22","purchased_purges":1,"victory":false,"max_hp_per_floor":[80,80,80,80,80,80,80,80,80,80,80,80,80,80,80,80,80,80,80,80,80,80,80,80,80,80,80,80],"card_choices":[{"not_picked":["Juggernaut","Exhume"],"picked":"Double Tap","floor":0},{"not_picked":["Perfected Strike","Cleave"],"picked":"Shrug It Off","floor":1},{"not_picked":["Dual Wield","Intimidate"],"picked":"Shockwave","floor":3},{"not_picked":["Carnage","Thunderclap"],"picked":"Rampage","floor":4},{"not_picked":["Cleave","Body Slam"],"picked":"Flame Barrier","floor":7},{"not_picked":["Evolve","Hemokinesis"],"picked":"Headbutt","floor":12},{"not_picked":["Reaper","Intimidate"],"picked":"Shrug It Off","floor":14},{"not_picked":["Impervious","Brutality"],"picked":"Corruption","floor":16},{"not_picked":["Feel No Pain+1","Inflame"],"picked":"True Grit+1","floor":18},{"not_picked":["Shrug It Off","Ghostly Armor"],"picked":"Pommel Strike","floor":22}],"player_experience":394350,"relics_obtained":[{"floor":9,"key":"Toy Ornithopter"},{"floor":26,"key":"Vajra"}],"event_choices":[{"damage_healed":0,"gold_gain":0,"player_choice":"Bought 3 Potions","damage_taken":0,"max_hp_gain":0,"max_hp_loss":0,"event_name":"The Woman in Blue","floor":5,"gold_loss":0},{"damage_healed":0,"gold_gain":75,"player_choice":"Gather Gold","damage_taken":11,"max_hp_gain":0,"max_hp_loss":0,"event_name":"World of Goop","floor":8,"gold_loss":0},{"damage_healed":0,"gold_gain":75,"player_choice":"Touch","damage_taken":8,"max_hp_gain":0,"max_hp_loss":0,"event_name":"FaceTrader","floor":10,"gold_loss":0},{"damage_healed":0,"gold_gain":0,"player_choice":"Joined the Cult","damage_taken":6,"max_hp_gain":0,"max_hp_loss":0,"event_name":"Nest","floor":20,"gold_loss":0,"cards_obtained":["RitualDagger"]},{"damage_healed":0,"gold_gain":0,"player_choice":"Forge","damage_taken":0,"max_hp_gain":0,"max_hp_loss":0,"event_name":"Accursed Blacksmith","floor":24,"gold_loss":0,"cards_upgraded":["RitualDagger"]}],"is_beta":false,"boss_relics":[{"not_picked":["Ectoplasm","Fusion Hammer"],"picked":"SacredBark"}],"items_purged_floors":[19],"is_endless":false,"potions_floor_spawned":[12,14,18],"killed_by":"Sentry and Sphere","ascension_level":9}}