{"host":"aijg3q29dt6ws75i","time":1610565532,"event":{"mods":["Act Like it!","BaseMod","Downfall","Hallownest","Hermit","Jorbs\u0027s Wanderer Trilogy","Minty Spire (QoL Compilation)","Rare Cards Sparkle","StSLib","Td1madao Mod","The Bug Knight","The Cursed","The Hierophant","The Necromancer","The Servant 0.9.4","everything is the same but u backflip on backflip"],"gold_per_floor":[112,65,83,83,93,93,19,30,30,40,40,67,77,97,97,192,192,209,83,98,116,116,116],"floor_reached":22,"language":"ENG","playtime":2038,"items_purged":["Strike_C"],"score":190,"play_id":"20ff9b5f-0a56-4c7b-ab98-6b854235173d","local_time":"20210113141852","is_ascension_mode":false,"campfire_choices":[{"data":"Furious","floor":6,"key":"SMITH"},{"floor":11,"key":"REST"},{"floor":15,"key":"REST"}],"circlet_count":0,"master_deck":["Strike_C","Strike_C","Strike_C","Defend_C","Defend_C","Defend_C","Defend_C","Knight Kick","Chip","Judgment","Twin Teeth","Fire Blade","Chip","Furious+1","Preparedness","Defend System","Black Shadow","Afterwards","Pod Laser","Oblique Hack","Defend System","Shockwave Tdmadao","CurseOfTheBell","Fire Up","Fire Up","Fixing","Transfer Energy+1"],"relics":["Apod","Mb Ring","Peace Pipe","Calling Bell","Dream Catcher","Cut Hand","Ginger"],"acts_visited":["Exordium","TheCity"],"potions_floor_usage":[10,12,16],"damage_taken":[{"damage":11,"enemies":"Cultist","floor":1,"turns":6},{"damage":3,"enemies":"Small Slimes","floor":3,"turns":3},{"damage":12,"enemies":"Jaw Worm","floor":5,"turns":5},{"damage":11,"enemies":"Blue Slaver","floor":8,"turns":2},{"damage":0,"enemies":"Looter","floor":10,"turns":1},{"damage":6,"enemies":"Gremlin Nob","floor":12,"turns":4},{"damage":28,"enemies":"Large Slime","floor":13,"turns":10},{"damage":10,"enemies":"Lots of Slimes","floor":14,"turns":3},{"damage":32,"enemies":"Slime Boss","floor":16,"turns":9},{"damage":22,"enemies":"Chosen","floor":18,"turns":7},{"damage":13,"enemies":"Shell Parasite","floor":20,"turns":6},{"damage":10,"enemies":"Snecko","floor":21,"turns":4},{"damage":32,"enemies":"Cultist and Chosen","floor":22,"turns":6}],"seed_played":"-2826459168431675414","potions_obtained":[{"floor":5,"key":"FearPotion"},{"floor":8,"key":"Energy Potion"},{"floor":10,"key":"hexamod:EctoCoolerPotion"},{"floor":12,"key":"PowerPotion"},{"floor":21,"key":"Dexterity Potion"}],"is_trial":false,"path_per_floor":["M","$","M","?","M","R","$","M","T","M","R","E","M","M","R","B",null,"M","$","M","M","M"],"character_chosen":"TD1MADAO_CLASS","items_purchased":["Twin Teeth","Defend System","Fire Up"],"campfire_rested":2,"item_purchase_floors":[2,7,19],"current_hp_per_floor":[66,66,63,63,51,51,51,40,40,40,63,57,29,19,42,10,77,55,55,42,32,0,0],"gold":116,"neow_bonus":"TEN_PERCENT_HP_BONUS","is_daily":false,"chose_seed":false,"campfire_upgraded":1,"win_rate":0.0,"timestamp":1610565532,"path_taken":["M","$","M","?","M","R","$","M","T","?","R","E","M","M","R","BOSS","M","$","M","M","M"],"items_purchased_type":["Card","Card","Card"],"build_version":"2020-12-22","purchased_purges":1,"victory":false,"max_hp_per_floor":[77,77,77,77,77,77,77,77,77,77,77,77,77,77,77,77,77,77,77,77,77,77,77],"card_choices":[{"not_picked":["Lunge","Black Shadow"],"picked":"Judgment","floor":1},{"not_picked":["Sudden Beat","Black Shadow"],"picked":"Fire Blade","floor":3},{"not_picked":["Twin Teeth","Recovery Mechanism"],"picked":"Preparedness","floor":5},{"not_picked":["Reflection Mechanism","Light Attack"],"picked":"Black Shadow","floor":8},{"not_picked":["Lunge","Black Dance"],"picked":"Afterwards","floor":10},{"not_picked":["Rupture","Recovery Mechanism"],"picked":"Pod Laser","floor":12},{"not_picked":["Transfer Energy","Break Into"],"picked":"Oblique Hack","floor":13},{"not_picked":["Lunge","Black Spear"],"picked":"Defend System","floor":14},{"not_picked":["Black Warm Hole","Bursts"],"picked":"Shockwave Tdmadao","floor":16},{"not_picked":["White Contract","Machining"],"picked":"Fire Up","floor":18},{"not_picked":["Weapon Shift","Black Execution"],"picked":"Fixing","floor":20},{"not_picked":["Machining","Afterwards+1"],"picked":"Transfer Energy+1","floor":21}],"player_experience":103724,"relics_obtained":[{"floor":9,"key":"Mb Ring"},{"floor":12,"key":"Peace Pipe"},{"floor":17,"key":"Dream Catcher"},{"floor":17,"key":"Cut Hand"},{"floor":17,"key":"Ginger"}],"event_choices":[{"damage_healed":0,"gold_gain":0,"player_choice":"2 cards matched","damage_taken":0,"max_hp_gain":0,"max_hp_loss":0,"event_name":"Match and Keep!","floor":4,"gold_loss":0,"cards_obtained":["Chip","Furious"]}],"is_beta":false,"boss_relics":[{"not_picked":["Tiny House","Runic Dome"],"picked":"Calling Bell"}],"items_purged_floors":[19],"is_endless":false,"potions_floor_spawned":[5,8,10,12,21],"killed_by":"Cultist and Chosen","ascension_level":0}}