{"host":"52jmisti11ysmja4","time":1610564953,"event":{"mods":["Aspiration","BaseMod","Better Third Choice","Minty Spire (QoL Compilation)","Remove Card Discount Mod","StSLib"],"gold_per_floor":[112,122,139,139,139,170,170,150,176,110,133,133,133,170,170,258,258,278,307,335,74,95,95,117,117,117,134,178,216,252,179,191,284,296,330,351,386,698,710,722,763,785,797,809,855,867,910,937,949,961,961],"floor_reached":50,"language":"ENG","playtime":2388,"items_purged":["Injury","Strike_R","Strike_R","Defend_R","Defend_R","Defend_R","Defend_R","Strike_R","Strike_R","Strike_R","Bash"],"score":1295,"play_id":"811d39d4-f26e-441a-b009-c0d8954d6843","local_time":"20210113110913","is_ascension_mode":true,"campfire_choices":[{"floor":7.0,"key":"REST"},{"floor":15.0,"key":"DIG"},{"floor":23.0,"key":"DIG"},{"floor":25.0,"key":"DIG"},{"floor":32.0,"key":"DIG"},{"floor":40.0,"key":"DIG"},{"floor":46,"key":"DIG"},{"floor":49,"key":"DIG"}],"circlet_count":0,"master_deck":["AscendersBane","Blood for Blood","Twin Strike+1","Anger","Reaper+1","Inflame+1","Heavy Blade","Heavy Blade+1","Offering","Bloodletting","Iron Wave","Dropkick","Combust+1","Thunderclap","Pommel Strike","Hemokinesis","Double Tap","Flex","Double Tap","Shrug It Off","Magnetism+1","Cleave+1","Heavy Blade+1"],"relics":["Black Blood","NeowsBlessing","Tiny Chest","Frozen Egg 2","Boot","CeramicFish","Shovel","Bag of Preparation","Vajra","Mango","Bottled Tornado","Eternal Feather","MawBank","Bronze Scales","Torii","Mummified Hand","aspiration:RitualDagger","Old Coin","Unceasing Top","Kunai","Calipers","Smiling Mask","Centennial Puzzle","Blood Vial","Pantograph"],"acts_visited":["Exordium","TheCity","TheBeyond"],"potions_floor_usage":[50],"damage_taken":[{"damage":0.0,"enemies":"Small Slimes","floor":1.0,"turns":1.0},{"damage":0.0,"enemies":"2 Louse","floor":2.0,"turns":1.0},{"damage":0.0,"enemies":"Jaw Worm","floor":3.0,"turns":1.0},{"damage":34.0,"enemies":"Gremlin Nob","floor":6.0,"turns":4.0},{"damage":0.0,"enemies":"Large Slime","floor":11.0,"turns":3.0},{"damage":30.0,"enemies":"3 Sentries","floor":14.0,"turns":5.0},{"damage":42.0,"enemies":"Hexaghost","floor":16.0,"turns":5.0},{"damage":18.0,"enemies":"3 Byrds","floor":18.0,"turns":3.0},{"damage":9.0,"enemies":"Spheric Guardian","floor":19.0,"turns":2.0},{"damage":27.0,"enemies":"Centurion and Healer","floor":20.0,"turns":3.0},{"damage":10.0,"enemies":"Cultist and Chosen","floor":22.0,"turns":2.0},{"damage":29.0,"enemies":"Snake Plant","floor":24.0,"turns":2.0},{"damage":12.0,"enemies":"Chosen and Byrds","floor":27.0,"turns":2.0},{"damage":11.0,"enemies":"Gremlin Leader","floor":28.0,"turns":2.0},{"damage":17.0,"enemies":"Cultist and Chosen","floor":29.0,"turns":3.0},{"damage":69.0,"enemies":"Champ","floor":33.0,"turns":5.0},{"damage":58.0,"enemies":"3 Darklings","floor":35.0,"turns":3.0},{"damage":45.0,"enemies":"3 Shapes","floor":37.0,"turns":1.0},{"damage":96.0,"enemies":"Nemesis","floor":41.0,"turns":4.0},{"damage":37,"enemies":"Transient","floor":42,"turns":6},{"damage":19,"enemies":"Reptomancer","floor":45,"turns":3},{"damage":26,"enemies":"Giant Head","floor":47,"turns":4},{"damage":12,"enemies":"Spire Growth","floor":48,"turns":2},{"damage":164,"enemies":"Time Eater","floor":50,"turns":6}],"seed_played":"-8049644846354484647","potions_obtained":[{"floor":1.0,"key":"ElixirPotion"},{"floor":2.0,"key":"DistilledChaos"},{"floor":11.0,"key":"FearPotion"},{"floor":14.0,"key":"LiquidMemories"},{"floor":16.0,"key":"Swift Potion"},{"floor":20.0,"key":"PowerPotion"},{"floor":33.0,"key":"EssenceOfSteel"},{"floor":41.0,"key":"SmokeBomb"},{"floor":45,"key":"BloodPotion"}],"is_trial":false,"path_per_floor":["M","M","M","?","?","E","R","$","T","$","M","?","?","E","R","B",null,"M","M","M","$","M","R","M","R","T","M","E","M","T","?","R","B",null,"M","?","M","T","$","R","E","M","T","?","E","R","E","M","R","B"],"character_chosen":"IRONCLAD","items_purchased":["Inflame+1","Combust+1","Thunderclap","Vajra"],"campfire_rested":1,"item_purchase_floors":[10,21,21,21],"current_hp_per_floor":[74,75,75,64,64,36,58,58,58,58,74,74,51,35,35,7,58,67,70,55,55,75,89,82,82,82,89,89,89,89,89,89,32,75,42,42,71,71,71,83,89,89,89,89,89,89,89,89,89,0,0],"gold":961,"neow_bonus":"THREE_ENEMY_KILL","is_daily":false,"chose_seed":false,"campfire_upgraded":0,"win_rate":0.0,"timestamp":1610564953,"path_taken":["M","M","M","?","?","E","R","$","T","$","M","?","?","E","R","BOSS","M","M","M","$","M","R","M","R","T","M","E","M","?","?","R","BOSS","M","?","?","?","$","R","E","M","T","?","E","R","E","M","R","BOSS"],"items_purchased_type":["Card","Card","Card","Relic"],"build_version":"2020-12-22","purchased_purges":11,"victory":false,"max_hp_per_floor":[75,75,75,75,75,75,75,75,75,75,75,75,75,75,75,75,75,75,75,75,75,75,89,89,89,89,89,89,89,89,89,89,89,89,89,89,89,89,89,89,89,89,89,89,89,89,89,89,89,89,89],"card_choices":[{"not_picked":["Dark Embrace","Clash"],"picked":"Blood for Blood","floor":1.0},{"not_picked":["Wild Strike","Headbutt"],"picked":"Twin Strike","floor":2.0},{"not_picked":["Clash","Armaments"],"picked":"Anger","floor":3.0},{"not_picked":["Dropkick","Heavy Blade"],"picked":"Reaper","floor":6.0},{"not_picked":["Disarm","Cleave"],"picked":"Heavy Blade","floor":11.0},{"not_picked":["Sentinel","Metallicize+1"],"picked":"Heavy Blade","floor":14.0},{"not_picked":["Corruption+1","Double Tap"],"picked":"Offering","floor":16.0},{"not_picked":["Metallicize+1","Twin Strike"],"picked":"Bloodletting","floor":18.0},{"not_picked":["Warcry","Entrench"],"picked":"Iron Wave","floor":19.0},{"not_picked":["Sword Boomerang","Exhume"],"picked":"Dropkick","floor":20.0},{"not_picked":["Heavy Blade","Metallicize+1"],"picked":"Pommel Strike","floor":22.0},{"not_picked":["Warcry","Thunderclap"],"picked":"Hemokinesis","floor":24.0},{"not_picked":["Havoc","Body Slam","Disarm"],"picked":"SKIP","floor":27.0},{"not_picked":["Infernal Blade","Wild Strike"],"picked":"Double Tap","floor":28.0},{"not_picked":["Twin Strike","Warcry+1"],"picked":"Flex","floor":29.0},{"not_picked":["Bludgeon","Reaper"],"picked":"Double Tap","floor":33.0},{"not_picked":["Entrench","Havoc"],"picked":"Shrug It Off","floor":35.0},{"not_picked":["Thinking Ahead","Secret Weapon"],"picked":"Magnetism+1","floor":36.0},{"not_picked":["Clash","Sentinel"],"picked":"Cleave+1","floor":37.0},{"not_picked":["Evolve+1","Corruption+1","Metallicize+1"],"picked":"SKIP","floor":41.0},{"not_picked":["Clothesline","Clash","Entrench+1"],"picked":"SKIP","floor":42},{"not_picked":["Reckless Charge","Searing Blow"],"picked":"Heavy Blade+1","floor":45},{"not_picked":["Clothesline","Evolve+1","Barricade+1"],"picked":"SKIP","floor":47},{"not_picked":["Clash","Metallicize+1","Havoc+1"],"picked":"SKIP","floor":48}],"player_experience":487421,"relics_obtained":[{"floor":6.0,"key":"Boot"},{"floor":9.0,"key":"CeramicFish"},{"floor":14.0,"key":"Shovel"},{"floor":15.0,"key":"Bag of Preparation"},{"floor":23.0,"key":"Mango"},{"floor":25.0,"key":"Bottled Tornado"},{"floor":26.0,"key":"Eternal Feather"},{"floor":28.0,"key":"MawBank"},{"floor":30.0,"key":"Bronze Scales"},{"floor":32.0,"key":"Mummified Hand"},{"floor":38.0,"key":"Old Coin"},{"floor":40.0,"key":"Unceasing Top"},{"floor":41.0,"key":"Kunai"},{"floor":43,"key":"Calipers"},{"floor":45,"key":"Smiling Mask"},{"floor":46,"key":"Centennial Puzzle"},{"floor":47,"key":"Blood Vial"},{"floor":49,"key":"Pantograph"}],"event_choices":[{"damage_healed":0.0,"max_hp_gain":0.0,"max_hp_loss":0.0,"gold_gain":0.0,"event_name":"betterThird:BetterScrap","player_choice":"Relic ","floor":4.0,"gold_loss":0.0,"damage_taken":11.0,"cards_obtained":["Masterful Stab"]},{"damage_healed":0.0,"max_hp_gain":0.0,"max_hp_loss":0.0,"gold_gain":0.0,"event_name":"The Cleric","player_choice":"Leave","floor":12.0,"gold_loss":0.0,"damage_taken":0.0},{"damage_healed":74.0,"max_hp_gain":0.0,"max_hp_loss":75.0,"gold_gain":0.0,"event_name":"betterThird:BetterShining","player_choice":"Upgrade","floor":13.0,"gold_loss":0.0,"damage_taken":23.0,"cards_upgraded":["Twin Strike","Reaper"]},{"damage_healed":0.0,"max_hp_gain":0.0,"max_hp_loss":0.0,"gold_gain":0.0,"event_name":"Addict","player_choice":"Obtained Relic","floor":31.0,"gold_loss":85.0,"damage_taken":0.0,"relics_obtained":["Torii"]},{"damage_healed":0.0,"max_hp_gain":0.0,"max_hp_loss":0.0,"gold_gain":0.0,"event_name":"betterThird:BetterPortal","player_choice":"Random: Blue","floor":36.0,"gold_loss":0.0,"damage_taken":0.0},{"damage_healed":0.0,"max_hp_gain":0.0,"max_hp_loss":0.0,"gold_gain":0.0,"event_name":"SensoryStone","player_choice":"Memory 1","floor":36.0,"gold_loss":0.0,"damage_taken":0.0},{"damage_healed":0,"gold_gain":0,"player_choice":"Upgraded","damage_taken":0,"max_hp_gain":0,"max_hp_loss":0,"event_name":"Upgrade Shrine","floor":44,"gold_loss":0,"cards_upgraded":["Heavy Blade"]}],"is_beta":false,"boss_relics":[{"not_picked":["Philosopher\u0027s Stone","Calling Bell"],"picked":"Black Blood"},{"not_picked":["Runic Dome","Velvet Choker"],"picked":"aspiration:RitualDagger"}],"items_purged_floors":[8,8,8,8,8,8,8,8,8,8,21],"is_endless":false,"potions_floor_spawned":[1,2,11,14,16,19,20,33,41,45,47],"killed_by":"Time Eater","ascension_level":20}}