{"host":"9jj9tzo2iym4bpat","time":1610576537,"event":{"mods":["Act Like it!","BaseMod","CapriCore","Gensokyo","Luminous","Marisa????????","Minty Spire (QoL Compilation)","Permanent Neow","StSLib","Td1madao Mod","The Animator","The Immortal","The Marked","The Servant 0.9.4"],"gold_per_floor":[362,36,47,47,47,47,47,74,74,103,103,122,150,150,150,250,300,290,290,310,1,21,21,21],"floor_reached":23,"language":"ENG","playtime":1402,"items_purged":["Decay"],"score":197,"play_id":"ada5da99-202b-4bc4-8775-181d2d7c04f1","local_time":"20210113162217","is_ascension_mode":false,"campfire_choices":[{"data":"Starlight","floor":6,"key":"SMITH"},{"floor":11,"key":"REST"},{"floor":15,"key":"REST"}],"circlet_count":0,"master_deck":["Strike_S","Strike_S+1","Strike_S","Strike_S","Defend_S","Defend_S+1","Defend_S","Defend_S","KidneyShot","Exchange","Spin","Starlight+1","Defy+1","Alleviate+1","Ricochet","GearUp","Barrier","FanOfKnives","Embodiment","Misdirection","Rearm+1","Moondial","DoubleEdge","Hightail","Spin"],"relics":["Uniform","Shuriken","Pantograph","Question Card","Unceasing Top","TungstenRod","Odd Mushroom","Tiny House","MutagenicStrength","War Paint"],"acts_visited":["Exordium","TheCity"],"potions_floor_usage":[16],"damage_taken":[{"damage":0,"enemies":"Cultist","floor":1,"turns":4},{"damage":2,"enemies":"Small Slimes","floor":3,"turns":4},{"damage":13,"enemies":"3 Sentries","floor":8,"turns":11},{"damage":40,"enemies":"Lagavulin","floor":10,"turns":10},{"damage":5,"enemies":"Jaw Worm","floor":12,"turns":3},{"damage":0,"enemies":"The Mushroom Lair","floor":13,"turns":5},{"damage":18,"enemies":"The Guardian","floor":16,"turns":19},{"damage":16,"enemies":"2 Thieves","floor":18,"turns":4},{"damage":17,"enemies":"Spheric Guardian","floor":20,"turns":11},{"damage":0,"enemies":"Snecko","floor":22,"turns":9},{"damage":38,"enemies":"Slavers","floor":23,"turns":4}],"seed_played":"1381672274834076997","potions_obtained":[{"floor":1,"key":"Swift Potion"},{"floor":3,"key":"Dexterity Potion"},{"floor":16,"key":"SpeedPotion"},{"floor":17,"key":"CultistPotion"}],"is_trial":false,"path_per_floor":["M","$","M","T","$","R","?","E","T","E","R","M","?","?","R","B",null,"M","?","M","$","M","E"],"character_chosen":"THE_SERVANT","items_purchased":["Shuriken","Starlight","Defy","DoubleEdge","War Paint","Hightail"],"campfire_rested":2,"item_purchase_floors":[2,2,2,21,21,21],"current_hp_per_floor":[65,65,63,63,63,63,63,50,50,10,29,24,24,24,43,47,70,54,54,37,37,37,0,0],"gold":21,"neow_bonus":"TWO_FIFTY_GOLD","is_daily":false,"chose_seed":false,"campfire_upgraded":1,"win_rate":0.0,"timestamp":1610576537,"path_taken":["M","$","?","?","$","R","?","E","T","E","R","?","?","?","R","BOSS","M","?","M","$","M","E"],"items_purchased_type":["Relic","Card","Card","Card","Relic","Card"],"build_version":"2020-12-22","purchased_purges":1,"victory":false,"max_hp_per_floor":[65,65,65,65,65,65,65,65,65,65,65,65,65,65,65,65,70,70,70,70,70,70,70,70],"card_choices":[{"not_picked":["DoubleEdge","Unruled"],"picked":"Spin","floor":1},{"not_picked":["DualDimension","Defy"],"picked":"Alleviate","floor":3},{"not_picked":["Barrier","Unruled"],"picked":"Ricochet","floor":8},{"not_picked":["Advance","DoubleEdge","Revamp"],"picked":"GearUp","floor":10},{"not_picked":["Manipulate","Starlight","Rearm"],"picked":"Barrier","floor":12},{"not_picked":["Revamp","Unruled","Sabotage"],"picked":"FanOfKnives","floor":13},{"not_picked":["MurderousAura","FlawlessForm","PendulumOfEternity"],"picked":"Embodiment","floor":16},{"not_picked":["Reset","Potential","Spin"],"picked":"Misdirection","floor":17},{"not_picked":["Spin","BottledTime","Rewind"],"picked":"Rearm+1","floor":18},{"not_picked":["Luminosity+1","Revamp","ForgedInTime"],"picked":"Moondial","floor":20},{"not_picked":["Foresight+1","Barrier","Shuttle+1"],"picked":"Spin","floor":22}],"player_experience":231740,"relics_obtained":[{"floor":4,"key":"Pantograph"},{"floor":8,"key":"Question Card"},{"floor":9,"key":"Unceasing Top"},{"floor":10,"key":"TungstenRod"},{"floor":13,"key":"Odd Mushroom"}],"event_choices":[{"damage_healed":0,"gold_gain":0,"player_choice":"Forge","damage_taken":0,"max_hp_gain":0,"max_hp_loss":0,"event_name":"Accursed Blacksmith","floor":7,"gold_loss":0,"cards_upgraded":["Defy"]},{"damage_healed":0,"gold_gain":0,"player_choice":"Fought Mushrooms","damage_taken":0,"max_hp_gain":0,"max_hp_loss":0,"event_name":"Mushrooms","floor":13,"gold_loss":0},{"damage_healed":0,"gold_gain":0,"player_choice":"Ignored","damage_taken":0,"max_hp_gain":0,"max_hp_loss":0,"event_name":"Golden Idol","floor":14,"gold_loss":0},{"damage_healed":0,"gold_gain":0,"player_choice":"Inject Mutagens","damage_taken":0,"relics_obtained":["MutagenicStrength"],"max_hp_gain":0,"max_hp_loss":0,"event_name":"Drug Dealer","floor":19,"gold_loss":0}],"is_beta":false,"boss_relics":[{"not_picked":["Fusion Hammer","Snecko Eye"],"picked":"Tiny House"}],"items_purged_floors":[21],"is_endless":false,"potions_floor_spawned":[1,3,16,20],"killed_by":"Slavers","ascension_level":0}}