{"host":"9tdk3zzhmpo6o3dg","time":1610539442,"event":{"mods":["BaseMod","Downfall","Marisa£®ÏF”Í°°ƒß¿Ì…≥£©","Minty Spire (QoL Compilation)","Shop Mod","StSLib","The Cursed","The Marked","The Servant 0.9.4"],"gold_per_floor":[0,10,10,27,27,46,46,46,75,89,89,103,103,118,130,234,234,234,251,270,289,306,326,373,373,403,421,196,208,69,96,106,210,210,210,225,245,245,245,345,345,345,361,361,411,429,200,235,252,252,252,287,70,70,70,70,70],"floor_reached":55,"language":"ZHS","playtime":3947,"items_purged":["Slimebound:Defend_Slimebound+1"],"score":845,"play_id":"84e72063-8efa-4a19-92a8-a2887b44aee2","local_time":"20210113200402","is_ascension_mode":false,"campfire_choices":[{"data":"Slimebound:Split","floor":1.0,"key":"SMITH"},{"data":"Slimebound:WasteNot","floor":11.0,"key":"SMITH"},{"data":"Slimebound:FirmFortitude","floor":13.0,"key":"SMITH"},{"data":"Slimebound:OneTwoCombo","floor":18.0,"key":"SMITH"},{"floor":25.0,"key":"RECALL"},{"data":"Slimebound:ForwardTackle","floor":28.0,"key":"SMITH"},{"data":"Slimebound:WasteNot","floor":35,"key":"SMITH"},{"data":"Slimebound:DisruptingSlam","floor":42,"key":"SMITH"},{"data":"Slimebound:LevelUp","floor":54,"key":"SMITH"}],"circlet_count":0,"master_deck":["Slimebound:Strike_Slimebound+1","Slimebound:Strike_Slimebound","Slimebound:Split+1","Slimebound:CorrosiveSpit","Slimebound:DisruptingSlam+1","Slimebound:HauntingLick","Slimebound:Gluttony+1","Slimebound:WasteNot+1","Slimebound:SplitAcid","Slimebound:ProtectTheBoss","Slimebound:Chomp","Slimebound:SlimeTap","Slimebound:ForwardTackle+1","Slimebound:TongueLash","Slimebound:OneTwoCombo+1","Slimebound:GoopSpray+1","Slimebound:LevelUp+1","Slimebound:Gluttony+1","Slimebound:GrowthPunch","Slimebound:RollThrough","Slimebound:RejuvenatingLick+1","Slimebound:SplitAcid+1","Slimebound:LeechingTouch+1","Slimebound:Overexert","Slimebound:RejuvenatingLick","Slimebound:SplitLeeching","Slimebound:LeechEnergy+1","Slimebound:WasteNot+1","Slimebound:Gluttony+1","Slimebound:Chomp+1","Slimebound:GoopSpray+1","Slimebound:SplitBruiser+1","Slimebound:SplitMire","Wraith","Slimebound:LeechingTouch","Slimebound:LeechEnergy","Slimebound:GoopTackle","Slimebound:GrowthPunch+1","Panache","Finesse","Slimebound:SamplingLick","Slimebound:SelfFormingGoo","Slimebound:Schlurp+1","Slimebound:SplitAcid","Slimebound:Nibble"],"relics":["Slimebound:AbsorbEndCombat","HornCleat","Thread and Needle","SlaversCollar","downfall:HeartBlessingRed","downfall:HeartBlessingGreen","downfall:HeartBlessingBlue","Peace Pipe","Astrolabe","Eternal Feather","Bird Faced Urn","Boot","Ginger","Ice Cream","Strange Spoon"],"acts_visited":["Exordium","TheCity","TheBeyond","TheEnding"],"potions_floor_usage":[46,46,46,47,49,50,52,55],"damage_taken":[{"damage":11.0,"enemies":"Small Slimes","floor":2.0,"turns":2.0},{"damage":12.0,"enemies":"Cultist","floor":4.0,"turns":3.0},{"damage":25.0,"enemies":"Jaw Worm","floor":6.0,"turns":2.0},{"damage":44.0,"enemies":"Lagavulin","floor":9.0,"turns":6.0},{"damage":4.0,"enemies":"Lots of Slimes","floor":10.0,"turns":1.0},{"damage":27.0,"enemies":"Blue Slaver","floor":12.0,"turns":3.0},{"damage":8.0,"enemies":"2 Fungi Beasts","floor":14.0,"turns":4.0},{"damage":19.0,"enemies":"Exordium Thugs","floor":15.0,"turns":3.0},{"damage":40.0,"enemies":"downfall:Ironclad","floor":16.0,"turns":6.0},{"damage":20.0,"enemies":"Shell Parasite","floor":19.0,"turns":3.0},{"damage":8.0,"enemies":"3 Byrds","floor":20.0,"turns":4.0},{"damage":16.0,"enemies":"Snecko","floor":21.0,"turns":5.0},{"damage":25.0,"enemies":"Shelled Parasite and Fungi","floor":22.0,"turns":4.0},{"damage":17.0,"enemies":"Snake Plant","floor":23.0,"turns":4.0},{"damage":23.0,"enemies":"Book of Stabbing","floor":26.0,"turns":3.0},{"damage":35.0,"enemies":"Chosen and Byrds","floor":27.0,"turns":5.0},{"damage":27.0,"enemies":"Centurion and Healer","floor":29.0,"turns":4.0},{"damage":13.0,"enemies":"downfall:FleeingMerchant","floor":30.0,"turns":4.0},{"damage":25.0,"enemies":"Gremlin Leader","floor":31.0,"turns":3.0},{"damage":22.0,"enemies":"Cultist and Chosen","floor":32.0,"turns":4.0},{"damage":25.0,"enemies":"downfall:Defect","floor":33.0,"turns":5.0},{"damage":23,"enemies":"Orb Walker","floor":36,"turns":4},{"damage":26,"enemies":"3 Shapes","floor":37,"turns":3},{"damage":42,"enemies":"Writhing Mass","floor":43,"turns":3},{"damage":16,"enemies":"Mind Bloom Boss Battle","floor":45,"turns":3},{"damage":63,"enemies":"Sphere and 2 Shapes","floor":46,"turns":4},{"damage":16,"enemies":"downfall:FleeingMerchant","floor":47,"turns":4},{"damage":37,"enemies":"Giant Head","floor":48,"turns":5},{"damage":74,"enemies":"4 Shapes","floor":49,"turns":4},{"damage":28,"enemies":"downfall:Watcher","floor":50,"turns":6},{"damage":86,"enemies":"downfall:CharBossMerchant","floor":52,"turns":7},{"damage":187,"enemies":"downfall:NeowBoss","floor":55,"turns":17}],"seed_played":"4106866503049890721","potions_obtained":[{"floor":6.0,"key":"Explosive Potion"},{"floor":10.0,"key":"EntropicBrew"},{"floor":15.0,"key":"Strength Potion"},{"floor":16.0,"key":"ColorlessPotion"},{"floor":21.0,"key":"Guardian:BlockOnCardUsePotion"},{"floor":27.0,"key":"Dexterity Potion"},{"floor":29.0,"key":"Swift Potion"},{"floor":46,"key":"Fire Potion"},{"floor":48,"key":"EssenceOfSteel"},{"floor":52,"key":"Fire Potion"}],"is_trial":false,"path_per_floor":["R","M","?","M","?","M","T","?","E","M","R","M","R","M","M","B",null,"R","M","M","M","M","M","T","R","E","M","R","M","$","E","M","B",null,"R","M","M","?","?","?","T","R","M","?","?","M","$","E","M","B",null,"E","$","R","B"],"character_chosen":"SLIMEBOUND","items_purchased":["Slimebound:RejuvenatingLick","Slimebound:SplitLeeching","Panache","Finesse","Slimebound:SamplingLick","Boot","Strange Spoon","Slimebound:Nibble"],"campfire_rested":0,"item_purchase_floors":[30,30,47,47,47,47,53,53],"current_hp_per_floor":[60,57,57,57,57,48,48,48,36,38,38,33,33,35,34,30,60,60,60,60,52,57,54,54,54,60,40,50,53,69,64,70,70,70,70,61,55,55,55,55,55,70,60,60,70,32,64,70,18,48,70,43,43,70,0,0,0],"gold":70,"neow_bonus":"TRANSFORM_TWO_CARDS","is_daily":false,"chose_seed":false,"campfire_upgraded":8,"win_rate":0.0,"timestamp":1610539442,"path_taken":["R","M","?","?","?","M","T","?","E","M","R","M","R","M","M","BOSS","R","M","M","?","M","M","T","R","E","M","R","M","$","E","M","BOSS","BOSS","R","M","M","?","?","?","T","R","?","?","?","M","$","E","M","BOSS","E","$","R","BOSS"],"items_purchased_type":["Card","Card","Card","Card","Card","Relic","Relic","Card"],"build_version":"2020-12-22","purchased_purges":1,"victory":false,"max_hp_per_floor":[60,60,60,60,60,60,60,60,60,60,60,60,60,60,60,60,60,60,60,60,60,60,60,60,60,60,60,70,70,70,70,70,70,70,70,70,70,70,70,70,70,70,70,70,70,70,70,70,70,70,70,70,70,70,70,70,70],"card_choices":[{"not_picked":["Slimebound:Schlurp","Slimebound:ViciousTackle"],"picked":"Slimebound:Gluttony","floor":2.0},{"not_picked":["Slimebound:Schlurp","Slimebound:SlimeSpikes"],"picked":"Slimebound:SplitAcid","floor":4.0},{"not_picked":["Slimebound:ForwardTackle","Slimebound:PressTheAttack"],"picked":"Slimebound:ProtectTheBoss","floor":6.0},{"not_picked":["Slimebound:Equalize","Slimebound:Prepare"],"picked":"Slimebound:Chomp","floor":9.0},{"not_picked":["Slimebound:SlimeSpikes","Slimebound:Equalize"],"picked":"Slimebound:SlimeTap","floor":10.0},{"not_picked":["Slimebound:LivingWall","Slimebound:ViciousTackle"],"picked":"Slimebound:FirmFortitude","floor":12.0},{"not_picked":["Slimebound:Prepare","Slimebound:LeechingTouch"],"picked":"Slimebound:ForwardTackle","floor":14.0},{"not_picked":["Slimebound:GoopSpray","Slimebound:SplitLeeching"],"picked":"Slimebound:TongueLash","floor":15.0},{"not_picked":["Slimebound:SlimeSlap","Slimebound:RallyTheTroops"],"picked":"Slimebound:OneTwoCombo","floor":16.0},{"not_picked":["Slimebound:BestDefense","Slimebound:FlameTackle"],"picked":"Slimebound:GoopSpray+1","floor":19.0},{"not_picked":["Slimebound:SplitMire+1","Slimebound:SlimeSpikes+1"],"picked":"Slimebound:LevelUp","floor":20.0},{"not_picked":["Slimebound:ProtectTheBoss","Slimebound:RollThrough"],"picked":"Slimebound:Gluttony+1","floor":21.0},{"not_picked":["Slimebound:TongueLash","Slimebound:GoopTackle"],"picked":"Slimebound:GrowthPunch","floor":22.0},{"not_picked":["Slimebound:SplitMire+1","Slimebound:ComboTackle+1"],"picked":"Slimebound:RollThrough","floor":23.0},{"not_picked":["Slimebound:SamplingLick+1","Slimebound:HauntingLick"],"picked":"Slimebound:RejuvenatingLick+1","floor":26.0},{"not_picked":["Slimebound:Dissolve","Slimebound:SplitLeeching"],"picked":"Slimebound:SplitAcid+1","floor":27.0},{"not_picked":["Slimebound:SamplingLick","Slimebound:ViciousTackle+1"],"picked":"Slimebound:LeechingTouch+1","floor":29.0},{"not_picked":["Slimebound:SlimeSpikes","Slimebound:SplitMire"],"picked":"Slimebound:Overexert","floor":30.0},{"not_picked":["Slimebound:ForwardTackle","Slimebound:SlimeTap"],"picked":"Slimebound:LivingWall+1","floor":31.0},{"not_picked":["Slimebound:Repurpose","Slimebound:RollThrough"],"picked":"Slimebound:LeechEnergy+1","floor":32.0},{"not_picked":["Slimebound:DuplicatedForm","Slimebound:PrepareCrush"],"picked":"Slimebound:WasteNot","floor":33},{"not_picked":["Slimebound:RollThrough","Slimebound:LivingWall"],"picked":"Slimebound:SplitBruiser+1","floor":36},{"not_picked":["Slimebound:SlimeSpikes","Slimebound:ViciousTackle+1"],"picked":"Slimebound:SplitMire","floor":37},{"not_picked":["Slimebound:ProtectTheBoss+1","Slimebound:WasteNot"],"picked":"Slimebound:LeechingTouch","floor":43},{"not_picked":["Slimebound:SlimeSpikes","Slimebound:SplitLeeching"],"picked":"Slimebound:LeechEnergy","floor":45},{"not_picked":["Slimebound:FinishingTackle","Slimebound:Gluttony"],"picked":"Slimebound:GoopTackle","floor":46},{"not_picked":["Slimebound:SplitMire","Slimebound:RejuvenatingLick+1"],"picked":"Slimebound:GrowthPunch+1","floor":47},{"not_picked":["Slimebound:Schlurp","Slimebound:Dissolve"],"picked":"Slimebound:SelfFormingGoo","floor":48},{"not_picked":["Slimebound:PressTheAttack","Slimebound:SplitBruiser+1"],"picked":"Slimebound:Schlurp+1","floor":49},{"not_picked":["Slimebound:SpikyOuterGoop","Slimebound:Schlurp+1"],"picked":"Slimebound:SplitAcid","floor":52}],"player_experience":99720,"relics_obtained":[{"floor":7.0,"key":"HornCleat"},{"floor":9.0,"key":"Thread and Needle"},{"floor":31.0,"key":"Peace Pipe"},{"floor":41,"key":"Eternal Feather"},{"floor":45,"key":"Bird Faced Urn"},{"floor":48,"key":"Ginger"},{"floor":52,"key":"Ice Cream"}],"event_choices":[{"damage_healed":0.0,"max_hp_gain":0.0,"max_hp_loss":0.0,"gold_gain":0.0,"cards_transformed":["Slimebound:Strike_Slimebound"],"event_name":"Transmorgrifier","player_choice":"Transformed","floor":3.0,"gold_loss":0.0,"damage_taken":0.0,"cards_obtained":["Slimebound:WasteNot"]},{"cards_removed":["Regret"],"damage_healed":0.0,"max_hp_gain":0.0,"max_hp_loss":0.0,"gold_gain":0.0,"event_name":"Purifier","player_choice":"Purged","floor":8.0,"gold_loss":0.0,"damage_taken":0.0},{"damage_healed":0,"gold_gain":0,"player_choice":"Ignored","damage_taken":0,"max_hp_gain":0,"max_hp_loss":0,"event_name":"OrinTheCat","floor":38,"gold_loss":0},{"cards_removed":["Slimebound:FirmFortitude"],"damage_healed":0,"gold_gain":0,"player_choice":"Removed Power","damage_taken":0,"max_hp_gain":0,"max_hp_loss":0,"event_name":"Falling","floor":39,"gold_loss":0}],"is_beta":false,"boss_relics":[{"not_picked":["Sozu","Cursed Key"],"picked":"SlaversCollar"},{"not_picked":["Busted Crown","Runic Dome"],"picked":"Astrolabe"}],"items_purged_floors":[47],"is_endless":false,"potions_floor_spawned":[6,10,15,16,19,21,27,29,31,32,36,43,45,46,48,52],"killed_by":"downfall:NeowBoss","ascension_level":0}}