{"host":"yvncskwfyqnc3wqi","time":1610545907,"event":{"mods":["2.2 Compatiblity","AchievementEnabler","Act Like it!","Bartender","BaseMod","Friendly Minions","Gensokyo","KinomotoSakuraMod(????)","Kiyohime????","Marisa????????","Minty Spire (QoL Compilation)","Nova Terra(??·??)","Permanent Neow","Prisma Mod","Railgun Mod","Reimu??????","Remove Card Discount Mod","Shade Mod","Shop Mod","StSLib","Td1madao Mod","The Alterego","The Disciple","The Gatherer","The Marked","The Runesmith","The Servant 0.9.4","TheFirefly","TheSwordswoman","TheVelvet","Waifu the Spire","WarShipGirlsR/????R mod","Yakumo Yukari mod","Yohane!","Yuri Mod"],"gold_per_floor":[115,130,205,232,232,267,277,288,315,350,367,386,397,54,54,152,152,169,189,205,236,255,255,274,274,274,274,299,259,259,275,275,379,379,392,406,406,376,376,407,130,130,178,178,210,221,221,233,233,233,233,233,3,3,3],"floor_reached":54,"language":"ENG","playtime":3691,"items_purged":["Writhe"],"score":779,"play_id":"512ac4a4-b088-4d62-8568-1cb85acb693b","local_time":"20210113135147","is_ascension_mode":false,"campfire_choices":[{"floor":15.0,"key":"REST"},{"floor":23.0,"key":"RECALL"},{"data":"BattleHymn","floor":25.0,"key":"SMITH"},{"data":"ClearTheMind","floor":27.0,"key":"SMITH"},{"data":"Eruption","floor":30.0,"key":"SMITH"},{"data":"SignatureMove","floor":32.0,"key":"SMITH"},{"floor":42.0,"key":"REST"},{"data":"Establishment","floor":44.0,"key":"SMITH"},{"floor":49.0,"key":"REST"},{"data":"SpiritShield","floor":52.0,"key":"SMITH"}],"circlet_count":0,"master_deck":["Strike_P","Strike_P","Strike_P","Strike_P","Defend_P","Defend_P","Defend_P","Eruption+1","Vigilance","EmptyBody","CarveReality","BowlingBash","Adaptation","ClearTheMind+1","SignatureMove+1","TalkToTheHand","Consecrate","Consecrate","ReachHeaven","Prostrate","Wish","CarveReality","Protect","Conclude+1","Protect+1","Crescendo+1","BattleHymn+1","CrushJoints+1","Swivel","EmptyBody+1","Establishment+1","JustLucky","Perseverance+1","FlurryOfBlows","FollowUp+1","SpiritShield+1","Panache","Wallop+1","MentalFortress+1","Pray","ThirdEye+1","FlurryOfBlows+1","EmptyBody+1","LikeWater"],"relics":["PureWater","Ancient Tea Set","Protect_Vest","Vajra","Mercury Hourglass","Cursed Key","Red Mask","Prayer Wheel","Letter Opener","ZunR:ReiMu","Philosopher\u0027s Stone","MawBank","Potion Belt","Happy Flower","Anchor","Oddly Smooth Stone"],"acts_visited":["Exordium","TheCity","TheBeyond","TheEnding"],"potions_floor_usage":[54,54],"damage_taken":[{"damage":0.0,"enemies":"Jaw Worm","floor":1.0,"turns":6.0},{"damage":0.0,"enemies":"Small Slimes","floor":2.0,"turns":4.0},{"damage":29.0,"enemies":"Gremlin Nob","floor":6.0,"turns":5.0},{"damage":0.0,"enemies":"2 Louse","floor":7.0,"turns":3.0},{"damage":0.0,"enemies":"2 Fungi Beasts","floor":8.0,"turns":2.0},{"damage":5.0,"enemies":"3 Sentries","floor":10.0,"turns":6.0},{"damage":4.0,"enemies":"Blue Slaver","floor":11.0,"turns":3.0},{"damage":8.0,"enemies":"Exordium Wildlife","floor":12.0,"turns":4.0},{"damage":1.0,"enemies":"3 Louse","floor":13.0,"turns":3.0},{"damage":0.0,"enemies":"Slime Boss","floor":16.0,"turns":4.0},{"damage":0.0,"enemies":"2 Thieves","floor":18.0,"turns":2.0},{"damage":2.0,"enemies":"Chosen","floor":19.0,"turns":4.0},{"damage":0.0,"enemies":"3 Cultists","floor":20.0,"turns":4.0},{"damage":0.0,"enemies":"Masked Bandits","floor":21.0,"turns":2.0},{"damage":1.0,"enemies":"Snecko","floor":22.0,"turns":4.0},{"damage":3.0,"enemies":"Snake Plant","floor":24.0,"turns":3.0},{"damage":13.0,"enemies":"Slavers","floor":28.0,"turns":4.0},{"damage":4.0,"enemies":"Centurion and Healer","floor":31.0,"turns":3.0},{"damage":8.0,"enemies":"Champ","floor":33.0,"turns":10.0},{"damage":4.0,"enemies":"Orb Walker","floor":35.0,"turns":3.0},{"damage":1.0,"enemies":"3 Shapes","floor":36.0,"turns":2.0},{"damage":24.0,"enemies":"Giant Head","floor":40.0,"turns":7.0},{"damage":7.0,"enemies":"Nemesis","floor":45.0,"turns":5.0},{"damage":0.0,"enemies":"Transient","floor":46.0,"turns":5.0},{"damage":26.0,"enemies":"Spire Growth","floor":48.0,"turns":4.0},{"damage":65.0,"enemies":"Time Eater","floor":50.0,"turns":10.0},{"damage":81,"enemies":"Shield and Spear","floor":54,"turns":6}],"seed_played":"-6274861991036074637","potions_obtained":[{"floor":2.0,"key":"Strength Potion"},{"floor":7.0,"key":"Fire Potion"},{"floor":10.0,"key":"LiquidBronze"},{"floor":11.0,"key":"BottledMiracle"},{"floor":13.0,"key":"DistilledChaos"},{"floor":22.0,"key":"Dexterity Potion"},{"floor":28.0,"key":"Regen Potion"},{"floor":33.0,"key":"ColorlessPotion"},{"floor":36.0,"key":"DuplicationPotion"},{"floor":40.0,"key":"Regen Potion"}],"is_trial":false,"path_per_floor":["M","M","?","T","?","E","M","M","T","E","M","M","M","$","R","B",null,"M","M","M","?","M","R","M","R","T","R","E","?","R","M","R","B",null,"M","M","?","?","?","E","$","R","T","R","E","M","?","M","R","B",null,"R","$","E"],"character_chosen":"WATCHER","items_purchased":["Mercury Hourglass","ReachHeaven","Prostrate","Potion Belt","Happy Flower","LikeWater","PowerPotion","SteroidPotion","SpeedPotion"],"campfire_rested":3,"item_purchase_floors":[14,14,14,41,41,53,53,53,53],"current_hp_per_floor":[79,79,68,68,68,39,39,39,39,34,30,22,21,21,44,44,79,79,77,77,77,76,76,73,73,73,73,60,60,60,65,65,57,79,75,74,74,74,74,50,50,73,73,73,75,75,75,49,72,7,79,79,79,0,0],"gold":3,"neow_bonus":"TEN_PERCENT_HP_BONUS","is_daily":false,"chose_seed":false,"campfire_upgraded":6,"win_rate":0.0,"timestamp":1610545907,"path_taken":["M","M","?","?","?","E","M","M","T","E","?","M","M","$","R","BOSS","M","M","M","?","M","R","M","R","T","R","E","?","R","M","R","BOSS","M","M","?","?","?","E","$","R","T","R","E","M","?","?","R","BOSS","R","$","E"],"items_purchased_type":["Relic","Card","Card","Relic","Relic","Card","Potion","Potion","Potion"],"build_version":"2020-12-22","purchased_purges":1,"victory":false,"max_hp_per_floor":[79,79,79,79,79,79,79,79,79,79,79,79,79,79,79,79,79,79,79,79,79,79,79,79,79,79,79,79,79,79,79,79,79,79,79,79,79,79,79,79,79,79,79,79,79,79,79,79,79,79,79,79,79,79,79],"card_choices":[{"not_picked":["Nirvana","PathToVictory"],"picked":"EmptyBody","floor":1.0},{"not_picked":["WaveOfTheHand","CrushJoints"],"picked":"CarveReality","floor":2.0},{"not_picked":["Evaluate","Nirvana"],"picked":"BowlingBash","floor":6.0},{"not_picked":["Halt","ReachHeaven"],"picked":"Adaptation","floor":7.0},{"not_picked":["CrushJoints","ThirdEye"],"picked":"ClearTheMind","floor":8.0},{"not_picked":["Blasphemy","Tantrum"],"picked":"SignatureMove","floor":10.0},{"not_picked":["FlurryOfBlows","CutThroughFate"],"picked":"TalkToTheHand","floor":11.0},{"not_picked":["Evaluate","EmptyFist"],"picked":"Consecrate","floor":12.0},{"not_picked":["ClearTheMind","Halt"],"picked":"Consecrate","floor":13.0},{"not_picked":["Scrawl","MasterReality"],"picked":"Wish","floor":16.0},{"not_picked":["FlurryOfBlows","ReachHeaven"],"picked":"CarveReality","floor":18.0},{"not_picked":["BowlingBash","Collect"],"picked":"Protect","floor":19.0},{"not_picked":["MentalFortress","EmptyFist"],"picked":"Conclude+1","floor":20.0},{"not_picked":["Evaluate","Wireheading"],"picked":"Protect+1","floor":21.0},{"not_picked":["WheelKick+1","ThirdEye"],"picked":"Crescendo+1","floor":22.0},{"not_picked":["Worship","Vengeance"],"picked":"BattleHymn","floor":24.0},{"not_picked":["Evaluate+1","JustLucky"],"picked":"CrushJoints+1","floor":28.0},{"not_picked":["EmptyBody","Prostrate"],"picked":"Swivel","floor":31.0},{"not_picked":["Halt","Omniscience"],"picked":"EmptyBody+1","floor":31.0},{"not_picked":["Vault","MasterReality"],"picked":"Establishment","floor":33.0},{"not_picked":["SignatureMove","FlyingSleeves"],"picked":"JustLucky","floor":35.0},{"not_picked":["Consecrate","FollowUp"],"picked":"Perseverance+1","floor":35.0},{"not_picked":["Evaluate","CutThroughFate"],"picked":"FlurryOfBlows","floor":36.0},{"not_picked":["SashWhip+1","PathToVictory+1"],"picked":"FollowUp+1","floor":36.0},{"not_picked":[],"picked":"SpiritShield","floor":38.0},{"not_picked":["Mind Blast","Mayhem"],"picked":"Panache","floor":39.0},{"not_picked":["MentalFortress+1","FlyingSleeves+1"],"picked":"Wallop+1","floor":40.0},{"not_picked":["FearNoEvil","FollowUp"],"picked":"MentalFortress+1","floor":45.0},{"not_picked":["FlyingSleeves","Crescendo+1"],"picked":"Pray","floor":46.0},{"not_picked":["WindmillStrike","SashWhip+1"],"picked":"ThirdEye+1","floor":46.0},{"not_picked":["CutThroughFate+1","ThirdEye"],"picked":"FlurryOfBlows+1","floor":48.0},{"not_picked":["FlurryOfBlows","CrushJoints"],"picked":"EmptyBody+1","floor":48.0}],"player_experience":428584,"relics_obtained":[{"floor":6.0,"key":"Ancient Tea Set"},{"floor":9.0,"key":"Protect_Vest"},{"floor":10.0,"key":"Vajra"},{"floor":21.0,"key":"Red Mask"},{"floor":26.0,"key":"Prayer Wheel"},{"floor":28.0,"key":"Letter Opener"},{"floor":40.0,"key":"MawBank"},{"floor":43.0,"key":"Anchor"},{"floor":45.0,"key":"Oddly Smooth Stone"}],"event_choices":[{"damage_healed":0.0,"max_hp_gain":0.0,"max_hp_loss":0.0,"gold_gain":75.0,"event_name":"World of Goop","player_choice":"Gather Gold","floor":3.0,"gold_loss":0.0,"damage_taken":11.0},{"damage_healed":0.0,"max_hp_gain":0.0,"max_hp_loss":0.0,"gold_gain":0.0,"event_name":"Golden Wing","player_choice":"Ignored","floor":5.0,"gold_loss":0.0,"damage_taken":0.0},{"damage_healed":0.0,"max_hp_gain":0.0,"max_hp_loss":0.0,"gold_gain":0.0,"event_name":"Masked Bandits","player_choice":"Fought Bandits","floor":21.0,"gold_loss":0.0,"damage_taken":0.0},{"damage_healed":0.0,"max_hp_gain":0.0,"max_hp_loss":0.0,"gold_gain":0.0,"event_name":"ZunEvent","player_choice":"Keep O-miki","floor":29.0,"gold_loss":40.0,"damage_taken":0.0,"relics_obtained":["ZunR:ReiMu"]},{"cards_removed":["Defend_P"],"damage_healed":0.0,"max_hp_gain":0.0,"max_hp_loss":0.0,"gold_gain":0.0,"event_name":"Falling","player_choice":"Removed Skill","floor":37.0,"gold_loss":0.0,"damage_taken":0.0},{"damage_healed":0.0,"max_hp_gain":0.0,"max_hp_loss":0.0,"gold_gain":0.0,"event_name":"SensoryStone","player_choice":"Memory 1","floor":39.0,"gold_loss":0.0,"damage_taken":0.0},{"cards_removed":["Gensokyo:ImpossibleRequest"],"damage_healed":0.0,"max_hp_gain":0.0,"max_hp_loss":0.0,"gold_gain":0.0,"event_name":"Purifier","player_choice":"Purged","floor":47.0,"gold_loss":0.0,"damage_taken":0.0}],"is_beta":false,"boss_relics":[{"not_picked":["SacredBark","Pandora\u0027s Box"],"picked":"Cursed Key"},{"not_picked":["Coffee Dripper","Sozu"],"picked":"Philosopher\u0027s Stone"}],"items_purged_floors":[53],"is_endless":false,"potions_floor_spawned":[2,7,10,11,13,22,28,33,36,40],"killed_by":"Shield and Spear","ascension_level":0}}