{"host":"3a1ypf1irl30q4k8","time":1610557937,"event":{"mods":["AchievementEnabler","BaseMod","Bestiary","Colored Map","Minty Spire (QoL Compilation)","Relic Stats"],"gold_per_floor":[113,128,128,145,161,191,209,209,209,8,25,25,25,57,57,159,159,177,17,37,57,57,57,75,75,75],"floor_reached":25,"language":"ENG","playtime":1572,"items_purged":["Strike_P","Strike_P"],"score":237,"play_id":"27be0e27-ee66-417b-91fc-3a22dc4aa67f","local_time":"20210113171217","is_ascension_mode":true,"campfire_choices":[{"floor":8,"key":"REST"},{"floor":12,"key":"REST"},{"data":"BowlingBash","floor":15,"key":"SMITH"},{"floor":23,"key":"REST"}],"circlet_count":0,"master_deck":["Strike_P","Strike_P","Defend_P","Defend_P","Defend_P","Defend_P","Eruption","Vigilance","Devotion+1","Prostrate","BowlingBash+1","Prostrate","CrushJoints","Evaluate","CutThroughFate","Evaluate","Prostrate","Collect","Ragnarok","ThirdEye","Brilliance","ClearTheMind+1"],"relics":["HolyWater","InkBottle","Pantograph","Membership Card","Lantern","Art of War"],"acts_visited":["Exordium","TheCity"],"potions_floor_usage":[5,5,14,16,20,24],"damage_taken":[{"damage":0,"enemies":"Small Slimes","floor":1,"turns":2},{"damage":0,"enemies":"Cultist","floor":2,"turns":4},{"damage":3,"enemies":"2 Louse","floor":4,"turns":2},{"damage":10,"enemies":"Exordium Wildlife","floor":5,"turns":5},{"damage":56,"enemies":"Gremlin Nob","floor":6,"turns":5},{"damage":11,"enemies":"Large Slime","floor":7,"turns":4},{"damage":2,"enemies":"Looter","floor":11,"turns":4},{"damage":3,"enemies":"3 Sentries","floor":14,"turns":7},{"damage":28,"enemies":"Hexaghost","floor":16,"turns":9},{"damage":12,"enemies":"Chosen","floor":18,"turns":3},{"damage":15,"enemies":"2 Thieves","floor":20,"turns":4},{"damage":18,"enemies":"Centurion and Healer","floor":21,"turns":5},{"damage":0,"enemies":"3 Cultists","floor":24,"turns":3},{"damage":79,"enemies":"Cultist and Chosen","floor":25,"turns":5}],"seed_played":"5871345467235981409","potions_obtained":[{"floor":1,"key":"Fire Potion"},{"floor":4,"key":"Regen Potion"},{"floor":11,"key":"EssenceOfSteel"},{"floor":14,"key":"Regen Potion"},{"floor":16,"key":"PowerPotion"},{"floor":21,"key":"Block Potion"}],"is_trial":false,"path_per_floor":["M","M","?","M","M","E","M","R","T","$","M","R","?","E","R","B",null,"M","$","M","M","?","R","M","M"],"character_chosen":"WATCHER","items_purchased":["Membership Card","Evaluate","Brilliance","Art of War"],"campfire_rested":3,"item_purchase_floors":[10,10,19,19],"current_hp_per_floor":[72,72,72,69,71,15,4,25,25,25,23,44,44,41,41,53,72,60,60,45,27,51,72,72,0,0],"gold":75,"neow_bonus":"ONE_RANDOM_RARE_CARD","is_daily":false,"chose_seed":false,"campfire_upgraded":1,"win_rate":0.0,"timestamp":1610557937,"path_taken":["M","M","?","M","M","E","?","R","T","$","M","R","?","E","R","BOSS","M","$","M","M","?","R","M","M"],"items_purchased_type":["Relic","Card","Card","Relic"],"build_version":"2020-12-22","purchased_purges":2,"victory":false,"max_hp_per_floor":[72,72,72,72,72,72,72,72,72,72,72,72,72,72,72,72,72,72,72,72,72,72,72,72,72,72],"relic_stats":{"counters":[14,62],"Pantograph":25,"Art of War":[2],"obtain_stats":[{"Lantern":14,"Pantograph":9,"HolyWater":17,"Art of War":19,"Membership Card":10,"PureWater":0,"InkBottle":6},{"Lantern":8,"Pantograph":6,"HolyWater":9,"Art of War":10,"Membership Card":6,"PureWater":0,"InkBottle":5},{"Lantern":33,"Pantograph":22,"HolyWater":42,"Art of War":45,"Membership Card":22,"PureWater":0,"InkBottle":18}],"InkBottle":[20]},"card_choices":[{"not_picked":["Nirvana","WaveOfTheHand"],"picked":"Prostrate","floor":1},{"not_picked":["Indignation","Halt"],"picked":"BowlingBash","floor":2},{"not_picked":["SashWhip","Protect"],"picked":"Prostrate","floor":4},{"not_picked":["Halt","ThirdEye"],"picked":"CrushJoints","floor":5},{"not_picked":["JustLucky","EmptyMind"],"picked":"Evaluate","floor":6},{"not_picked":["ConjureBlade","SandsOfTime"],"picked":"CutThroughFate","floor":7},{"not_picked":["FlyingSleeves","Evaluate"],"picked":"Prostrate","floor":11},{"not_picked":["Evaluate","Halt"],"picked":"Collect","floor":14},{"not_picked":["Establishment","Judgement"],"picked":"Ragnarok","floor":16},{"not_picked":["FlurryOfBlows+1","CrushJoints"],"picked":"ThirdEye","floor":18},{"not_picked":["MentalFortress+1","Fasting2"],"picked":"ClearTheMind+1","floor":20},{"not_picked":["SashWhip","Perseverance","Indignation"],"picked":"SKIP","floor":21},{"not_picked":["WindmillStrike+1","EmptyFist","BowlingBash"],"picked":"SKIP","floor":24}],"player_experience":1045678,"relics_obtained":[{"floor":6,"key":"InkBottle"},{"floor":9,"key":"Pantograph"},{"floor":14,"key":"Lantern"}],"event_choices":[{"damage_healed":0,"gold_gain":0,"player_choice":"Ignored","damage_taken":0,"max_hp_gain":0,"max_hp_loss":0,"event_name":"NoteForYourself","floor":3,"gold_loss":0},{"damage_healed":0,"gold_gain":0,"player_choice":"Grow","damage_taken":0,"max_hp_gain":0,"max_hp_loss":0,"event_name":"Living Wall","floor":13,"gold_loss":0,"cards_upgraded":["Devotion"]},{"damage_healed":24,"gold_gain":0,"player_choice":"Heal","damage_taken":0,"max_hp_gain":0,"max_hp_loss":0,"event_name":"The Library","floor":22,"gold_loss":0}],"is_beta":false,"boss_relics":[{"not_picked":["SlaversCollar","Pandora\u0027s Box"],"picked":"HolyWater"}],"items_purged_floors":[10,19],"is_endless":false,"potions_floor_spawned":[1,4,11,14,16,21],"killed_by":"Cultist and Chosen","ascension_level":2}}