{"host":"5padt50u07xd1iby","time":1610550814,"event":{"mods":["AchievementEnabler","Aspiration","BaseMod","Colored Map","Colored Powertips","Conspire","Dark Map","Downfall","Hubris","Minty Spire (QoL Compilation)","Replay The Spire","Retaliation","Shop Mod","StSLib","SuperFastMode","The Blue Laboratory","everything is the same but u backflip on backflip"],"gold_per_floor":[363,382,382,397,417,442,461,480,562,590,602,602,602,42,42,56,331,431,431,443,718,730,730,479,479,510,528,528,528,543,574,574,584,584,682,682,697,697,697,711,722,747,760,793,793,793,806,841,841,852,852,852],"floor_reached":53,"language":"ENG","playtime":5069,"items_purged":["Eruption","Regret"],"score":828,"play_id":"ff779f92-5945-4152-92b4-d01a773f73ff","local_time":"20210113161334","is_ascension_mode":false,"campfire_choices":[{"floor":15,"key":"REST"},{"floor":25,"key":"REST"},{"data":"expansioncontent:QuickStudy","floor":34,"key":"SMITH"},{"floor":49,"key":"REST"},{"floor":51,"key":"DIG"}],"circlet_count":0,"master_deck":["Defend_R","Defend_R","ReplayTheSpireMod:Stacked","Impatience","Immolate","Impervious","Shrug It Off","Impervious","Pommel Strike","expansioncontent:QuickStudy+1","conspire:Purge","Infernal Blade+1","Bite","Bite","Bite","Bite","Cleave+1","Distraction","Neutralize","Inflame+1","Pot Of Greed","Demon Form","DDmod:MulticlassingSkill","hubris:SharpeningStone+1","Infernal Blade+1","Replay:Undeath\u0027s Touch","Blood for Blood+1","Searing Blow+1","Metallicize+1","Whirlwind+1","DDmod:SpikedSkill+1"],"relics":["Burning Blood","Grinning Jar","Matryoshka","Lantern","Toolbox","hubris:ChampionShield","Runic Pyramid","Boot","Smiling Mask","aspiration:HiddenCompartment","Charon\u0027s Ashes","aspiration:Lifesprig","Black Star","Durian","Replay:Baseball","ReplayTheSpireMod:Shallot","PreservedInsect","Sundial","ReplayTheSpireMod:Lightbulb","hubris:Metronome","Red Skull","Incense Burner","conspire:TopHat"],"acts_visited":["Exordium","TheCity","TheBeyond"],"potions_floor_usage":[18,18,27,44,48],"damage_taken":[{"damage":7,"enemies":"Small Slimes","floor":1,"turns":3},{"damage":0,"enemies":"Cultist","floor":2,"turns":2},{"damage":0,"enemies":"2 Louse","floor":4,"turns":2},{"damage":17,"enemies":"Gremlin Gang","floor":5,"turns":4},{"damage":52,"enemies":"Gremlin Nob","floor":6,"turns":6},{"damage":0,"enemies":"2 Fungi Beasts","floor":7,"turns":3},{"damage":0,"enemies":"3 Louse","floor":8,"turns":1},{"damage":14,"enemies":"3 Sentries","floor":10,"turns":8},{"damage":4,"enemies":"Looter","floor":11,"turns":4},{"damage":0,"enemies":"2 Fungi Beasts","floor":16,"turns":2},{"damage":22,"enemies":"The Guardian","floor":18,"turns":11},{"damage":29,"enemies":"Chosen","floor":20,"turns":8},{"damage":30,"enemies":"2 Thieves","floor":22,"turns":4},{"damage":59,"enemies":"Slavers","floor":26,"turns":11},{"damage":17,"enemies":"Sentry and Sphere","floor":27,"turns":6},{"damage":0,"enemies":"Snecko","floor":30,"turns":2},{"damage":10,"enemies":"Gremlin Leader","floor":31,"turns":5},{"damage":0,"enemies":"Centurion and Healer","floor":33,"turns":7},{"damage":45,"enemies":"hubris:MusketHawk","floor":35,"turns":10},{"damage":26,"enemies":"Orb Walker","floor":37,"turns":4},{"damage":7,"enemies":"3 Darklings","floor":40,"turns":3},{"damage":25,"enemies":"Writhing Mass","floor":41,"turns":8},{"damage":18,"enemies":"R_Hoarder","floor":42,"turns":10},{"damage":35,"enemies":"Spire Growth","floor":43,"turns":6},{"damage":25,"enemies":"Reptomancer","floor":44,"turns":7},{"damage":3,"enemies":"4 Shapes","floor":47,"turns":2},{"damage":23,"enemies":"R_Hoarder","floor":48,"turns":7},{"damage":0,"enemies":"Maw","floor":50,"turns":10},{"damage":30,"enemies":"hubris:GrandSnecko","floor":52,"turns":9}],"seed_played":"645242490401350541","potions_obtained":[{"floor":4,"key":"Dexterity Potion"},{"floor":7,"key":"SkillPotion"},{"floor":8,"key":"GamblersBrew"},{"floor":10,"key":"DDmod:CleansePotion"},{"floor":11,"key":"EssenceOfSteel"},{"floor":20,"key":"blueLaboratory:CorrosionFlask"},{"floor":27,"key":"SneckoOil"},{"floor":33,"key":"Energy Potion"},{"floor":35,"key":"blueLaboratory:BottledHope"},{"floor":42,"key":"blueLaboratory:LouseDecoction"},{"floor":50,"key":"Swift Potion"}],"is_trial":false,"path_per_floor":["M","M","?","M","M","E","M","M","T","E","M","PTL","PTL","$","R","M","R_BF","B",null,"M","?","M","?","$","R","E","M","T","?","M","E","?","M","R","B",null,"M","?","?","M","M","E","M","E","T","?","M","E","R","M","R_BF","B",null],"character_chosen":"IRONCLAD","items_purchased":["Toolbox","hubris:ChampionShield","expansioncontent:QuickStudy","Boot"],"campfire_rested":3,"item_purchase_floors":[14,14,14,24],"current_hp_per_floor":[79,80,80,80,69,23,29,35,35,27,29,29,29,29,53,59,59,43,80,57,57,33,59,59,80,27,16,16,16,26,30,30,46,46,27,56,38,38,38,39,26,58,38,27,27,27,30,21,38,52,52,30],"gold":852,"neow_bonus":"TWO_FIFTY_GOLD","is_daily":false,"chose_seed":false,"campfire_upgraded":1,"win_rate":0.0,"timestamp":1610550814,"path_taken":["M","M","?","M","M","E","M","M","T","E","M","PTL","PTL","$","R","M","R_BF","BOSS","M","?","?","?","$","R","E","M","T","?","M","E","?","M","R","BOSS","M","?","?","M","M","E","M","E","T","?","?","E","R","M","R_BF","BOSS"],"items_purchased_type":["Relic","Relic","Card","Relic"],"build_version":"2020-12-22","purchased_purges":2,"victory":true,"max_hp_per_floor":[80,80,80,80,80,80,80,80,80,80,80,80,80,80,80,80,80,80,80,80,80,80,80,80,80,80,80,80,56,56,56,56,56,56,56,56,56,56,56,56,56,61,61,61,61,61,61,58,58,58,58,58],"card_choices":[{"not_picked":["conspire:ExplosiveBarrier","Sword Boomerang"],"picked":"Clash","floor":1},{"not_picked":["DDmod:RapidStrikeAttack","Replay:Undeath\u0027s Touch"],"picked":"ReplayTheSpireMod:Stacked","floor":2},{"not_picked":["DDmod:SpikeMailSkill","Flex"],"picked":"Impervious","floor":4},{"not_picked":["DDmod:PokeAttack","Life Link"],"picked":"Shrug It Off","floor":5},{"not_picked":["Replay:Undeath\u0027s Touch","Heavy Blade"],"picked":"Clash","floor":6},{"not_picked":["Headbutt","DDmod:SpikeMailSkill","Dropkick"],"picked":"SKIP","floor":7},{"not_picked":["Heavy Blade","Second Wind","DDmod:PokeAttack"],"picked":"SKIP","floor":8},{"not_picked":["Life Link","Headbutt"],"picked":"Impervious","floor":10},{"not_picked":["DDmod:ScaleUpSkill","ReplayTheSpireMod:Strike From Hell"],"picked":"Pommel Strike","floor":11},{"not_picked":["ReplayTheSpireMod:Strike From Hell","DDmod:SpikeInjectionSkill","Dual Wield"],"picked":"SKIP","floor":16},{"not_picked":["Hemogenesis","Reaper"],"picked":"conspire:Purge","floor":18},{"not_picked":["Sword Boomerang","Wild Strike+1","Disarm"],"picked":"SKIP","floor":20},{"not_picked":["Cleave","DDmod:CallousedSkill","Wild Strike"],"picked":"SKIP","floor":22},{"not_picked":["ReplayTheSpireMod:Corrosion Curse","Searing Blow","Warcry"],"picked":"SKIP","floor":26},{"not_picked":["Shrug It Off+1","Life Link"],"picked":"Infernal Blade+1","floor":27},{"not_picked":["Pommel Strike","True Grit"],"picked":"Cleave+1","floor":30},{"not_picked":["ReplayTheSpireMod:Stacked","Headbutt","ReplayReversal"],"picked":"SKIP","floor":31},{"not_picked":["Impervious","Headbutt"],"picked":"Inflame+1","floor":33},{"not_picked":["Impervious","conspire:HitWhereItHurts"],"picked":"Demon Form","floor":35},{"not_picked":["DDmod:UnstoppableAttack+1","Dual Wield+1","Body Slam"],"picked":"SKIP","floor":37},{"not_picked":["Survey Options","Secret Weapon"],"picked":"DDmod:MulticlassingSkill","floor":39},{"not_picked":["Armaments","Clothesline+1"],"picked":"hubris:SharpeningStone+1","floor":40},{"not_picked":["Armaments","Flex"],"picked":"Infernal Blade+1","floor":41},{"not_picked":["Battle Trance","Clothesline"],"picked":"Replay:Undeath\u0027s Touch","floor":42},{"not_picked":["Combust+1","Wild Strike+1"],"picked":"Blood for Blood+1","floor":43},{"not_picked":["Thunderclap+1","Bludgeon"],"picked":"Searing Blow+1","floor":44},{"not_picked":["Intimidate","Rupture"],"picked":"Metallicize+1","floor":47},{"not_picked":["Seeing Red","Battle Trance+1"],"picked":"Whirlwind+1","floor":48},{"not_picked":["Twin Strike","Second Wind"],"picked":"DDmod:SpikedSkill+1","floor":50}],"player_experience":78555,"relics_obtained":[{"floor":6,"key":"Grinning Jar"},{"floor":9,"key":"Matryoshka"},{"floor":10,"key":"Lantern"},{"floor":26,"key":"Smiling Mask"},{"floor":28,"key":"aspiration:HiddenCompartment"},{"floor":28,"key":"Charon\u0027s Ashes"},{"floor":31,"key":"aspiration:Lifesprig"},{"floor":42,"key":"Durian"},{"floor":42,"key":"Replay:Baseball"},{"floor":44,"key":"ReplayTheSpireMod:Shallot"},{"floor":44,"key":"PreservedInsect"},{"floor":45,"key":"Sundial"},{"floor":45,"key":"ReplayTheSpireMod:Lightbulb"},{"floor":48,"key":"Red Skull"},{"floor":48,"key":"Incense Burner"},{"floor":51,"key":"conspire:TopHat"}],"event_choices":[{"damage_healed":0,"gold_gain":0,"player_choice":"2 cards matched","damage_taken":0,"max_hp_gain":0,"max_hp_loss":0,"event_name":"Match and Keep!","floor":3,"gold_loss":0,"cards_obtained":["Impatience","Immolate"]},{"damage_healed":0,"gold_gain":0,"player_choice":"2 cards matched","damage_taken":0,"max_hp_gain":0,"max_hp_loss":0,"event_name":"Match and Keep!","floor":3,"gold_loss":0,"cards_obtained":["Impatience","Immolate"]},{"damage_healed":0,"gold_gain":275,"player_choice":"Desecrate","damage_taken":0,"max_hp_gain":0,"max_hp_loss":0,"event_name":"Golden Shrine","floor":17,"gold_loss":0,"cards_obtained":["Regret"]},{"damage_healed":0,"gold_gain":275,"player_choice":"Desecrate","damage_taken":0,"max_hp_gain":0,"max_hp_loss":0,"event_name":"Golden Shrine","floor":21,"gold_loss":0,"cards_obtained":["Regret"]},{"damage_healed":26,"gold_gain":0,"player_choice":"Heal","damage_taken":0,"max_hp_gain":0,"max_hp_loss":0,"event_name":"The Library","floor":23,"gold_loss":0},{"damage_healed":0,"gold_gain":0,"player_choice":"Became a vampire","damage_taken":0,"max_hp_gain":0,"max_hp_loss":24,"event_name":"Vampires","floor":29,"gold_loss":0,"cards_obtained":["Bite","Bite","Bite","Bite","Bite"]},{"cards_removed":["Bite"],"damage_healed":0,"gold_gain":0,"player_choice":"Removed Attack","damage_taken":0,"max_hp_gain":0,"max_hp_loss":0,"event_name":"Falling","floor":38,"gold_loss":0},{"damage_healed":0,"gold_gain":0,"player_choice":"Memory 1","damage_taken":0,"max_hp_gain":0,"max_hp_loss":0,"event_name":"SensoryStone","floor":39,"gold_loss":0},{"cards_removed":["Pot Of Greed"],"damage_healed":0,"gold_gain":0,"player_choice":"Gave Card","damage_taken":0,"relics_obtained":["hubris:Metronome"],"max_hp_gain":0,"max_hp_loss":0,"event_name":"WeMeetAgain","floor":46,"gold_loss":0}],"is_beta":false,"boss_relics":[{"not_picked":["aspiration:PoetsPen_weak","SacredBark"],"picked":"Runic Pyramid"},{"not_picked":["hubris:TerracottaHorce","aspiration:RunicSpoon"],"picked":"Black Star"}],"items_purged_floors":[14,24],"is_endless":false,"potions_floor_spawned":[4,7,8,10,11,20,27,33,35,40,42,43,50],"ascension_level":0}}