{"host":"ockkdcgl3b18tfz9","time":1610526740,"event":{"mods":["2.2 Compatiblity","BaseMod","Better Skull","Better Third Choice","BetterRewards","Hermit","Minty Spire (QoL Compilation)","Quick Restart","Replay The Spire","Spicy Shops","StSLib","SuperFastMode","The Jungle"],"gold_per_floor":[204,114,114,128,303,313,313,338,350,374,386,386,420,420,420,420,420,523,523,535,535,325,325,12,46,46,46],"floor_reached":25,"language":"ENG","playtime":674,"items_purged":["Pain"],"score":392,"play_id":"3a4741f0-14ec-4ce2-b271-65e9cb25da6a","local_time":"20210113153220","is_ascension_mode":true,"campfire_choices":[{"floor":6.0,"key":"REST"},{"floor":11,"key":"REST"},{"floor":13,"key":"REST"},{"floor":15,"key":"REST"},{"data":"hermit:FlashPowder","floor":16,"key":"SMITH"}],"circlet_count":0,"master_deck":["hermit:Strike_Hermit","hermit:Strike_Hermit","hermit:Strike_Hermit","hermit:Defend_Hermit","hermit:Defend_Hermit","hermit:Defend_Hermit+1","hermit:Defend_Hermit","hermit:Snapshot","hermit:Covet","hermit:Coalescence","hermit:Roulette+1","hermit:Ricochet","hermit:Snipe","hermit:Combo","Doubt","hermit:LuckOfTheDraw","hermit:HoleUp","hermit:Vantage","hermit:FlashPowder+1","hermit:Deadeye","hermit:BlackWind","hermit:Quickdraw","hermit:Snipe"],"relics":["hermit:Momento","Replay:Wax Seal","MealTicket","Oddly Smooth Stone","Vajra","Dream Catcher","Nilry\u0027s Codex","Membership Card","Tiny Chest","TungstenRod","Replay:Accelerometer","hermit:Spyglass","Garlic","Pet Ghost"],"acts_visited":["Exordium","TheCity"],"potions_floor_usage":[24],"damage_taken":[{"damage":3.0,"enemies":"2 Louse","floor":1.0,"turns":3.0},{"damage":1.0,"enemies":"Cultist","floor":3.0,"turns":3.0},{"damage":9.0,"enemies":"Jaw Worm","floor":5.0,"turns":4.0},{"damage":25.0,"enemies":"3 Sentries","floor":7.0,"turns":7.0},{"damage":0.0,"enemies":"Large Slime","floor":8.0,"turns":2.0},{"damage":1,"enemies":"2 Fungi Beasts","floor":10,"turns":5},{"damage":46,"enemies":"Gremlin Nob","floor":12,"turns":5},{"damage":57,"enemies":"Fading Forest","floor":17,"turns":11},{"damage":30,"enemies":"2 Thieves","floor":19,"turns":5},{"damage":35,"enemies":"Book of Stabbing","floor":24,"turns":6},{"damage":26,"enemies":"3 Byrds","floor":25,"turns":5}],"seed_played":"6570911788652881979","potions_obtained":[{"floor":1.0,"key":"AttackPotion"},{"floor":5.0,"key":"AttackPotion"},{"floor":17,"key":"BlessingOfTheForge"},{"floor":24,"key":"DuplicationPotion"}],"is_trial":false,"path_per_floor":["M","?","M","?","M","R","E","M","T","M","R","E","R","?","R","R","B",null,"M","?","$","?","$","E","M"],"character_chosen":"HERMIT","items_purchased":["Replay:Wax Seal","MealTicket","hermit:Coalescence","hermit:Roulette","hermit:Ricochet","Membership Card","Tiny Chest","TungstenRod","Replay:Accelerometer","hermit:Spyglass","Garlic"],"campfire_rested":4,"item_purchase_floors":[0,0,0,0,0,21,21,23,23,23,23],"current_hp_per_floor":[11,62,62,61,61,52,74,49,49,49,48,70,24,46,31,53,53,4,75,45,29,44,44,59,24,0,0],"gold":46,"neow_bonus":"","is_daily":false,"chose_seed":false,"campfire_upgraded":1,"win_rate":0.0,"timestamp":1610526740,"path_taken":["M","?","?","?","M","R","E","M","T","M","R","E","R","?","R","R","BOSS","M","?","$","?","?","E","?"],"items_purchased_type":["Relic","Relic","Card","Card","Card","Relic","Relic","Relic","Relic","Relic","Relic"],"build_version":"2020-12-22","purchased_purges":1,"victory":false,"max_hp_per_floor":[75,75,75,75,75,75,75,75,75,75,75,75,75,75,75,75,75,75,75,75,75,75,75,75,75,75,75],"card_choices":[{"not_picked":["hermit:Manifest","hermit:Ricochet"],"picked":"hermit:Snipe","floor":1.0},{"not_picked":["hermit:Brawl","hermit:Glare"],"picked":"hermit:Combo","floor":3.0},{"not_picked":["hermit:EyeOfTheStorm","hermit:Reprieve"],"picked":"hermit:LuckOfTheDraw","floor":5.0},{"not_picked":["hermit:Snipe","hermit:Misfire"],"picked":"hermit:HoleUp","floor":7.0},{"not_picked":["hermit:LowProfile","hermit:Midnight"],"picked":"hermit:Vantage","floor":8.0},{"not_picked":["hermit:Glare","hermit:Cheat","hermit:Headshot"],"picked":"SKIP","floor":10},{"not_picked":["hermit:Brawl","hermit:Headshot","hermit:LowProfile"],"picked":"SKIP","floor":12},{"not_picked":["hermit:Ricochet","hermit:TrackingShot"],"picked":"hermit:FlashPowder","floor":13},{"not_picked":["hermit:Misfire","hermit:Manifest"],"picked":"hermit:Deadeye","floor":15},{"not_picked":["hermit:HeroicBravado","hermit:Dissolve"],"picked":"hermit:BlackWind","floor":17},{"not_picked":["hermit:Roulette","hermit:Snipe"],"picked":"hermit:Quickdraw","floor":19},{"not_picked":["hermit:Headshot","hermit:BodyArmor"],"picked":"hermit:Snipe","floor":24}],"player_experience":269519,"relics_obtained":[{"floor":7.0,"key":"Oddly Smooth Stone"},{"floor":9.0,"key":"Vajra"},{"floor":12,"key":"Dream Catcher"},{"floor":20,"key":"Nilry\u0027s Codex"},{"floor":24,"key":"Pet Ghost"}],"event_choices":[{"cards_removed":["hermit:Strike_Hermit"],"damage_healed":0.0,"max_hp_gain":0.0,"max_hp_loss":0.0,"gold_gain":0.0,"event_name":"Purifier","player_choice":"Purged","floor":2.0,"gold_loss":0.0,"damage_taken":0.0},{"damage_healed":0.0,"max_hp_gain":0.0,"max_hp_loss":0.0,"gold_gain":175.0,"event_name":"betterThird:BetterSerpent","player_choice":"AGREE","floor":4.0,"gold_loss":0.0,"damage_taken":128.0},{"damage_healed":46,"gold_gain":0,"player_choice":"Upgrade","damage_taken":15,"max_hp_gain":0,"max_hp_loss":75,"event_name":"betterThird:BetterShining","floor":14,"gold_loss":1,"cards_upgraded":["hermit:Roulette","hermit:Defend_Hermit"]},{"damage_healed":0,"gold_gain":0,"player_choice":"Obtained Book","damage_taken":16,"max_hp_gain":0,"max_hp_loss":0,"event_name":"Cursed Tome","floor":20,"gold_loss":0},{"damage_healed":0,"gold_gain":0,"player_choice":"Ignored","damage_taken":0,"max_hp_gain":0,"max_hp_loss":0,"event_name":"Ghosts","floor":22,"gold_loss":0}],"is_beta":false,"boss_relics":[{"not_picked":["Velvet Choker","Fusion Hammer","Runic Pyramid"]}],"items_purged_floors":[21],"is_endless":false,"potions_floor_spawned":[1,5,17,24],"killed_by":"3 Byrds","ascension_level":4}}