{"host":"qtghpvxzmfg9vxeq","time":1610507458,"event":{"mods":["BaseMod","BetterRewards","Hermit","Marisa（霧雨　魔理沙）","Minty Spire (QoL Compilation)","Rare Cards Sparkle","Robot Space Explorer","StSLib","The Animator","The Construct","The Cursed","The Dragon Tamer","The Marked","The Necromancer","The Servant 0.9.4"],"gold_per_floor":[115,132,144,144,162,190,190,220,243,243,243,261,272,289,289,289,289],"floor_reached":16,"language":"ENG","playtime":1951,"items_purged":[],"score":164,"play_id":"335c27b5-fb39-4aa9-90b3-1a40c116aa88","local_time":"20210112221058","is_ascension_mode":false,"campfire_choices":[{"floor":7,"key":"REST"},{"floor":11,"key":"REST"},{"floor":15,"key":"REST"}],"circlet_count":0,"master_deck":["hermit:Strike_Hermit","hermit:Strike_Hermit","hermit:Strike_Hermit","hermit:Strike_Hermit","hermit:Defend_Hermit","hermit:Defend_Hermit","hermit:Defend_Hermit","hermit:Defend_Hermit+1","hermit:Snapshot","hermit:Covet","hermit:TakeCover","hermit:ItchyTrigger","hermit:CalledShot","hermit:Feint+1","Regret","hermit:HighCaliber","hermit:RoundhouseKick","hermit:Combo","Iron Wave","hermit:BigShot","hermit:LowProfile","hermit:Snipe","hermit:Enervate","hermit:HighCaliber"],"relics":["hermit:Momento","Bag of Preparation","CaptainsWheel","War Paint","Dream Catcher","Bag of Marbles"],"acts_visited":["Exordium"],"potions_floor_usage":[8,8],"damage_taken":[{"damage":2,"enemies":"Jaw Worm","floor":1,"turns":5},{"damage":0,"enemies":"2 Louse","floor":2,"turns":3},{"damage":1,"enemies":"Cultist","floor":3,"turns":3},{"damage":2,"enemies":"3 Louse","floor":5,"turns":5},{"damage":26,"enemies":"Lagavulin","floor":6,"turns":7},{"damage":7,"enemies":"Gremlin Nob","floor":8,"turns":4},{"damage":23,"enemies":"Large Slime","floor":12,"turns":9},{"damage":15,"enemies":"Gremlin Gang","floor":13,"turns":4},{"damage":2,"enemies":"Blue Slaver","floor":14,"turns":5},{"damage":59,"enemies":"The Guardian","floor":16,"turns":13}],"seed_played":"-7868793502453081931","potions_obtained":[{"floor":3,"key":"DuplicationPotion"},{"floor":6,"key":"Weak Potion"},{"floor":13,"key":"AttackPotion"}],"is_trial":false,"path_per_floor":["M","M","M","?","M","E","R","E","T","?","R","M","M","M","R","B"],"character_chosen":"HERMIT","items_purchased":["hermit:TakeCover","Bag of Preparation","hermit:Feint"],"campfire_rested":3,"item_purchase_floors":[0,0,0],"current_hp_per_floor":[65,65,64,64,62,36,58,51,51,51,73,50,35,33,55,0,0],"gold":289,"neow_bonus":"","is_daily":false,"chose_seed":false,"campfire_upgraded":0,"win_rate":0.0,"timestamp":1610507458,"path_taken":["M","M","M","?","M","E","R","E","T","?","R","M","M","?","R","BOSS"],"items_purchased_type":["Card","Relic","Card"],"build_version":"2020-12-22","purchased_purges":0,"victory":false,"max_hp_per_floor":[75,75,75,75,75,75,75,75,75,75,75,75,75,75,75,75,75],"card_choices":[{"not_picked":["hermit:Deadeye","hermit:BodyArmor"],"picked":"hermit:ItchyTrigger","floor":1},{"not_picked":["hermit:FullyLoaded","hermit:Headshot"],"picked":"hermit:CalledShot","floor":2},{"not_picked":["hermit:Malice","hermit:HoleUp"],"picked":"hermit:Feint","floor":3},{"not_picked":["hermit:Gestalt","hermit:Misfire"],"picked":"hermit:HighCaliber","floor":5},{"not_picked":["hermit:HighCaliber","hermit:SprayPray"],"picked":"hermit:RoundhouseKick","floor":6},{"not_picked":["hermit:Snipe","hermit:Misfire"],"picked":"hermit:Combo","floor":8},{"not_picked":["hermit:PistolWhip","hermit:Misfire"],"picked":"hermit:BigShot","floor":11},{"not_picked":["hermit:Spite","hermit:BodyArmor"],"picked":"hermit:LowProfile","floor":12},{"not_picked":["hermit:Roulette","hermit:Ricochet"],"picked":"hermit:Snipe","floor":13},{"not_picked":["hermit:BodyArmor","hermit:Shortfuse"],"picked":"hermit:Enervate","floor":14},{"not_picked":["hermit:Roulette","hermit:Desperado"],"picked":"hermit:HighCaliber","floor":15}],"player_experience":59657,"relics_obtained":[{"floor":6,"key":"War Paint"},{"floor":8,"key":"Dream Catcher"},{"floor":9,"key":"Bag of Marbles"}],"event_choices":[{"damage_healed":0,"gold_gain":0,"player_choice":"Box","damage_taken":0,"relics_obtained":["CaptainsWheel"],"max_hp_gain":0,"max_hp_loss":0,"event_name":"Big Fish","floor":4,"gold_loss":0,"cards_obtained":["Regret"]},{"cards_removed":["hermit:Feint"],"damage_healed":0,"gold_gain":0,"player_choice":"Took Card","damage_taken":0,"max_hp_gain":0,"max_hp_loss":0,"event_name":"NoteForYourself","floor":10,"gold_loss":0,"cards_obtained":["Iron Wave"]}],"is_beta":false,"boss_relics":[],"items_purged_floors":[],"is_endless":false,"potions_floor_spawned":[3,6,13],"killed_by":"The Guardian","ascension_level":0}}