{"host":"l84l8xigz5v5foa2","time":1610550467,"event":{"mods":["2.2 Compatiblity","AchievementEnabler","BaseMod","Better Note","Better Vampires","Card Filter","Colored Map","DeckTracker","Downfall","Gremlin Skip","Highlight Path","Keyboard Shortcuts","Minty Spire (QoL Compilation)","Permanent Neow","Quick Restart","Relic Filter","Relic Stats","StSLib","SuperFastMode","Transform Curses","Unknown Chances"],"gold_per_floor":[349,367,387,153,166,166,192,209,227,227,327,327,327,355,373,373,373,373],"floor_reached":16,"language":"ENG","playtime":741,"items_purged":["hexamod:Defend"],"score":204,"play_id":"7bc77b8c-2094-4ed1-a7aa-bea2b6147651","local_time":"20210114000747","is_ascension_mode":true,"campfire_choices":[{"data":"hexamod:Float","floor":1.0,"key":"SMITH"},{"data":"hexamod:CatchUp","floor":6.0,"key":"SMITH"},{"data":"hexamod:RainOfEmbers","floor":13.0,"key":"SMITH"}],"circlet_count":0,"master_deck":["AscendersBane","hexamod:Strike","hexamod:Strike","hexamod:Defend","hexamod:Defend","hexamod:Defend","hexamod:Sear","hexamod:Float+1","hexamod:CatchUp+1","hexamod:NecessarySacrifice+1","hexamod:NightmareGuise","hexamod:FirstSeal","hexamod:RainOfEmbers+1","hexamod:HauntingEcho","hexamod:FourthSeal","hexamod:UnleashSpirits","hexamod:SpectersWail","hexamod:GhostShield","hexamod:Rewind"],"relics":["hexamod:SpiritBrand","PreservedInsect","downfall:ShatteredFragment","Ice Cream"],"acts_visited":["Exordium"],"potions_floor_usage":[16,16],"damage_taken":[{"damage":0.0,"enemies":"Small Slimes","floor":2.0,"turns":3.0},{"damage":4.0,"enemies":"2 Louse","floor":3.0,"turns":4.0},{"damage":0.0,"enemies":"downfall:FleeingMerchant","floor":4.0,"turns":4.0},{"damage":1.0,"enemies":"Jaw Worm","floor":5.0,"turns":3.0},{"damage":0.0,"enemies":"Large Slime","floor":8.0,"turns":5.0},{"damage":0.0,"enemies":"Exordium Thugs","floor":9.0,"turns":5.0},{"damage":13.0,"enemies":"downfall:Heads","floor":11.0,"turns":5.0},{"damage":19.0,"enemies":"3 Sentries","floor":14.0,"turns":5.0},{"damage":0.0,"enemies":"2 Fungi Beasts","floor":15.0,"turns":3.0},{"damage":12,"enemies":"downfall:Ironclad","floor":16,"turns":3}],"seed_played":"8145149848715564064","potions_obtained":[{"floor":5.0,"key":"SkillPotion"},{"floor":8.0,"key":"SteroidPotion"},{"floor":9.0,"key":"LiquidBronze"},{"floor":11.0,"key":"SmokeBomb"},{"floor":14.0,"key":"Ancient Potion"},{"floor":15.0,"key":"GamblersBrew"}],"is_trial":false,"path_per_floor":["R","M","M","$","M","R","T","M","M","?","?","?","R","E","M","B"],"character_chosen":"THE_SPIRIT","items_purchased":["hexamod:FirstSeal","hexamod:RainOfEmbers"],"campfire_rested":0,"item_purchase_floors":[4,4],"current_hp_per_floor":[57,57,53,53,57,57,57,57,57,36,23,23,23,11,11,0,0,0],"gold":373,"neow_bonus":"TWO_FIFTY_GOLD","is_daily":false,"chose_seed":false,"campfire_upgraded":3,"win_rate":0.0,"timestamp":1610550467,"path_taken":["R","M","M","$","M","R","T","M","M","?","?","?","R","E","M","BOSS"],"items_purchased_type":["Card","Card"],"build_version":"2020-12-22","purchased_purges":1,"victory":false,"max_hp_per_floor":[57,57,57,57,57,57,57,57,57,57,57,57,57,57,57,57,57,57],"relic_stats":{"counters":[10,40],"PreservedInsect":79,"obtain_stats":[{"Ice Cream":14,"downfall:ShatteredFragment":10,"PreservedInsect":7,"hexamod:SpiritBrand":0},{"Ice Cream":8,"downfall:ShatteredFragment":6,"PreservedInsect":4,"hexamod:SpiritBrand":0},{"Ice Cream":34,"downfall:ShatteredFragment":24,"PreservedInsect":14,"hexamod:SpiritBrand":0}]},"card_choices":[{"not_picked":["hexamod:ThermalTransfer","hexamod:Hexaguard"],"picked":"hexamod:CatchUp","floor":2.0},{"not_picked":["hexamod:SwordOfDarkness","hexamod:RetreatToShadows"],"picked":"hexamod:NecessarySacrifice","floor":3.0},{"not_picked":["hexamod:AdvancingGuard","hexamod:HeatShield"],"picked":"hexamod:NightmareGuise","floor":4.0},{"not_picked":["hexamod:Again","hexamod:GhostOfSpireFuture","hexamod:RainOfEmbers"],"picked":"SKIP","floor":5.0},{"not_picked":["hexamod:SwordOfDarkness","hexamod:HeatShield"],"picked":"hexamod:HauntingEcho","floor":8.0},{"not_picked":["hexamod:RetreatToShadows","hexamod:BacktrackSmack"],"picked":"hexamod:FourthSeal","floor":9.0},{"not_picked":["hexamod:HauntingEcho","hexamod:Firestarter"],"picked":"hexamod:SpectersWail","floor":11.0},{"not_picked":["hexamod:ApocalypticArmor","hexamod:ShieldOfDarkness"],"picked":"hexamod:GhostShield","floor":14.0},{"not_picked":["hexamod:Firestarter","hexamod:Hexaguard"],"picked":"hexamod:Rewind","floor":15.0}],"player_experience":3164984,"relics_obtained":[{"floor":7.0,"key":"PreservedInsect"},{"floor":14.0,"key":"Ice Cream"}],"event_choices":[],"is_beta":false,"boss_relics":[],"items_purged_floors":[4],"is_endless":false,"potions_floor_spawned":[5,8,9],"killed_by":"downfall:Ironclad","ascension_level":20}}