{"host":"z9grmtg2w0nmz8n1","time":1610530929,"event":{"mods":["Aspiration","Bard","BaseMod","Beaked The Cultist","Better Altar","Better Match","Better Note","Better Sensory Stone","Better Skull","Better Third Choice","BetterRewards","CCEM","Colored Map","Conspire","Downfall","GifTheSpireLib","Googly Eyes","Halation","Hermit","Highlight Path","Hubris","Hunter ??","Jedi Mod","Jorbs\u0027s Wanderer Trilogy","Mad Scientist","Marisa????????","Minty Spire (QoL Compilation)","Permanent Neow","Replay The Spire","Shade Mod","Shop Mod","Spicy Shops","StSLib","Stuff the Spire","The Bug Knight","The Construct","The Necromancer","The Runesmith","The Witch"],"gold_per_floor":[109,109,109,125,144,144,178,197,197,197,217,249,74,28,28,129,129,144,19,19,32,32,32,63,73,73,73,73,73,104,104,166,270,270,287,287,305,41,51,176,176,207,232,266,146,157,203,28,28,28,28],"floor_reached":50,"language":"ENG","playtime":3120,"items_purged":["Runesmith:Strike_RS","Runesmith:Strike_RS","Runesmith:Strike_RS","Runesmith:Strike_RS","Runesmith:Defend_RS"],"score":708,"play_id":"583ff76b-4a70-41a7-9f61-b0b0ae722939","local_time":"20210113074209","is_ascension_mode":true,"campfire_choices":[{"floor":6,"key":"RECALL"},{"data":"Runesmith:CraftFirestone","floor":10,"key":"SMITH"},{"floor":15,"key":"REST"},{"data":"Runesmith:LithiumIon","floor":23,"key":"SMITH"},{"data":"Runesmith:Fortify","floor":27,"key":"SMITH"},{"data":"Runesmith:LithiumIon","floor":41,"key":"SMITH"},{"floor":49,"key":"REST"}],"circlet_count":0,"master_deck":["Runesmith:Defend_RS","Runesmith:Defend_RS","Runesmith:Defend_RS","Runesmith:CraftFirestone+1","Runesmith:Fortify+1","Runesmith:RuneHurl","Runesmith:ChiselStab","Runesmith:HeatedChisel","Runesmith:HeatedChisel","Runesmith:CraftIncendium","Runesmith:Grindstone","Runesmith:EarthShield","Runesmith:LithiumIon+1","StuffTheSpire:CelestialWarden","Runesmith:FissionHammer","Runesmith:LithiumIon+1","Runesmith:Firewall+1","Runesmith:CraftMagma","Runesmith:PoweredAnvil+1","Runesmith:CraftMagma"],"relics":["Runesmith:BrokenRuby","NeowsBlessing","hubris:Icosahedron","Mummified Hand","hubris:PeanutButter","Runic Pyramid","StuffTheSpire:RubySignet","Replay:Baseball","Ancient Tea Set","Replay:Accelerometer","Runesmith:AutoHammer","aspiration:PoetsPen_weak","halation:PinkSoulGem","StuffTheSpire:Gunfinga","Replay:Multitool","Anchor","Frozen Egg 2","StuffTheSpire:MayFlowers"],"acts_visited":["Exordium","TheCity","TheBeyond"],"potions_floor_usage":[7,11,16,21,33,33,50,50],"damage_taken":[{"damage":0,"enemies":"Jaw Worm","floor":1,"turns":1},{"damage":0,"enemies":"Small Slimes","floor":4,"turns":1},{"damage":0,"enemies":"Cultist","floor":5,"turns":1},{"damage":20,"enemies":"HollowMod:MossKnight","floor":7,"turns":5},{"damage":2,"enemies":"Blue Slaver","floor":8,"turns":3},{"damage":0,"enemies":"2 Fungi Beasts","floor":11,"turns":2},{"damage":21,"enemies":"Lagavulin","floor":12,"turns":7},{"damage":13,"enemies":"The Guardian","floor":16,"turns":10},{"damage":0,"enemies":"Spheric Guardian","floor":18,"turns":5},{"damage":0,"enemies":"Shell Parasite","floor":21,"turns":7},{"damage":0,"enemies":"conspire:SneckoGhost","floor":24,"turns":8},{"damage":0,"enemies":"conspire:HollyBat","floor":25,"turns":5},{"damage":0,"enemies":"conspire:Head Lice","floor":30,"turns":6},{"damage":3,"enemies":"Collector","floor":33,"turns":9},{"damage":0,"enemies":"3 Shapes","floor":35,"turns":4},{"damage":0,"enemies":"Orb Walker","floor":37,"turns":4},{"damage":0,"enemies":"Sphere and 2 Shapes","floor":39,"turns":6},{"damage":0,"enemies":"Giant Head","floor":40,"turns":9},{"damage":2,"enemies":"Nemesis","floor":42,"turns":5},{"damage":0,"enemies":"Giant Head","floor":44,"turns":8},{"damage":0,"enemies":"Writhing Mass","floor":46,"turns":5},{"damage":51,"enemies":"2 Orb Walkers","floor":47,"turns":7},{"damage":83,"enemies":"hubris:GrandSnecko","floor":50,"turns":9}],"seed_played":"2781222956768819716","potions_obtained":[{"floor":4,"key":"AttackPotion"},{"floor":5,"key":"SteroidPotion"},{"floor":7,"key":"Swift Potion"},{"floor":16,"key":"BlessingOfTheForge"},{"floor":21,"key":"SpeedPotion"},{"floor":25,"key":"Adrenaline Potion"},{"floor":30,"key":"EssenceOfSteel"},{"floor":39,"key":"Block Potion"},{"floor":44,"key":"SpeedPotion"}],"is_trial":false,"path_per_floor":["M","?","?","M","M","R","E","M","T","R","M","E","$","$","R","B",null,"M","$","?","M","?","R","E","M","T","R","?","?","E","T","R_BF","B",null,"M","?","M","$","M","E","R","E","T","E","$","M","?","$","R","B"],"character_chosen":"RUNESMITH_CLASS","items_purchased":["Runesmith:EarthShield","Runesmith:LithiumIon","Runesmith:PoweredAnvil+1"],"campfire_rested":2,"item_purchase_floors":[14,38,45],"current_hp_per_floor":[70,70,70,70,70,70,50,48,48,48,48,27,27,27,48,35,70,70,70,70,70,70,70,70,70,70,70,70,53,53,53,53,52,70,70,70,70,70,70,70,70,68,68,68,68,70,19,19,40,0,0],"gold":28,"neow_bonus":"THREE_ENEMY_KILL","is_daily":false,"chose_seed":false,"campfire_upgraded":4,"win_rate":0.0,"timestamp":1610530929,"path_taken":["M","?","?","M","M","R","E","M","T","R","M","E","?","$","R","BOSS","M","?","?","M","?","R","E","?","T","R","?","?","E","?","R_BF","BOSS","M","?","M","$","M","E","R","E","T","E","$","M","?","$","R","BOSS"],"items_purchased_type":["Card","Card","Card"],"build_version":"2020-12-22","purchased_purges":5,"victory":false,"max_hp_per_floor":[70,70,70,70,70,70,70,70,70,70,70,70,70,70,70,70,70,70,70,70,70,70,70,70,70,70,70,70,70,70,70,70,70,70,70,70,70,70,70,70,70,70,70,70,70,70,70,70,70,70,70],"card_choices":[{"not_picked":["Runesmith:HeatExchange","Runesmith:DoubleUp"],"picked":"Runesmith:RuneHurl","floor":1},{"not_picked":["Runesmith:RuneHurl","Runesmith:ShiftingStrike","aspiration:UnbridledHammer"],"picked":"SKIP","floor":4},{"not_picked":["Runesmith:HammerAndChisel","Runesmith:MakeshiftArmor"],"picked":"Runesmith:ChiselStab","floor":5},{"not_picked":["Runesmith:Malloc","Runesmith:NanitesCloud"],"picked":"Runesmith:HeatedChisel","floor":7},{"not_picked":["Runesmith:MakeshiftArmor","Runesmith:ChiselStab"],"picked":"Runesmith:HeatedChisel","floor":8},{"not_picked":["Runesmith:CraftProtectio","Runesmith:Reinforce"],"picked":"Runesmith:CraftIncendium","floor":11},{"not_picked":["Runesmith:StaticCage","Runesmith:Repurpose"],"picked":"Runesmith:Grindstone","floor":12},{"not_picked":["Runesmith:ChiselStab+1","Runesmith:StaticCage+1","Runesmith:Malloc"],"picked":"SKIP","floor":18},{"not_picked":["Runesmith:Electrocute","Runesmith:EarthShield+1"],"picked":"Runesmith:LithiumIon","floor":21},{"not_picked":["Runesmith:BackupBattery","Runesmith:Malloc","Runesmith:ChiselStab"],"picked":"SKIP","floor":24},{"not_picked":["Runesmith:NegativeSpace","Runesmith:ChiselStab","Runesmith:RuneHurl"],"picked":"SKIP","floor":25},{"not_picked":["Runesmith:HammerAndChisel","Runesmith:UnstableHammer","Runesmith:HeatedChisel"],"picked":"SKIP","floor":30},{"not_picked":["Runesmith:ArcReactor","Runesmith:CreatorForm"],"picked":"Runesmith:FissionHammer","floor":33},{"not_picked":["Runesmith:HeatedChisel","Runesmith:CraftProtectio","Runesmith:Superposition"],"picked":"SKIP","floor":35},{"not_picked":["Runesmith:NegativeSpace+1","Runesmith:Terraform+1","Runesmith:BackupBattery"],"picked":"SKIP","floor":37},{"not_picked":["Runesmith:GoWithTheFlow","Runesmith:Overpower+1"],"picked":"Runesmith:Firewall+1","floor":39},{"not_picked":["Runesmith:RunicBlueprint","Runesmith:ChiselStab+1"],"picked":"Runesmith:CraftMagma","floor":40},{"not_picked":["Runesmith:Reinforce","aspiration:UnbridledHammer+1","Runesmith:CraftSpiculum+1"],"picked":"SKIP","floor":42},{"not_picked":["Runesmith:GoWithTheFlow","Runesmith:RuneHurl","Runesmith:ChaoticBlast+1"],"picked":"SKIP","floor":44},{"not_picked":["Runesmith:Repurpose","Runesmith:Grindstone","Runesmith:Overpower+1"],"picked":"SKIP","floor":46},{"not_picked":["Runesmith:Terraform+1","Runesmith:StaticCage+1"],"picked":"Runesmith:CraftMagma","floor":47}],"player_experience":861365,"relics_obtained":[{"floor":7,"key":"Mummified Hand"},{"floor":12,"key":"hubris:PeanutButter"},{"floor":24,"key":"Replay:Baseball"},{"floor":26,"key":"Ancient Tea Set"},{"floor":30,"key":"Replay:Accelerometer"},{"floor":31,"key":"Runesmith:AutoHammer"},{"floor":40,"key":"StuffTheSpire:Gunfinga"},{"floor":42,"key":"Replay:Multitool"},{"floor":43,"key":"Anchor"},{"floor":44,"key":"Frozen Egg 2"},{"floor":47,"key":"StuffTheSpire:MayFlowers"}],"event_choices":[{"damage_healed":0,"gold_gain":0,"player_choice":"Disagree","damage_taken":0,"max_hp_gain":0,"max_hp_loss":0,"event_name":"conspire:LoneGhost","floor":3,"gold_loss":0},{"damage_healed":0,"gold_gain":0,"player_choice":"Gave Potion","damage_taken":0,"relics_obtained":["StuffTheSpire:RubySignet"],"max_hp_gain":0,"max_hp_loss":0,"event_name":"WeMeetAgain","floor":22,"gold_loss":0},{"damage_healed":0,"gold_gain":0,"player_choice":"Leave","damage_taken":0,"max_hp_gain":0,"max_hp_loss":0,"event_name":"conspire:Investor","floor":28,"gold_loss":0},{"damage_healed":0,"gold_gain":0,"player_choice":"Fight","damage_taken":0,"max_hp_gain":0,"max_hp_loss":0,"event_name":"Mysterious Sphere","floor":47,"gold_loss":0}],"is_beta":false,"boss_relics":[{"not_picked":["Replay:Bronze Core","halation:PlatinumPhoenix"],"picked":"Runic Pyramid"},{"not_picked":["hubris:GrandSneckoEye","halation:CatFaceCupcake"],"picked":"aspiration:PoetsPen_weak"}],"items_purged_floors":[13,13,19,38,48],"is_endless":false,"potions_floor_spawned":[4,5,7,16,21,25,30,39,44],"killed_by":"hubris:GrandSnecko","ascension_level":1}}