{"host":"u6jirsjme6gm26s9","time":1610572714,"event":{"mods":["BaseMod","Downfall","GifTheSpireLib","Minty Spire (QoL Compilation)","StSLib","The Servant 0.9.4"],"gold_per_floor":[99,99,274,274,274,287,287,315,240,252,177,177,235,265,276,378,378,378,391,150,150,150,184,184,184,184,44,54,69,69,169,169,169,169,169],"floor_reached":33,"language":"ENG","playtime":22168,"items_purged":["Shame"],"score":294,"play_id":"3a989444-b7c8-463f-a24f-062930a46832","local_time":"20210113151834","is_ascension_mode":false,"campfire_choices":[{"data":"champ:Taunt","floor":1,"key":"SMITH"},{"floor":9,"key":"RECALL"},{"data":"champ:BringItOn","floor":11,"key":"SMITH"},{"data":"champ:FanOfKnives","floor":18,"key":"SMITH"},{"floor":25,"key":"REST"},{"floor":30,"key":"REST"}],"circlet_count":0,"master_deck":["champ:Strike","champ:Strike","champ:Defend","champ:Defend","champ:Defend","champ:Defend","champ:Execute+1","champ:Taunt+1","champ:Duel","champ:BringItOn+1","champ:RapidStrikes","champ:RecklessLeap+1","champ:LastStand","champ:ViciousMockery","champ:FocusedGladiator","champ:Backstep","champ:FanOfKnives+1","champ:Improvising+1","champ:CalledShot+1","champ:StanceDance","champ:AdrenalArmor","champ:GladiatorsShout","J.A.X.","champ:PerfectForm+1"],"relics":["champ:ChampionCrownUpgraded","downfall:HeartsMalice","Strawberry","downfall:HeartBlessingBlue","downfall:HeartBlessingRed","Frozen Egg 2","Whetstone","Nunchaku","Toy Ornithopter","Bottled Tornado","Ornamental Fan","MutagenicStrength"],"acts_visited":["Exordium","TheCity"],"potions_floor_usage":[16,16,31,32,32,32],"damage_taken":[{"damage":0,"enemies":"2 Louse","floor":2,"turns":1},{"damage":0,"enemies":"Jaw Worm","floor":4,"turns":1},{"damage":0,"enemies":"Small Slimes","floor":5,"turns":1},{"damage":5,"enemies":"2 Fungi Beasts","floor":6,"turns":4},{"damage":28,"enemies":"Lagavulin","floor":8,"turns":6},{"damage":39,"enemies":"Large Slime","floor":10,"turns":6},{"damage":36,"enemies":"3 Sentries","floor":13,"turns":7},{"damage":33,"enemies":"3 Sentries","floor":14,"turns":8},{"damage":12,"enemies":"Blue Slaver","floor":15,"turns":3},{"damage":10,"enemies":"downfall:Watcher","floor":16,"turns":11},{"damage":15,"enemies":"3 Byrds","floor":19,"turns":4},{"damage":36,"enemies":"downfall:FleeingMerchant","floor":20,"turns":4},{"damage":0,"enemies":"Chosen","floor":21,"turns":1},{"damage":98,"enemies":"Gremlin Leader","floor":23,"turns":8},{"damage":8,"enemies":"downfall:FleeingMerchant","floor":27,"turns":4},{"damage":6,"enemies":"Shelled Parasite and Fungi","floor":28,"turns":3},{"damage":20,"enemies":"Snecko","floor":29,"turns":5},{"damage":65,"enemies":"downfall:Augmenter","floor":31,"turns":7},{"damage":56,"enemies":"Sentry and Sphere","floor":32,"turns":6},{"damage":20,"enemies":"downfall:Defect","floor":33,"turns":3}],"seed_played":"6579428590513218750","potions_obtained":[{"floor":6,"key":"Block Potion"},{"floor":8,"key":"Block Potion"},{"floor":15,"key":"SmokeBomb"},{"floor":16,"key":"SpeedPotion"},{"floor":19,"key":"champ:UltimateStancePotion"},{"floor":31,"key":"sneckomod:MuddlingPotion"}],"is_trial":false,"path_per_floor":["R","M","?","M","M","M","T","E","R","M","R","?","?","E","M","B",null,"R","M","$","M","?","E","T","R","?","$","M","M","R","?","M","B"],"character_chosen":"THE_CHAMP","items_purchased":["Nunchaku","champ:CalledShot+1","champ:StanceDance"],"campfire_rested":2,"item_purchase_floors":[20,20,27],"current_hp_per_floor":[90,90,90,90,90,85,85,79,89,70,70,70,49,29,17,10,107,107,98,93,93,93,21,21,53,53,53,53,41,73,36,10,0,0,0],"gold":169,"neow_bonus":"THREE_ENEMY_KILL","is_daily":false,"chose_seed":false,"campfire_upgraded":3,"win_rate":0.0,"timestamp":1610572714,"path_taken":["R","M","?","M","M","M","T","E","R","M","R","?","?","E","M","BOSS","R","M","$","M","?","E","T","R","?","$","M","M","R","?","M","BOSS"],"items_purchased_type":["Relic","Card","Card"],"build_version":"2020-12-22","purchased_purges":1,"victory":false,"max_hp_per_floor":[90,90,90,90,90,90,90,97,107,107,107,107,107,107,107,107,107,107,107,107,107,107,107,107,107,107,107,107,107,107,107,107,107,107,107],"card_choices":[{"not_picked":["champ:Circumvent","champ:DeathBlow"],"picked":"champ:Duel","floor":2},{"not_picked":["champ:Circumvent","champ:Haymaker"],"picked":"champ:BringItOn","floor":4},{"not_picked":["champ:RisingSlash","champ:BerserkerStyle"],"picked":"champ:RapidStrikes","floor":5},{"not_picked":["champ:Circumvent","champ:FocusedBerserking"],"picked":"champ:RecklessLeap","floor":6},{"not_picked":["champ:DancingMaster","champ:Shatter"],"picked":"champ:LastStand","floor":8},{"not_picked":["champ:EndlessRage","champ:BerserkersShout"],"picked":"champ:ViciousMockery","floor":10},{"not_picked":["champ:TornadoPunch","champ:Shatter"],"picked":"champ:FocusedGladiator","floor":13},{"not_picked":["champ:ArenaPreparation","champ:GutPunch"],"picked":"champ:Backstep","floor":14},{"not_picked":["champ:FightOn","champ:EndlessRage+1"],"picked":"champ:FanOfKnives","floor":15},{"not_picked":["champ:VampiricStrike","champ:CheapShot"],"picked":"champ:Improvising+1","floor":16},{"not_picked":["champ:BringItOn","champ:CrookedStrike","champ:Circumvent"],"picked":"SKIP","floor":19},{"not_picked":["champ:BerserkersShout+1","champ:DefensiveShout+1","champ:FightOn"],"picked":"SKIP","floor":20},{"not_picked":["champ:FaceSlap","champ:Backstep","champ:FanOfKnives+1"],"picked":"SKIP","floor":21},{"not_picked":["champ:BerserkerStyle+1","champ:BringItOn","champ:FocusedBerserking"],"picked":"SKIP","floor":23},{"not_picked":["champ:Backstep","champ:TornadoPunch","champ:FocusedGladiator+1"],"picked":"SKIP","floor":27},{"not_picked":["champ:FlashCut","champ:ArenaPreparation","champ:GladiatorsShout"],"picked":"SKIP","floor":28},{"not_picked":["champ:FocusedGladiator+1","champ:BerserkersShout+1","champ:HeavySlash"],"picked":"SKIP","floor":29},{"not_picked":[],"picked":"J.A.X.","floor":31},{"not_picked":["champ:ViciousMockery","champ:Haymaker"],"picked":"champ:PerfectForm+1","floor":31}],"player_experience":319297,"relics_obtained":[{"floor":8,"key":"Strawberry"},{"floor":14,"key":"Whetstone"},{"floor":23,"key":"Toy Ornithopter"},{"floor":24,"key":"Bottled Tornado"},{"floor":31,"key":"MutagenicStrength"}],"event_choices":[{"damage_healed":0,"gold_gain":0,"player_choice":"Stole Relic","damage_taken":0,"relics_obtained":["Ornamental Fan"],"max_hp_gain":0,"max_hp_loss":0,"event_name":"Addict","floor":26,"gold_loss":0,"cards_obtained":["Shame"]}],"is_beta":false,"boss_relics":[{"not_picked":["Fusion Hammer","Coffee Dripper"],"picked":"champ:ChampionCrownUpgraded"}],"items_purged_floors":[27],"is_endless":false,"potions_floor_spawned":[6,8,15,16,19,28,31],"killed_by":"downfall:Defect","ascension_level":0}}