{"host":"22s5scuj7mu87reg","time":1610552426,"event":{"mods":["BaseMod","Colored Powertips","Dota2Spire","Downfall","Duelist Mod","GungeonMod","Halation","Hubris","Koishi","KomeijiMod","Minty Spire (QoL Compilation)","Replay The Spire","StSLib","SuperFastMode","The Jungle","The Mystic","The Necromancer","Wandering Minibosses"],"gold_per_floor":[144,158,83,94,94,114,146,146,200,218,268,268,268,300,300,419,419,456,478,507,507,384,384,394,394],"floor_reached":24,"language":"POL","playtime":1255,"items_purged":["theDuelist:BeaverWarrior"],"score":348,"play_id":"109c9de4-8d80-49c2-a153-eff3d0276113","local_time":"20210113164026","daily_mods":["SealedDeck","Uncertain Future","Lethality"],"is_ascension_mode":false,"campfire_choices":[{"data":"theDuelist:FinalFlame","floor":8.0,"key":"SMITH"},{"data":"theDuelist:SwordDeepSeated","floor":13.0,"key":"SMITH"},{"data":"theDuelist:SpellShatteringArrow","floor":15.0,"key":"SMITH"},{"floor":23,"key":"REST"}],"circlet_count":0,"master_deck":["theDuelist:BeaverWarrior","theDuelist:CastleWalls","theDuelist:CastleWalls","theDuelist:FinalFlame+1","theDuelist:GiantSoldier","theDuelist:ScrapFactory","theDuelist:Sparks","theDuelist:Sparks","theDuelist:MeteorDestruction","theDuelist:FairyBox","theDuelist:FairyBox","theDuelist:MeteorDestruction","theDuelist:CombinationAttack","theDuelist:Hinotama","theDuelist:MagnumShield","theDuelist:MagnumShield","theDuelist:Hinotama","theDuelist:Hinotama","theDuelist:SpellShatteringArrow+1","theDuelist:SwordDeepSeated+1","theDuelist:Tuningware","Parasite","theDuelist:ElectromagneticTurtle","Voices","Looming Evil","theDuelist:BerserkScales+1","ReplayTheSpireMod:IOU","Hallucinations","hexamod:Haunted"],"relics":["theDuelist:MillenniumPuzzle","theDuelist:CardPoolRelic","theDuelist:CardPoolBasicRelic","PrismaticShard","Darkstone Periapt","Dota2Spire:MagicBottle","Ring of Greed","ReplayTheSpireMod:Ring of Addiction","Replay:Bandana","Golden Egg","Potion Belt","Toy Ornithopter","theDuelist:MillenniumKey","White Beast Statue","GoodDreamPillow"],"acts_visited":["Exordium","TheCity"],"potions_floor_usage":[24,24,24],"damage_taken":[{"damage":0.0,"enemies":"Small Slimes","floor":1.0,"turns":2.0},{"damage":0.0,"enemies":"Cultist","floor":2.0,"turns":3.0},{"damage":0.0,"enemies":"2 Louse","floor":4.0,"turns":2.0},{"damage":15.0,"enemies":"2 Fungi Beasts","floor":6.0,"turns":2.0},{"damage":0.0,"enemies":"Gremlin Nob","floor":7.0,"turns":3.0},{"damage":14.0,"enemies":"Exordium Wildlife","floor":10.0,"turns":4.0},{"damage":12.0,"enemies":"Exordium Thugs","floor":14.0,"turns":3.0},{"damage":2.0,"enemies":"The Guardian","floor":16.0,"turns":6.0},{"damage":11.0,"enemies":"Spheric Guardian","floor":18.0,"turns":6.0},{"damage":44.0,"enemies":"3 Byrds","floor":19.0,"turns":4.0},{"damage":30.0,"enemies":"Centurion and Healer","floor":20.0,"turns":4.0},{"damage":80,"enemies":"Cultist and Chosen","floor":24,"turns":8}],"seed_played":"5764966115660824905","potions_obtained":[{"floor":4.0,"key":"PowerPotion"},{"floor":6.0,"key":"theDuelist:BottledKuriboh"},{"floor":7.0,"key":"theDuelist:GiftPotion"},{"floor":11.0,"key":"ColorlessPotion"},{"floor":11.0,"key":"Adrenaline Potion"},{"floor":11.0,"key":"theDuelist:MillenniumElixir"},{"floor":19.0,"key":"FocusPotion"}],"is_trial":true,"path_per_floor":["M","M","$","M","?","M","E","R","T","M","?","?","R","M","R","B",null,"M","M","M","?","?","R","M"],"character_chosen":"THE_DUELIST","items_purchased":[],"campfire_rested":1,"item_purchase_floors":[],"current_hp_per_floor":[80,80,80,80,80,65,65,65,65,54,60,60,60,48,48,90,90,79,35,11,11,11,39,0,0],"gold":394,"neow_bonus":"","is_daily":false,"chose_seed":true,"campfire_upgraded":3,"win_rate":0.0,"timestamp":1610552426,"path_taken":["M","M","$","M","?","M","E","R","T","M","?","?","R","M","R","BOSS","M","M","M","?","?","R","M"],"items_purchased_type":[],"build_version":"2020-12-13","purchased_purges":1,"victory":false,"max_hp_per_floor":[80,80,80,80,80,80,80,80,80,80,86,86,86,86,84,90,90,90,90,94,94,94,94,104,104],"card_choices":[{"not_picked":["theDuelist:MagnumShield","theDuelist:FusionWeapon"],"picked":"theDuelist:SpellShatteringArrow","floor":1.0},{"not_picked":["theDuelist:Downbeat","theDuelist:AfterTheStorm"],"picked":"theDuelist:SwordDeepSeated","floor":2.0},{"not_picked":["theDuelist:BerserkerCrush","theDuelist:PotDuality"],"picked":"theDuelist:Tuningware","floor":4.0},{"not_picked":["theDuelist:JerryBeansMan","theDuelist:VampireFamiliar","DoubleEdge"],"picked":"SKIP","floor":6.0},{"not_picked":["theDuelist:Nameless:Magic:ImperialOrder","Replay:SS_forest_6","Deadly Poison"],"picked":"SKIP","floor":7.0},{"not_picked":["theDuelist:CannonballSpearShellfish","Disarm"],"picked":"theDuelist:ElectromagneticTurtle","floor":10.0},{"not_picked":["theDuelist:ColossalFighter","theDuelist:BlackStego","Shackles_Of_Pain"],"picked":"SKIP","floor":14.0},{"not_picked":["Immolate","Exhume"],"picked":"theDuelist:BerserkScales","floor":16.0},{"not_picked":["FierceSweep","theDuelist:PelagicMetronome+1","theDuelist:ReptiliannePoison"],"picked":"SKIP","floor":18.0},{"not_picked":["theDuelist:CommonSpireMetronome","hexamod:GhostShield","DemoMod:Replace+1"],"picked":"SKIP","floor":19.0},{"not_picked":["theDuelist:SpireMetronome+1","Finger_Of_Death+1","theDuelist:RevolvingSwitchyard"],"picked":"SKIP","floor":20.0}],"player_experience":86811,"relics_obtained":[{"floor":7.0,"key":"Darkstone Periapt"},{"floor":9.0,"key":"Dota2Spire:MagicBottle"},{"floor":11.0,"key":"Ring of Greed"},{"floor":11.0,"key":"ReplayTheSpireMod:Ring of Addiction"},{"floor":11.0,"key":"Replay:Bandana"},{"floor":11.0,"key":"Golden Egg"},{"floor":11.0,"key":"Potion Belt"},{"floor":11.0,"key":"Toy Ornithopter"}],"event_choices":[],"is_beta":false,"boss_relics":[{"not_picked":["hubris:TerracottaHorce","Honey Jar"],"picked":"theDuelist:MillenniumKey"}],"items_purged_floors":[3],"is_endless":false,"potions_floor_spawned":[4,6,7,14,19],"killed_by":"Cultist and Chosen","ascension_level":0}}