{"host":"egwexuw5uvnxf11j","time":1610506840,"event":{"mods":["2.2 Compatiblity","Aspiration","BaseMod","Better Altar","Better Note","Better Sensory Stone","Better Third Choice","Displayed Cursed Tome","Downfall","Hermit","Key Reminder","Koishi","Marisa????????","Minty Spire (QoL Compilation)","Quick Restart","Shade Mod","Spicy Shops","StSLib","The Construct","The Cursed","The Hierophant","The Runesmith","The Senshi","The Servant 0.9.4","Transform Curses"],"gold_per_floor":[215,227,247,258,273,308,308,308,308,326,360,360,387,241,241,241,241],"floor_reached":16,"language":"ENG","playtime":703,"items_purged":[],"score":128,"play_id":"ab305be4-f517-40a6-aa64-0db18c7c42ac","local_time":"20210112220040","is_ascension_mode":true,"campfire_choices":[{"floor":7,"key":"REST"},{"floor":12,"key":"REST"},{"floor":15,"key":"REST"}],"circlet_count":0,"master_deck":["hermit:Strike_Hermit","hermit:Strike_Hermit","hermit:Strike_Hermit","hermit:Strike_Hermit","hermit:Defend_Hermit","hermit:Defend_Hermit","hermit:Defend_Hermit","hermit:Defend_Hermit","hermit:Snapshot","hermit:Covet","hermit:Deadeye","hermit:Midnight","hermit:Misfire","hermit:Headshot","hermit:Desperado","hermit:Shortfuse","Decay","hermit:NoHoldsBarred","hermit:CalledShot","hermit:Vantage","hermit:Brawl","hermit:GhostlyPresence"],"relics":["hermit:Momento","Blue Candle","keyreminder:keyreminder","Ornamental Fan","aspiration:HiddenCompartment","Bag of Marbles"],"acts_visited":["Exordium"],"potions_floor_usage":[16,16],"damage_taken":[{"damage":4,"enemies":"Small Slimes","floor":1,"turns":3},{"damage":5,"enemies":"Cultist","floor":2,"turns":4},{"damage":0,"enemies":"2 Louse","floor":3,"turns":4},{"damage":2,"enemies":"Blue Slaver","floor":4,"turns":4},{"damage":5,"enemies":"Looter","floor":5,"turns":2},{"damage":56,"enemies":"Lagavulin","floor":6,"turns":7},{"damage":0,"enemies":"Gremlin Gang","floor":10,"turns":4},{"damage":20,"enemies":"Gremlin Nob","floor":11,"turns":5},{"damage":19,"enemies":"3 Sentries","floor":13,"turns":5},{"damage":31,"enemies":"Hexaghost","floor":16,"turns":9}],"seed_played":"3165678445524686638","potions_obtained":[{"floor":3,"key":"hermit:Eclipse"},{"floor":6,"key":"Weak Potion"},{"floor":10,"key":"Dexterity Potion"}],"is_trial":false,"path_per_floor":["M","M","M","M","M","E","R","?","T","M","E","R","E","$","R","B"],"character_chosen":"HERMIT","items_purchased":["hermit:Brawl","hermit:GhostlyPresence"],"campfire_rested":3,"item_purchase_floors":[14,14],"current_hp_per_floor":[71,66,66,64,59,3,25,25,25,25,5,27,8,8,30,0,0],"gold":241,"neow_bonus":"HUNDRED_GOLD","is_daily":false,"chose_seed":false,"campfire_upgraded":0,"win_rate":0.0,"timestamp":1610506840,"path_taken":["M","M","M","M","M","E","R","?","T","M","E","R","E","$","R","BOSS"],"items_purchased_type":["Card","Card"],"build_version":"2020-12-22","purchased_purges":0,"victory":false,"max_hp_per_floor":[75,75,75,75,75,75,75,75,75,75,75,75,75,75,75,75,75],"card_choices":[{"not_picked":["hermit:TrackingShot","hermit:WideOpen"],"picked":"hermit:Deadeye","floor":1},{"not_picked":["hermit:Feint","hermit:Manifest"],"picked":"hermit:Midnight","floor":2},{"not_picked":["hermit:BodyArmor","hermit:CalledShot"],"picked":"hermit:Misfire","floor":3},{"not_picked":["hermit:Quickdraw","hermit:Determination"],"picked":"hermit:Headshot","floor":4},{"not_picked":["hermit:Purgatory","hermit:Ricochet"],"picked":"hermit:Desperado","floor":5},{"not_picked":["hermit:ItchyTrigger","hermit:Vantage"],"picked":"hermit:Shortfuse","floor":6},{"not_picked":["hermit:LowProfile","hermit:HoleUp"],"picked":"hermit:NoHoldsBarred","floor":10},{"not_picked":["hermit:Desperado","hermit:EternalForm"],"picked":"hermit:CalledShot","floor":11},{"not_picked":["hermit:CursedWeapon","hermit:LowProfile"],"picked":"hermit:Vantage","floor":13}],"player_experience":2223035,"relics_obtained":[{"floor":6,"key":"Blue Candle"},{"floor":9,"key":"Ornamental Fan"},{"floor":11,"key":"aspiration:HiddenCompartment"},{"floor":13,"key":"Bag of Marbles"}],"event_choices":[{"damage_healed":0,"gold_gain":0,"player_choice":"Cursed","damage_taken":0,"max_hp_gain":0,"max_hp_loss":0,"event_name":"Wheel of Change","floor":8,"gold_loss":0,"cards_obtained":["Decay"]}],"is_beta":false,"boss_relics":[],"items_purged_floors":[],"is_endless":false,"potions_floor_spawned":[3,6,10],"killed_by":"Hexaghost","ascension_level":1}}