{"host":"nxmai6bb3m0amvdf","time":1610553290,"event":{"mods":["Aspiration","BaseMod","Conspire","Energized Spire","Friendly Minions","GifTheSpireLib","Halation","Hubris","Infinite Spire","Ironclad Rager","Jedi Mod","Marked Mod","Mimic Mod","Minty Spire (QoL Compilation)","Replay The Spire","RumiaBox-????????","Spikes Relics","StSLib","Stuff the Spire","Trackpad","vexMod"],"gold_per_floor":[113,126,126,126,146,279,279,279,279],"floor_reached":8,"language":"ENG","playtime":623,"items_purged":[],"score":109,"play_id":"5fed2f66-668e-443c-952d-5b8f71c5cf4c","local_time":"20210113165450","is_ascension_mode":true,"campfire_choices":[],"circlet_count":0,"master_deck":["AscendersBane","Strike_R","Strike_R","Strike_R","Strike_R","Strike_R","Defend_R","Defend_R","Defend_R","Defend_R","Bash","jedi:MakeshiftSword","Feel No Pain","Seeing Red","Iron Wave","StuffTheSpire:CuriosityCurse"],"relics":["Burning Blood","hubris:BundleOfHerbs","Golden Idol","hubris:Icosahedron","Another Sword","conspire:Flyswatter"],"acts_visited":["Exordium"],"potions_floor_usage":[8],"damage_taken":[{"damage":4,"enemies":"Small Slimes","floor":1,"turns":4},{"damage":8,"enemies":"conspire:RoseBush","floor":2,"turns":5},{"damage":15,"enemies":"Jaw Worm","floor":5,"turns":8},{"damage":17,"enemies":"3 Sentries","floor":6,"turns":4},{"damage":43,"enemies":"Lagavulin","floor":8,"turns":4}],"seed_played":"3131174101231712169","potions_obtained":[{"floor":2,"key":"jedi:tentaclejuice"}],"is_trial":false,"path_per_floor":["M","M","?","?","M","E","?","E"],"character_chosen":"IRONCLAD","items_purchased":[],"campfire_rested":0,"item_purchase_floors":[],"current_hp_per_floor":[52,68,42,42,33,22,22,0,0],"gold":279,"neow_bonus":"ONE_RARE_RELIC","is_daily":false,"chose_seed":false,"campfire_upgraded":0,"win_rate":0.0,"timestamp":1610553290,"path_taken":["M","M","?","?","M","E","?","E"],"items_purchased_type":[],"build_version":"2020-12-22","purchased_purges":0,"victory":false,"max_hp_per_floor":[75,75,75,75,75,75,75,75,75],"card_choices":[{"not_picked":["Intimidate","Armaments"],"picked":"jedi:MakeshiftSword","floor":1},{"not_picked":["Clothesline","Dropkick"],"picked":"Feel No Pain","floor":2},{"not_picked":["Clothesline","Carnage"],"picked":"Seeing Red","floor":5},{"not_picked":["ReplayTheSpireMod:Strike From Hell","Pommel Strike"],"picked":"Iron Wave","floor":6}],"player_experience":1094829,"relics_obtained":[{"floor":6,"key":"Another Sword"}],"event_choices":[{"damage_healed":0,"gold_gain":0,"player_choice":"Take Damage","damage_taken":26,"relics_obtained":["Golden Idol"],"max_hp_gain":0,"max_hp_loss":0,"event_name":"Golden Idol","floor":3,"gold_loss":0}],"is_beta":false,"boss_relics":[],"items_purged_floors":[],"is_endless":false,"potions_floor_spawned":[2],"killed_by":"Lagavulin","ascension_level":19}}