{"host":"xt797mi8yhee06c1","time":1610540651,"event":{"mods":["Arknights The Spire","BaseMod","Bestiary","Koishi","Marisa£¨Ùöéë¡¡Øª×âÞÞ£©","Minty Spire (QoL Compilation)","Poor People Problems","Prisma Mod","Relic Filter","Shop Mod","Spicy Shops","StSLib","The Marked","The Runesmith","The Servant 0.9.4","WarShipGirlsR/??á´Ò³R mod"],"gold_per_floor":[13,28,103,103,116,154,329,329,329,329,329,342,342,342],"floor_reached":13,"language":"KOR","playtime":561,"items_purged":[],"score":83,"play_id":"83217e26-b3fd-4411-bf1d-4a2074b38e98","local_time":"20210113212411","is_ascension_mode":false,"campfire_choices":[{"data":"PrismaMod:IllyaUncommonDefend","floor":8.0,"key":"SMITH"},{"floor":10.0,"key":"REST"}],"circlet_count":0,"master_deck":["PrismaMod:IllyaCommonAttack","PrismaMod:IllyaCommonDefend","PrismaMod:IllyaCommonAttack","PrismaMod:IllyaCommonDefend","PrismaMod:IllyaCommonAttack","PrismaMod:IllyaCommonDefend","PrismaMod:IllyaCommonAttack","PrismaMod:IllyaCommonDefend","PrismaMod:IllyaCommonAttack","PrismaMod:IllyaCommonDefend","PrismaMod:IllyaUncommonAttack","PrismaMod:IllyaUncommonDefend+1","PrismaMod:IllyaUberPoisonBlock","PrismaMod:IllyaCheapAttack","PrismaMod:IllyaAssassinRevenge","PrismaMod:IllyaDetonatingBlow","Doubt","PrismaMod:IllyaRapidFire"],"relics":["PrismaMod:PrismaRuby","Golden Idol","Boot","MealTicket","Frozen Egg 2"],"acts_visited":["Exordium"],"potions_floor_usage":[13],"damage_taken":[{"damage":0.0,"enemies":"Small Slimes","floor":1.0,"turns":4.0},{"damage":0.0,"enemies":"2 Louse","floor":2.0,"turns":3.0},{"damage":0.0,"enemies":"Cultist","floor":5.0,"turns":3.0},{"damage":27.0,"enemies":"Lagavulin","floor":6.0,"turns":8.0},{"damage":11.0,"enemies":"3 Louse","floor":12.0,"turns":4.0},{"damage":14,"enemies":"Gremlin Nob","floor":13,"turns":3}],"seed_played":"3613719697894768125","potions_obtained":[{"floor":5.0,"key":"LiquidMemories"},{"floor":6.0,"key":"Block Potion"},{"floor":12.0,"key":"Swift Potion"}],"is_trial":false,"path_per_floor":["M","M","?","?","M","E","?","R","T","R","?","M","E"],"character_chosen":"ILLYA","items_purchased":[],"campfire_rested":1,"item_purchase_floors":[],"current_hp_per_floor":[89,89,78,56,56,29,29,29,29,55,22,11,0,0],"gold":342,"neow_bonus":"TWENTY_PERCENT_HP_BONUS","is_daily":false,"chose_seed":false,"campfire_upgraded":1,"win_rate":0.0,"timestamp":1610540651,"path_taken":["M","M","?","?","M","E","?","R","T","R","?","M","E"],"items_purchased_type":[],"build_version":"2020-12-22","purchased_purges":0,"victory":false,"max_hp_per_floor":[89,89,89,89,89,89,89,89,89,89,89,89,89,89],"card_choices":[{"not_picked":["PrismaMod:IllyaFriendMaker","PrismaMod:IllyaPoisonBlock"],"picked":"PrismaMod:IllyaUberPoisonBlock","floor":1.0},{"not_picked":["PrismaMod:IllyaUncommonAttack","PrismaMod:IllyaCommonEvoke"],"picked":"PrismaMod:IllyaCheapAttack","floor":2.0},{"not_picked":["PrismaMod:IllyaCheapChannelPoison","PrismaMod:IllyaDevil"],"picked":"PrismaMod:IllyaAssassinRevenge","floor":5.0},{"not_picked":["PrismaMod:IllyaSaphire","PrismaMod:IllyaCheapDefend"],"picked":"PrismaMod:IllyaDetonatingBlow","floor":6.0},{"not_picked":["PrismaMod:IllyaUncommonDefend","PrismaMod:IllyaEvokeAll"],"picked":"PrismaMod:IllyaRapidFire","floor":12.0}],"player_experience":336870,"relics_obtained":[{"floor":6.0,"key":"Boot"},{"floor":9.0,"key":"MealTicket"}],"event_choices":[{"damage_healed":0.0,"max_hp_gain":0.0,"max_hp_loss":0.0,"gold_gain":75.0,"event_name":"World of Goop","player_choice":"Gather Gold","floor":3.0,"gold_loss":0.0,"damage_taken":11.0},{"damage_healed":0.0,"max_hp_gain":0.0,"max_hp_loss":0.0,"gold_gain":0.0,"event_name":"Golden Idol","player_choice":"Take Damage","floor":4.0,"gold_loss":0.0,"damage_taken":22.0,"relics_obtained":["Golden Idol"]},{"damage_healed":0.0,"max_hp_gain":0.0,"max_hp_loss":0.0,"gold_gain":175.0,"event_name":"Liars Game","player_choice":"AGREE","floor":7.0,"gold_loss":0.0,"damage_taken":0.0,"cards_obtained":["Doubt"]},{"damage_healed":0.0,"max_hp_gain":0.0,"max_hp_loss":0.0,"gold_gain":0.0,"event_name":"Scrap Ooze","player_choice":"Success","floor":11.0,"gold_loss":0.0,"damage_taken":33.0,"relics_obtained":["Frozen Egg 2"]}],"is_beta":false,"boss_relics":[],"items_purged_floors":[],"is_endless":false,"potions_floor_spawned":[5,6,12],"killed_by":"Gremlin Nob","ascension_level":0}}