{"host":"6azrrw3tf7wb0f4b","time":1610525492,"event":{"mods":["BaseMod","DeckTracker","Minty Spire (QoL Compilation)","SuperFastMode"],"gold_per_floor":[211,161,180,180,199,199,234,38,62,76,96,96,131,149,149,250,250,263,273,133,162,175,175,175,175],"floor_reached":24,"language":"KOR","playtime":544,"items_purged":["Strike_B","Strike_B"],"score":453,"play_id":"21d4b42b-bc82-4b64-ac7f-904e093ecc9e","local_time":"20210113171132","is_ascension_mode":true,"campfire_choices":[{"data":"Buffer","floor":6,"key":"SMITH"},{"data":"Loop","floor":15,"key":"SMITH"},{"floor":23,"key":"REST"}],"circlet_count":0,"master_deck":["AscendersBane","Defend_B","Defend_B","Zap+1","Dualcast","BootSequence","Ball Lightning","Buffer+1","White Noise","Chaos","Loop+1","Melter","Core Surge+1","Conserve Battery","Coolheaded","Creative AI","Storm+1","Blizzard+1","Force Field+1","Turbo","Self Repair","Reinforced Body"],"relics":["Cracked Core","Art of War","Lantern","Potion Belt","Astrolabe","Red Mask"],"acts_visited":["Exordium","TheCity"],"potions_floor_usage":[7,13,14,21,21,21,21,21,21,24],"damage_taken":[{"damage":0,"enemies":"2 Louse","floor":1,"turns":2},{"damage":0,"enemies":"Small Slimes","floor":3,"turns":3},{"damage":1,"enemies":"Cultist","floor":5,"turns":3},{"damage":10,"enemies":"3 Sentries","floor":7,"turns":6},{"damage":0,"enemies":"Large Slime","floor":10,"turns":5},{"damage":0,"enemies":"2 Fungi Beasts","floor":11,"turns":3},{"damage":0,"enemies":"Lagavulin","floor":13,"turns":5},{"damage":16,"enemies":"Exordium Thugs","floor":14,"turns":4},{"damage":0,"enemies":"Slime Boss","floor":16,"turns":6},{"damage":2,"enemies":"Chosen","floor":18,"turns":5},{"damage":19,"enemies":"Shell Parasite","floor":19,"turns":4},{"damage":24,"enemies":"Masked Bandits","floor":21,"turns":3},{"damage":16,"enemies":"3 Cultists","floor":22,"turns":5},{"damage":41,"enemies":"Slavers","floor":24,"turns":3}],"seed_played":"-3552638367709090407","potions_obtained":[{"floor":1,"key":"FocusPotion"},{"floor":5,"key":"Weak Potion"},{"floor":10,"key":"ColorlessPotion"},{"floor":16,"key":"SteroidPotion"},{"floor":19,"key":"EntropicBrew"},{"floor":22,"key":"Dexterity Potion"}],"is_trial":false,"path_per_floor":["M","?","M","?","M","R","E","$","T","M","M","?","E","M","R","B",null,"M","M","$","?","M","R","E"],"character_chosen":"DEFECT","items_purchased":["Loop","Melter","Self Repair"],"campfire_rested":1,"item_purchase_floors":[8,8,20],"current_hp_per_floor":[68,68,68,68,67,67,57,57,57,57,57,42,42,26,26,26,63,61,42,42,28,19,41,0,0],"gold":175,"neow_bonus":"HUNDRED_GOLD","is_daily":false,"chose_seed":false,"campfire_upgraded":2,"win_rate":0.0,"timestamp":1610525492,"path_taken":["M","?","M","?","?","R","E","$","T","M","M","?","E","M","R","BOSS","M","M","$","?","M","R","E"],"items_purchased_type":["Card","Card","Card"],"build_version":"2020-12-22","purchased_purges":2,"victory":false,"max_hp_per_floor":[75,75,75,75,75,75,75,75,75,75,75,75,75,75,75,75,75,75,75,75,75,75,75,75,75],"card_choices":[{"not_picked":["Hello World","Conserve Battery"],"picked":"BootSequence","floor":1},{"not_picked":["BootSequence","Barrage"],"picked":"Ball Lightning","floor":3},{"not_picked":["Gash","Sweeping Beam"],"picked":"White Noise","floor":5},{"not_picked":["Streamline","Compile Driver"],"picked":"Chaos","floor":7},{"not_picked":["Hologram","Stack"],"picked":"Core Surge","floor":10},{"not_picked":["Skim","Hologram","Stack"],"picked":"SKIP","floor":11},{"not_picked":["Redo","Leap"],"picked":"Conserve Battery","floor":13},{"not_picked":["Steam","Go for the Eyes"],"picked":"Coolheaded","floor":14},{"not_picked":["Amplify","Core Surge"],"picked":"Creative AI","floor":16},{"not_picked":["Coolheaded","Cold Snap","Leap+1"],"picked":"SKIP","floor":18},{"not_picked":["Hologram","Storm"],"picked":"Turbo","floor":19},{"not_picked":["Conserve Battery","Ball Lightning"],"picked":"Reinforced Body","floor":22}],"player_experience":700616,"relics_obtained":[{"floor":7,"key":"Art of War"},{"floor":9,"key":"Lantern"},{"floor":13,"key":"Potion Belt"},{"floor":21,"key":"Red Mask"}],"event_choices":[{"cards_removed":["Defend_B"],"damage_healed":0,"gold_gain":0,"player_choice":"Card Removal","damage_taken":0,"max_hp_gain":0,"max_hp_loss":0,"event_name":"The Cleric","floor":2,"gold_loss":50},{"damage_healed":0,"gold_gain":0,"player_choice":"1 cards matched","damage_taken":0,"max_hp_gain":0,"max_hp_loss":0,"event_name":"Match and Keep!","floor":4,"gold_loss":0,"cards_obtained":["Buffer"]},{"damage_healed":0,"gold_gain":0,"player_choice":"Entered Light","damage_taken":15,"max_hp_gain":0,"max_hp_loss":0,"event_name":"Shining Light","floor":12,"gold_loss":0,"cards_upgraded":["Zap","Core Surge"]},{"damage_healed":0,"gold_gain":0,"player_choice":"Fought Bandits","damage_taken":0,"max_hp_gain":0,"max_hp_loss":0,"event_name":"Masked Bandits","floor":21,"gold_loss":0}],"is_beta":false,"boss_relics":[{"not_picked":["SlaversCollar","Tiny House"],"picked":"Astrolabe"}],"items_purged_floors":[8,20],"is_endless":false,"potions_floor_spawned":[1,5,10,16,19,22],"killed_by":"Slavers","ascension_level":12}}