{"host":"uohgqexxxcaim5wq","time":1610496255,"event":{"mods":["AchievementEnabler","Act Like it!","Ascension Reborn","Aspiration","BaseMod","Better Match","Better Note","Better Third Choice","BetterRewards","Conspire","Decade(???)","Downfall","GifTheSpireLib","Halation","Hallownest","Hubris","Infinite Spire","Minty Spire (QoL Compilation)","Pale of the Ancients","Permanent Neow","Quick Restart","Remove Card Discount Mod","Replay The Spire","Shedinja","Shop Mod","Spicy Shops","Spikes Relics","StSLib","Stuff the Spire","TestMod","The Bug Knight","The IronCluck","The Wild Card","Trackpad","Wandering Minibosses","vexMod"],"gold_per_floor":[349,362,362,377,377,377,377,394,394,143,68,2,2,51,68,171,171,96,108,136,136,136,168,168,43,43,43,43],"floor_reached":27,"language":"ENG","playtime":1638,"items_purged":[],"score":374,"play_id":"c5c41191-f524-4d0f-a1c2-332dbec9e941","local_time":"20210112190415","is_ascension_mode":true,"campfire_choices":[{"floor":1.0,"key":"RECALL"},{"floor":11.0,"key":"REST"},{"data":"HollowMod:ShadowDash","floor":13.0,"key":"SMITH"},{"data":"HollowMod:HornetsHelp","floor":18,"key":"SMITH"}],"circlet_count":0,"master_deck":["HollowMod:NailStrikeStart+1","HollowMod:NailStrikeStart+1","HollowMod:NailStrikeStart+1","HollowMod:NailStrikeStart+1","HollowMod:QuickDashStart+1","HollowMod:QuickDashStart","HollowMod:QuickDashStart","HollowMod:QuickDashStart","HollowMod:FocusHealStart","HollowMod:PogoStrike+1","Shedinja:Endure","Neutralize","HollowMod:FallenFury","HollowMod:ChannelNail+1","HollowMod:FastStrike","HollowMod:HornetsHelp+1","HollowMod:VengefulVoid","HollowMod:SiblingsShadow+1","HollowMod:ShadowDash+1","HollowMod:WraithStrike+1","HollowMod:SiblingsSouls","HollowMod:Weaversong","HollowMod:VengefulVoid","hubris:Greed","hubris:Greed","HollowMod:WraithStrike","Clumsy","hubris:Greed","hubris:Greed","HollowMod:ShadowDash+1","hubris:Greed","hubris:Greed","hubris:Greed","hubris:Greed","HollowMod:CycloneSlash","HollowMod:AbyssShriek","HollowMod:LifebloodCocoon+1","hubris:Greed"],"relics":["HollowMod:VesselMask","testmod-TestBox","testmod-Antiphasic","halation:PinkSoulGem","Hallownest:SalubrasBlessingRelic","Strange Spoon","downfall:HeartBlessingRed","StuffTheSpire:Experiment12","halation:HeavySnake","downfall:HeartBlessingBlue","Replay:Bottled Eggs","Onion Ring","Eternal Feather"],"acts_visited":["Hallownest:Greenpath","Hallownest:CityofTears"],"potions_floor_usage":[16,20],"damage_taken":[{"damage":1.0,"enemies":"Hallownest:2_Tiktiks_and_1_Crawlid","floor":2.0,"turns":5.0},{"damage":0.0,"enemies":"Hallownest:monsterHuskWarrior","floor":4.0,"turns":3.0},{"damage":4.0,"enemies":"2_ Uuma","floor":8.0,"turns":3.0},{"damage":0.0,"enemies":"downfall:FleeingMerchant","floor":10.0,"turns":4.0},{"damage":5.0,"enemies":"downfall:FleeingMerchant","floor":12.0,"turns":4.0},{"damage":16,"enemies":"Hallownest:2_Tiktiks_1_Baldur_1_Crawlid","floor":15,"turns":4},{"damage":29,"enemies":"downfall:Silent","floor":16,"turns":6},{"damage":47,"enemies":"Hallownest:Flukemon_and_Top","floor":19,"turns":5},{"damage":6,"enemies":"Hallownest:2_Mistakes","floor":20,"turns":5},{"damage":19,"enemies":"Hallownest:Warrior_and_Youth","floor":23,"turns":4},{"damage":11,"enemies":"downfall:FleeingMerchant","floor":25,"turns":4},{"damage":10,"enemies":"Hallownest:2_Husk_Sentries","floor":27,"turns":1}],"seed_played":"9097773903529196419","potions_obtained":[{"floor":4.0,"key":"Energy Potion"},{"floor":16,"key":"testmod-TestPotion"},{"floor":20,"key":"Dexterity Potion"},{"floor":23,"key":"GamblersBrew"}],"is_trial":false,"path_per_floor":["R","M","?","M","?","?","T","M","?","$","R","$","R","T","M","B",null,"R","M","M","T","?","M","T","$","?","M"],"character_chosen":"THE_BUGKNIGHT","items_purchased":["Strange Spoon","HollowMod:VengefulVoid","HollowMod:SiblingsShadow","HollowMod:WraithStrike","HollowMod:AbyssShriek","HollowMod:LifebloodCocoon+1"],"campfire_rested":1,"item_purchase_floors":[10,10,10,12,25,25],"current_hp_per_floor":[75,75,75,75,75,75,75,71,71,71,77,72,72,72,56,27,77,87,40,34,34,34,15,15,4,7,0,0],"gold":43,"neow_bonus":"TWO_FIFTY_GOLD","is_daily":false,"chose_seed":false,"campfire_upgraded":2,"win_rate":0.0,"timestamp":1610496255,"path_taken":["R","M","?","M","?","?","T","?","?","?","R","$","R","?","M","BOSS","R","M","M","?","?","M","T","$","?","M"],"items_purchased_type":["Relic","Card","Card","Card","Card","Card"],"build_version":"2020-12-22","purchased_purges":0,"victory":false,"max_hp_per_floor":[75,75,75,75,75,75,75,75,75,75,77,77,77,77,77,77,77,87,87,87,87,87,87,87,87,90,90,90],"card_choices":[{"not_picked":["HollowMod:SoulShaman","HollowMod:SoulStrike"],"picked":"HollowMod:FallenFury","floor":2.0},{"not_picked":["HollowMod:SoulShaman","HollowMod:BaldurShell"],"picked":"HollowMod:ChannelNail","floor":4.0},{"not_picked":["HollowMod:HuntersJournal","HollowMod:MawleksShell"],"picked":"HollowMod:FastStrike","floor":8.0},{"not_picked":["HollowMod:MawleksShell","HollowMod:LifebloodCocoon"],"picked":"HollowMod:HornetsHelp","floor":10.0},{"not_picked":["HollowMod:PureNailStrike","HollowMod:InfectedAttack"],"picked":"HollowMod:ShadowDash","floor":12.0},{"not_picked":["HollowMod:MonarchWings","HollowMod:SoulStrike"],"picked":"HollowMod:SiblingsSouls","floor":15},{"not_picked":["HollowMod:ElderbugsWisdom","HollowMod:VoidDash"],"picked":"HollowMod:Weaversong","floor":16},{"not_picked":["HollowMod:InfectedAttack+1","HollowMod:BaldurShell"],"picked":"HollowMod:VengefulVoid","floor":19},{"not_picked":["HollowMod:InfectedCysts","HollowMod:NewJinnsSoul"],"picked":"HollowMod:WraithStrike","floor":20},{"not_picked":["HollowMod:SiblingsShadow+1","HollowMod:GoodIntentions+1"],"picked":"HollowMod:ShadowDash+1","floor":23},{"not_picked":["HollowMod:MonarchWings+1","HollowMod:InfectedAttack"],"picked":"HollowMod:CycloneSlash","floor":25}],"player_experience":167899,"relics_obtained":[{"floor":14.0,"key":"StuffTheSpire:Experiment12"},{"floor":21,"key":"Replay:Bottled Eggs"},{"floor":24,"key":"Eternal Feather"}],"event_choices":[],"is_beta":false,"boss_relics":[{"not_picked":["hubris:TerracottaHorce","Ring of Chaos"],"picked":"halation:HeavySnake"}],"items_purged_floors":[],"is_endless":false,"potions_floor_spawned":[4,16,20,23],"killed_by":"Hallownest:2_Husk_Sentries","ascension_level":0}}