{"host":"ojme7g6xlqwffsso","time":1610575121,"event":{"mods":["BaseMod","Downfall","Minty Spire (QoL Compilation)","Shop Mod","StSLib"],"gold_per_floor":[99,119,136,136,147,181,181,197,222,239,267,278,278,378,392,392,392,392],"floor_reached":16,"language":"ENG","playtime":607,"items_purged":[],"score":149,"play_id":"a34a65f2-bdf9-4ef1-b0e0-4754368dee7c","local_time":"20210114065841","is_ascension_mode":true,"campfire_choices":[{"data":"hexamod:Float","floor":1,"key":"SMITH"}],"circlet_count":0,"master_deck":["hexamod:Strike","hexamod:Strike","hexamod:Strike+1","hexamod:Strike+1","hexamod:Defend","hexamod:Defend","hexamod:Defend","hexamod:Defend","hexamod:Sear","hexamod:Float+1","hexamod:ParanormalForm","hexamod:BacktrackSmack","hexamod:GhostShield","hexamod:FastForward","hexamod:SpectersWail","hexamod:SwordOfDarkness","hexamod:HexaLevel","hexamod:EmpoweredFlame","hexamod:RadiantFlame","hexamod:FirstSeal","hexamod:HauntingEcho"],"relics":["hexamod:SpiritBrand","White Beast Statue","Shuriken","Sundial","Whetstone"],"acts_visited":["Exordium"],"potions_floor_usage":[5,6,11,16,16],"damage_taken":[{"damage":1,"enemies":"Jaw Worm","floor":2,"turns":4},{"damage":0,"enemies":"Cultist","floor":3,"turns":3},{"damage":6,"enemies":"2 Louse","floor":5,"turns":2},{"damage":19,"enemies":"3 Sentries","floor":6,"turns":8},{"damage":0,"enemies":"Red Slaver","floor":8,"turns":4},{"damage":10,"enemies":"Gremlin Nob","floor":9,"turns":3},{"damage":8,"enemies":"Blue Slaver","floor":10,"turns":3},{"damage":6,"enemies":"Lagavulin","floor":11,"turns":7},{"damage":6,"enemies":"Exordium Wildlife","floor":12,"turns":4},{"damage":16,"enemies":"2 Fungi Beasts","floor":15,"turns":4},{"damage":31,"enemies":"downfall:Silent","floor":16,"turns":6}],"seed_played":"761507658414428439","potions_obtained":[{"floor":4,"key":"Fire Potion"},{"floor":4,"key":"LiquidBronze"},{"floor":4,"key":"DistilledChaos"},{"floor":5,"key":"hexamod:DoubleChargePotion"},{"floor":8,"key":"LiquidBronze"},{"floor":10,"key":"Regen Potion"},{"floor":11,"key":"hexamod:EctoCoolerPotion"}],"is_trial":false,"path_per_floor":["R","M","M","?","M","E","T","M","E","M","E","M","?","?","M","B"],"character_chosen":"THE_SPIRIT","items_purchased":[],"campfire_rested":0,"item_purchase_floors":[],"current_hp_per_floor":[70,69,69,69,63,44,44,44,34,26,35,29,34,34,25,0,0,0],"gold":392,"neow_bonus":"ONE_RANDOM_RARE_CARD","is_daily":false,"chose_seed":false,"campfire_upgraded":1,"win_rate":0.0,"timestamp":1610575121,"path_taken":["R","M","M","?","?","E","T","M","E","M","E","M","?","?","M","BOSS"],"items_purchased_type":[],"build_version":"2020-12-22","purchased_purges":0,"victory":false,"max_hp_per_floor":[70,70,70,70,70,70,70,70,70,70,70,70,75,75,75,75,75,75],"card_choices":[{"not_picked":["hexamod:RainOfEmbers","hexamod:PhantomCloak"],"picked":"hexamod:BacktrackSmack","floor":2},{"not_picked":["hexamod:NightmareGuise","hexamod:RetreatToShadows"],"picked":"hexamod:GhostShield","floor":3},{"not_picked":["hexamod:InspiringFlames","hexamod:GiftsFromTheDead"],"picked":"hexamod:FastForward","floor":5},{"not_picked":["hexamod:RainOfEmbers","hexamod:DynamicBlow"],"picked":"hexamod:SpectersWail","floor":6},{"not_picked":["hexamod:RetreatToShadows","hexamod:PowerFromBeyond"],"picked":"hexamod:SwordOfDarkness","floor":8},{"not_picked":["hexamod:GhostLash","hexamod:HeatMetal"],"picked":"hexamod:HexaLevel","floor":9},{"not_picked":["hexamod:FlamesFromBeyond","hexamod:BurningTouch"],"picked":"hexamod:EmpoweredFlame","floor":10},{"not_picked":["hexamod:FourthSeal","hexamod:CrushingStance"],"picked":"hexamod:RadiantFlame","floor":11},{"not_picked":["hexamod:InspiringFlames","hexamod:ShieldOfDarkness"],"picked":"hexamod:FirstSeal","floor":12},{"not_picked":["hexamod:RainOfEmbers","hexamod:ParanormalForm"],"picked":"hexamod:HauntingEcho","floor":15}],"player_experience":842425,"relics_obtained":[{"floor":6,"key":"White Beast Statue"},{"floor":7,"key":"Shuriken"},{"floor":9,"key":"Sundial"},{"floor":11,"key":"Whetstone"}],"event_choices":[{"damage_healed":0,"gold_gain":0,"player_choice":"Got Potions","damage_taken":0,"max_hp_gain":0,"max_hp_loss":0,"event_name":"Lab","floor":4,"gold_loss":0},{"damage_healed":0,"gold_gain":0,"player_choice":"Donut","damage_taken":0,"max_hp_gain":5,"max_hp_loss":0,"event_name":"Big Fish","floor":13,"gold_loss":0}],"is_beta":false,"boss_relics":[],"items_purged_floors":[],"is_endless":false,"potions_floor_spawned":[5,8,9,10,11,12,15],"killed_by":"downfall:Silent","ascension_level":4}}