{"host":"pq8o62wp0h1hflf3","time":1610563142,"event":{"mods":["BaseMod","Minty Spire (QoL Compilation)","Relic Stats","ojb\u0027s Info Mod"],"gold_per_floor":[116,116,116,16,32,67,67,100,100,126,140,159,174,202,202,202,202],"floor_reached":16,"language":"ENG","playtime":742,"items_purged":[],"score":290,"play_id":"6242d561-8543-4b62-afb8-2febe916d432","local_time":"20210113133902","is_ascension_mode":true,"campfire_choices":[{"floor":7,"key":"DIG"},{"floor":15,"key":"DIG"}],"circlet_count":0,"master_deck":["AscendersBane","Strike_B","Strike_B","Strike_B","Defend_B+1","Defend_B","Defend_B+1","Defend_B","Zap","Dualcast","FTL","Turbo","Rip and Tear","Cold Snap","Defragment","Compile Driver","Capacitor","Leap","Self Repair"],"relics":["Cracked Core","NeowsBlessing","NlothsMask","Shovel","War Paint","Symbiotic Virus","Regal Pillow","Odd Mushroom","Pen Nib"],"acts_visited":["Exordium"],"potions_floor_usage":[16],"damage_taken":[{"damage":0,"enemies":"2 Louse","floor":1,"turns":1},{"damage":0,"enemies":"Small Slimes","floor":5,"turns":1},{"damage":0,"enemies":"Gremlin Nob","floor":6,"turns":1},{"damage":9,"enemies":"3 Sentries","floor":8,"turns":11},{"damage":5,"enemies":"Gremlin Nob","floor":10,"turns":3},{"damage":0,"enemies":"Cultist","floor":11,"turns":3},{"damage":15,"enemies":"3 Louse","floor":12,"turns":3},{"damage":0,"enemies":"Exordium Wildlife","floor":13,"turns":2},{"damage":13,"enemies":"The Mushroom Lair","floor":14,"turns":5},{"damage":36,"enemies":"The Guardian","floor":16,"turns":2}],"seed_played":"-7624854754631128389","potions_obtained":[{"floor":1,"key":"LiquidBronze"},{"floor":6,"key":"SpeedPotion"},{"floor":8,"key":"Strength Potion"}],"is_trial":false,"path_per_floor":["M","?","?","$","M","E","R","E","T","E","M","M","M","?","R","B"],"character_chosen":"DEFECT","items_purchased":["Rip and Tear","Cold Snap"],"campfire_rested":0,"item_purchase_floors":[4,4],"current_hp_per_floor":[64,64,64,64,64,64,64,55,55,50,50,35,35,22,22,0,0],"gold":202,"neow_bonus":"THREE_ENEMY_KILL","is_daily":false,"chose_seed":false,"campfire_upgraded":0,"win_rate":0.0,"timestamp":1610563142,"path_taken":["M","?","?","$","?","E","R","E","T","E","M","M","M","?","R","BOSS"],"items_purchased_type":["Card","Card"],"build_version":"2020-12-22","purchased_purges":0,"victory":false,"max_hp_per_floor":[71,71,71,71,71,71,71,71,71,71,71,71,71,71,71,71,71],"relic_stats":{"Regal Pillow":0,"Shovel":2,"counters":[10,32],"Pen Nib":[0],"War Paint":["Defend_B","Defend_B"],"obtain_stats":[{"Regal Pillow":10,"Shovel":6,"NeowsBlessing":0,"Pen Nib":15,"War Paint":7,"Odd Mushroom":14,"Cracked Core":0,"Symbiotic Virus":8,"NlothsMask":3},{"Regal Pillow":5,"Shovel":3,"NeowsBlessing":0,"Pen Nib":9,"War Paint":3,"Odd Mushroom":9,"Cracked Core":0,"Symbiotic Virus":4,"NlothsMask":1},{"Regal Pillow":17,"Shovel":3,"NeowsBlessing":0,"Pen Nib":30,"War Paint":3,"Odd Mushroom":30,"Cracked Core":0,"Symbiotic Virus":14,"NlothsMask":1}]},"card_choices":[{"not_picked":["Beam Cell","Coolheaded"],"picked":"FTL","floor":1},{"not_picked":["Barrage","Rip and Tear"],"picked":"Defragment","floor":5},{"not_picked":["Hello World","Reprogram"],"picked":"Compile Driver","floor":6},{"not_picked":["Reprogram","Sweeping Beam"],"picked":"Capacitor","floor":8},{"not_picked":["Chill","Go for the Eyes"],"picked":"Leap","floor":10},{"not_picked":["Stack","Meteor Strike","Compile Driver"],"picked":"SKIP","floor":11},{"not_picked":["Blizzard","Sweeping Beam","Steam Power"],"picked":"SKIP","floor":12},{"not_picked":["Rebound","Redo","Stack"],"picked":"SKIP","floor":13},{"not_picked":["Auto Shields","Lockon"],"picked":"Self Repair","floor":14}],"player_experience":1131916,"relics_obtained":[{"floor":6,"key":"Shovel"},{"floor":7,"key":"War Paint"},{"floor":8,"key":"Symbiotic Virus"},{"floor":10,"key":"Regal Pillow"},{"floor":14,"key":"Odd Mushroom"},{"floor":15,"key":"Pen Nib"}],"event_choices":[{"damage_healed":0,"gold_gain":0,"cards_transformed":["Strike_B"],"player_choice":"Change","damage_taken":0,"max_hp_gain":0,"max_hp_loss":0,"event_name":"Living Wall","floor":2,"gold_loss":0,"cards_obtained":["Turbo"]},{"damage_healed":0,"gold_gain":0,"player_choice":"Trade","damage_taken":0,"relics_obtained":["NlothsMask"],"max_hp_gain":0,"max_hp_loss":0,"event_name":"FaceTrader","floor":3,"gold_loss":0},{"damage_healed":0,"gold_gain":0,"player_choice":"Fought Mushrooms","damage_taken":0,"max_hp_gain":0,"max_hp_loss":0,"event_name":"Mushrooms","floor":14,"gold_loss":0}],"is_beta":false,"boss_relics":[],"items_purged_floors":[],"is_endless":false,"potions_floor_spawned":[1,6,8,11,13],"killed_by":"The Guardian","ascension_level":20}}