{"host":"dwyzfvnzfcqffr30","time":1610580787,"event":{"mods":["2.2 Compatiblity","Act Like it!","BaseMod","Beaked The Cultist","Better Altar","Better Match","Better Note","Better Sensory Stone","Better Skull","Better Third Choice","Clockwork Mod","Colored Map","Colored Powertips","Conspire","Downfall","Elementarium","GifTheSpireLib","Halation","Hermit","Hubris","Infinite Spire","Ironclad Rager","Jedi Mod","Menagerie","Mimic Mod","Minty Spire (QoL Compilation)","Permanent Neow","Random Character Button","Replay The Spire","Spicy Shops","Spikes Relics","StSLib","Stuff the Spire","The Construct","The Disciple","The Druid","The Marked","TheFirefly","Trackpad","Wandering Minibosses","vexMod"],"gold_per_floor":[109,119,119,129,141,173,193,225,225,252,252,284,302,314,314,393,393,410,362,362,311,330,330,347,347,382,411,422,422,1175,1206,1206,1283,1283,1300,1350,1366,1366,804,830,830,863,887,897,925,925,945,980,980,980,980,980,34,69,69,69],"floor_reached":55,"language":"ENG","playtime":32853,"items_purged":["beaked:Strike_Y+1"],"score":1252,"play_id":"f91161c7-5f11-4f7d-bf40-9e1a08bc8738","local_time":"20210113153307","is_ascension_mode":true,"campfire_choices":[{"floor":15,"key":"RECALL"},{"floor":23,"key":"REST"},{"data":"beaked:WindBringer+1","floor":25,"key":"SMITH"},{"data":"StuffTheSpire:PestControl","floor":32,"key":"SMITH"},{"floor":41,"key":"REST"},{"data":"StuffTheSpire:BrainWave","floor":52,"key":"SMITH"}],"circlet_count":0,"master_deck":["AscendersBane","beaked:Strike_Y+1","beaked:Strike_Y+1","beaked:Strike_Y+1","beaked:Strike_Y+1","beaked:Defend_Y+1","beaked:Defend_Y+1","beaked:Defend_Y+1","beaked:Defend_Y+1","beaked:Ceremony+1","beaked:Ceremony+1","beaked:Ceremony+1","Apotheosis+1","MasterReality+1","beaked:BraceForImpact+1","beaked:AwakenedForm+1","beaked:Resilience+1","beaked:Tweet+1","beaked:Evade+1","beaked:WindBringer+2","beaked:KnowThyFoe+1","ReplayTheSpireMod:RavenHex+1","beaked:CrazyRituals+1","StuffTheSpire:PestControl+1","StuffTheSpire:BrainWave+1","Poisoned Strike+1","beaked:MaddeningMurmurs+1","beaked:WarriorEssence+1","beaked:RitualOfBody+1","beaked:Hexing+1","beaked:Hexing+1"],"relics":["beaked:MendingPlumage","Toxic Egg 2","Molten Egg 2","Frozen Egg 2","Quantum Egg","conspire:InfiniteJournal","Bottled Tornado","jedi:crownofsimplicity","hubris:TenFootPole","infinitespire:Broken Mirror","Bag of Marbles","hubris:Potato","construct:ClawGrip","Molten Egg 2","vexMod:MemoryStick","wanderingMiniBosses:MasterThiefsPresence","trackpad:IceCube","SlaversCollar","Replay:Multitool","BargainBundle","jedi:shrinkray","Pantograph","jedi:cryingmask","conspire:DecoderRing","StuffTheSpire:DarkSteelAnvil","Potion Belt","hubris:TinFlute","halation:EternalFortune","Nunchaku","Replay:Wax Seal","BicycleWheel","StuffTheSpire:Tea","Art of War","Replay:Mystery Machine"],"acts_visited":["Menagerie:Menagerie","TheCity","TheBeyond","TheEnding"],"potions_floor_usage":[6,6,19,33,33,40,44,50,50,54,54,55,55],"damage_taken":[{"damage":0,"enemies":"Menagerie:StygianBoar","floor":1,"turns":3},{"damage":4,"enemies":"Menagerie:2_RABBITS","floor":2,"turns":4},{"damage":1,"enemies":"Menagerie:MonstrousExperiment","floor":4,"turns":5},{"damage":0,"enemies":"Menagerie:MENAGERIE_WILDLIFE","floor":5,"turns":4},{"damage":22,"enemies":"Menagerie:MaskedSummoner","floor":6,"turns":9},{"damage":12,"enemies":"Menagerie:EntropyWarlock","floor":7,"turns":4},{"damage":18,"enemies":"Menagerie:Hydra","floor":8,"turns":4},{"damage":33,"enemies":"Menagerie:MaskedSummoner","floor":10,"turns":7},{"damage":7,"enemies":"Menagerie:VoidReaper","floor":12,"turns":4},{"damage":8,"enemies":"Menagerie:3_RABBITS","floor":13,"turns":4},{"damage":8,"enemies":"Menagerie:STYGIAN_BOAR_AND_RABBIT","floor":14,"turns":3},{"damage":8,"enemies":"Menagerie:Chimera","floor":16,"turns":7},{"damage":22,"enemies":"2 Thieves","floor":18,"turns":3},{"damage":0,"enemies":"Spheric Guardian","floor":19,"turns":6},{"damage":14,"enemies":"Shelled Parasite and Fungi","floor":21,"turns":7},{"damage":30,"enemies":"Sentry and Sphere","floor":22,"turns":5},{"damage":9,"enemies":"Replay:Snechameleon","floor":24,"turns":7},{"damage":0,"enemies":"Cultist and Chosen","floor":26,"turns":6},{"damage":0,"enemies":"Book of Stabbing","floor":27,"turns":4},{"damage":28,"enemies":"Cultist and Chosen","floor":28,"turns":6},{"damage":16,"enemies":"conspire:HollyBat","floor":30,"turns":9},{"damage":5,"enemies":"Gremlin Leader","floor":31,"turns":3},{"damage":3,"enemies":"Champ","floor":33,"turns":6},{"damage":34,"enemies":"3 Darklings","floor":35,"turns":4},{"damage":3,"enemies":"2 Orb Walkers","floor":36,"turns":4},{"damage":5,"enemies":"3 Shapes","floor":37,"turns":3},{"damage":39,"enemies":"Reptomancer","floor":40,"turns":4},{"damage":0,"enemies":"Nemesis","floor":42,"turns":7},{"damage":3,"enemies":"Transient","floor":44,"turns":5},{"damage":24,"enemies":"beaked:SuperParasite","floor":45,"turns":6},{"damage":32,"enemies":"3 Darklings","floor":47,"turns":4},{"damage":55,"enemies":"Reptomancer","floor":48,"turns":7},{"damage":28,"enemies":"Replay:Hell Engine","floor":50,"turns":11},{"damage":88,"enemies":"Shield and Spear","floor":54,"turns":7},{"damage":56,"enemies":"The Heart","floor":55,"turns":3}],"seed_played":"-2514507012767983111","potions_obtained":[{"floor":1,"key":"SpeedPotion"},{"floor":4,"key":"jedi:StrikingPotion"},{"floor":12,"key":"Strength Potion"},{"floor":16,"key":"jedi:holywater"},{"floor":27,"key":"CultistPotion"},{"floor":33,"key":"Elixir"},{"floor":47,"key":"Dexterity Potion"},{"floor":54,"key":"Dexterity Potion"}],"is_trial":false,"path_per_floor":["M","M","T","M","M","E","M","E","T","E","?","E","M","M","R","B",null,"M","M","?","M","M","R","E","R","MIM","E","M","?","M","E","R","B",null,"M","?","M","?","$","E","R","E","T","M","E","?","M","E","R","B",null,"R","$","E","B"],"character_chosen":"BEAKED_THE_CULTIST","items_purchased":["Poisoned Strike+1","BargainBundle","jedi:shrinkray","Pantograph","jedi:cryingmask","beaked:MaddeningMurmurs+1","ColorlessPotion","Replay:Wax Seal","BicycleWheel","StuffTheSpire:Tea","Art of War","DuplicationPotion","LiquidBronze","beaked:Hexing+1","Adrenaline Potion"],"campfire_rested":2,"item_purchase_floors":[39,39,39,39,39,39,39,53,53,53,53,53,53,53,53],"current_hp_per_floor":[52,58,58,60,60,60,58,55,55,44,49,65,61,64,64,65,65,56,65,65,65,49,65,65,65,65,65,58,49,65,63,63,65,65,43,61,65,59,59,33,50,59,59,59,58,61,49,54,54,62,62,62,62,12,0,0],"gold":69,"neow_bonus":"TWENTY_PERCENT_HP_BONUS","is_daily":false,"chose_seed":false,"campfire_upgraded":3,"win_rate":0.0,"timestamp":1610580787,"path_taken":["M","M","?","M","M","E","M","E","T","E","?","E","?","M","R","BOSS","M","M","?","?","M","R","E","R","MIM","E","M","?","M","E","R","BOSS","M","?","M","?","$","E","R","E","T","M","E","?","M","E","R","BOSS","R","$","E","BOSS"],"items_purchased_type":["Card","Relic","Relic","Relic","Relic","Card","Potion","Relic","Relic","Relic","Relic","Potion","Potion","Card","Potion"],"build_version":"2020-12-22","purchased_purges":1,"victory":false,"max_hp_per_floor":[60,60,60,60,60,60,60,60,60,60,65,65,65,65,65,65,65,65,65,65,65,65,65,65,65,65,65,65,65,65,65,65,65,65,65,65,65,59,59,59,59,59,59,59,59,62,62,62,62,62,62,62,62,62,62,62],"card_choices":[{"not_picked":["beaked:FeelMyPain+1","beaked:Daydream+1"],"picked":"beaked:BraceForImpact+1","floor":1},{"not_picked":["beaked:WarriorSpirit+1","beaked:Redirect+1"],"picked":"beaked:AwakenedForm+1","floor":2},{"not_picked":["beaked:StunningBlow+1","beaked:DigDeep+1"],"picked":"beaked:Resilience+1","floor":4},{"not_picked":["ReplayTheSpireMod:Prepare the Ceremony+1","beaked:Overexert+1"],"picked":"beaked:Tweet+1","floor":5},{"not_picked":["ReplayTheSpireMod:Owlgaze+1","beaked:Daydream+1"],"picked":"beaked:Evade+1","floor":6},{"not_picked":["beaked:Tweet+1","beaked:FeelMyPain+1","beaked:Overpower+1"],"picked":"SKIP","floor":7},{"not_picked":["beaked:BarbedWire+1","beaked:FullHouse+1","beaked:Tweet+1"],"picked":"SKIP","floor":8},{"not_picked":["beaked:MachineSpirit+1","beaked:Daydream+1","beaked:ShadowFade+1"],"picked":"SKIP","floor":10},{"not_picked":["beaked:CursingBlood+1","beaked:Recite+1","beaked:FeelMyPain+1"],"picked":"SKIP","floor":12},{"not_picked":["beaked:DigDeep+1","beaked:Daydream+1"],"picked":"beaked:WindBringer+1","floor":13},{"not_picked":["beaked:Tweet+1","beaked:CursingBlood+1","beaked:Poke+1"],"picked":"SKIP","floor":14},{"not_picked":["beaked:Brainwash+1","beaked:DarkTribute+1"],"picked":"beaked:KnowThyFoe+1","floor":16},{"not_picked":["beaked:Flinch+1","beaked:Replenish+1","beaked:BraceForImpact+1"],"picked":"SKIP","floor":18},{"not_picked":["beaked:WarriorEssence+1","beaked:Redirect+1","beaked:DigDeep+1"],"picked":"SKIP","floor":19},{"not_picked":["beaked:Tweet+1","beaked:Flinch+1"],"picked":"ReplayTheSpireMod:RavenHex+1","floor":21},{"not_picked":["beaked:Redirect+1","beaked:Evade+1","beaked:Cower+1"],"picked":"SKIP","floor":22},{"not_picked":["beaked:Poke+1","beaked:Brainwash+1"],"picked":"beaked:CrazyRituals+1","floor":24},{"not_picked":["beaked:Tweet+1","beaked:Resilience+1","beaked:Redirect+1"],"picked":"SKIP","floor":27},{"not_picked":["beaked:Redirect+1","beaked:CursingBlood+1","beaked:Foresight+1"],"picked":"SKIP","floor":28},{"not_picked":["beaked:BraceForImpact+1","beaked:HuntressSpirit+1","beaked:Foresight+1"],"picked":"SKIP","floor":30},{"not_picked":["ReplayTheSpireMod:Wings of Steel+1","beaked:Negation+1","beaked:MimicHuntress+1"],"picked":"SKIP","floor":31},{"not_picked":["ReplayTheSpireMod:Wings of Steel+1","beaked:Negation+1","beaked:MimicHuntress+1"],"picked":"SKIP","floor":31},{"not_picked":["beaked:BounceBack+1","beaked:Redirect+1","beaked:Resilience+1"],"picked":"SKIP","floor":35},{"not_picked":["beaked:DigDeep+1","beaked:Redirect+1","beaked:Windmill+1"],"picked":"SKIP","floor":37},{"not_picked":["beaked:Evade+1","beaked:MimicMachine+1"],"picked":"beaked:WarriorEssence+1","floor":40},{"not_picked":["beaked:SurvivalInstinct+1","beaked:TuckingFeathers+1","beaked:BraceForImpact+1"],"picked":"SKIP","floor":42},{"not_picked":["beaked:DigDeep+1","beaked:HuntressEssence+1","beaked:Foresight+1"],"picked":"SKIP","floor":44},{"not_picked":["beaked:Windmill+1","beaked:Replenish+1","beaked:SurvivalInstinct+1"],"picked":"SKIP","floor":45},{"not_picked":["beaked:FakeOut+1","beaked:Daydream+1"],"picked":"beaked:RitualOfBody+1","floor":47},{"not_picked":["beaked:Windmill+1","beaked:DigDeep+1","beaked:Devastation+1"],"picked":"SKIP","floor":48},{"not_picked":["beaked:Flinch+1","beaked:AwakenedForm+1"],"picked":"beaked:Hexing+1","floor":54}],"player_experience":2776504,"relics_obtained":[{"floor":6,"key":"jedi:crownofsimplicity"},{"floor":8,"key":"hubris:TenFootPole"},{"floor":9,"key":"infinitespire:Broken Mirror"},{"floor":10,"key":"Bag of Marbles"},{"floor":12,"key":"hubris:Potato"},{"floor":24,"key":"Molten Egg 2"},{"floor":27,"key":"vexMod:MemoryStick"},{"floor":30,"key":"wanderingMiniBosses:MasterThiefsPresence"},{"floor":31,"key":"trackpad:IceCube"},{"floor":36,"key":"Replay:Multitool"},{"floor":40,"key":"conspire:DecoderRing"},{"floor":42,"key":"StuffTheSpire:DarkSteelAnvil"},{"floor":43,"key":"Potion Belt"},{"floor":45,"key":"hubris:TinFlute"},{"floor":48,"key":"Nunchaku"},{"floor":54,"key":"Replay:Mystery Machine"}],"event_choices":[{"damage_healed":0,"gold_gain":0,"player_choice":"Simplicity","damage_taken":0,"max_hp_gain":0,"max_hp_loss":10,"event_name":"betterThird:BetterWriting","floor":0,"gold_loss":0},{"damage_healed":0,"gold_gain":0,"player_choice":"Shield","damage_taken":0,"max_hp_gain":5,"max_hp_loss":0,"event_name":"Menagerie:HarrowingRitual","floor":11,"gold_loss":0},{"cards_removed":["beaked:Strike_Y"],"damage_healed":0,"gold_gain":0,"player_choice":"Purged","damage_taken":0,"max_hp_gain":0,"max_hp_loss":0,"event_name":"Purifier","floor":20,"gold_loss":0},{"damage_healed":0,"gold_gain":0,"player_choice":"Fight","damage_taken":0,"max_hp_gain":0,"max_hp_loss":0,"event_name":"Mysterious Sphere","floor":36,"gold_loss":0}],"is_beta":false,"boss_relics":[{"not_picked":["vexMod:RockOfEvil","conspire:SpecialSausage"],"picked":"construct:ClawGrip"},{"not_picked":["Replay:Ancient Bell","jedi:hotpepper"],"picked":"SlaversCollar"}],"items_purged_floors":[39],"is_endless":false,"potions_floor_spawned":[1,4,5,12,16,27,30,31,33,36,40,42,47,54],"killed_by":"The Heart","ascension_level":13}}