{"host":"x21cvmfdo17nyhii","time":1610528797,"event":{"mods":["AchievementEnabler","BaseMod","Colored Map","Colored Powertips","DeckTracker","Highlight Path","Minty Spire (QoL Compilation)","Quick Restart","Rare Cards Sparkle","SuperFastMode"],"gold_per_floor":[99,99,99,99,99,99,99,49,49,49,19,19,19,19,19,19,19,19,19,19,19,19,19,19,19,19],"floor_reached":25,"language":"ENG","playtime":797,"items_purged":[],"score":215,"play_id":"e4398d3a-03b7-4790-8826-78368cc0e35e","local_time":"20210113010637","is_ascension_mode":false,"campfire_choices":[{"data":"Juggernaut","floor":6.0,"key":"SMITH"},{"floor":12.0,"key":"REST"},{"data":"Ghostly Armor","floor":15.0,"key":"SMITH"},{"data":"Barricade","floor":23.0,"key":"SMITH"}],"circlet_count":0,"master_deck":["Strike_R+1","Strike_R+1","Strike_R+1","Defend_R+1","Defend_R+1","Defend_R+1","Defend_R+1","Juggernaut+1","Ghostly Armor+1","Headbutt","Barricade+1","Warcry","Ghostly Armor"],"relics":["Ectoplasm","Orichalcum"],"acts_visited":["Exordium","TheCity"],"potions_floor_usage":[],"damage_taken":[{"damage":6.0,"enemies":"Jaw Worm","floor":1.0,"turns":4.0},{"damage":0.0,"enemies":"2 Louse","floor":3.0,"turns":2.0},{"damage":0.0,"enemies":"Cultist","floor":5.0,"turns":3.0},{"damage":4.0,"enemies":"Gremlin Gang","floor":7.0,"turns":5.0},{"damage":11.0,"enemies":"3 Louse","floor":10.0,"turns":3.0},{"damage":0.0,"enemies":"Looter","floor":11.0,"turns":3.0},{"damage":1.0,"enemies":"Large Slime","floor":13.0,"turns":4.0},{"damage":20.0,"enemies":"Hexaghost","floor":16.0,"turns":8.0},{"damage":6.0,"enemies":"Spheric Guardian","floor":18.0,"turns":5.0},{"damage":12.0,"enemies":"3 Byrds","floor":20.0,"turns":6.0},{"damage":1.0,"enemies":"Snake Plant","floor":22.0,"turns":5.0},{"damage":11.0,"enemies":"Book of Stabbing","floor":24.0,"turns":7.0},{"damage":0,"enemies":"Chosen and Byrds","floor":25,"turns":1}],"seed_played":"4042282885549779448","potions_obtained":[{"floor":5.0,"key":"Weak Potion"},{"floor":7.0,"key":"AttackPotion"},{"floor":16.0,"key":"SteroidPotion"},{"floor":18.0,"key":"Weak Potion"},{"floor":20.0,"key":"GamblersBrew"},{"floor":24.0,"key":"LiquidBronze"}],"is_trial":false,"path_per_floor":["M","?","M","?","M","R","M","?","T","M","M","R","M","?","R","B",null,"M","?","M","?","M","R","E","M"],"character_chosen":"IRONCLAD","items_purchased":[],"campfire_rested":1,"item_purchase_floors":[],"current_hp_per_floor":[74,67,67,67,67,67,63,63,63,52,52,76,75,75,75,55,80,74,74,62,62,61,61,50,50,50],"gold":19,"neow_bonus":"BOSS_RELIC","is_daily":false,"chose_seed":false,"campfire_upgraded":3,"win_rate":0.0,"timestamp":1610528797,"path_taken":["M","?","M","?","?","R","?","?","T","M","M","R","M","?","R","BOSS","M","?","M","?","M","R","E","?"],"items_purchased_type":[],"build_version":"2020-12-22","purchased_purges":0,"victory":false,"max_hp_per_floor":[80,80,80,80,80,80,80,80,80,80,80,80,80,80,80,80,80,80,80,80,80,80,80,80,80,80],"card_choices":[{"not_picked":["Warcry","Fire Breathing","Reckless Charge"],"picked":"SKIP","floor":1.0},{"not_picked":["Heavy Blade","Clothesline","Thunderclap"],"picked":"SKIP","floor":3.0},{"not_picked":["Inflame","Blood for Blood"],"picked":"Juggernaut","floor":5.0},{"not_picked":["Sentinel","Feel No Pain","Cleave"],"picked":"SKIP","floor":7.0},{"not_picked":["Metallicize","Inflame"],"picked":"Ghostly Armor","floor":10.0},{"not_picked":["Dual Wield","Clothesline"],"picked":"Headbutt","floor":11.0},{"not_picked":["Blood for Blood","True Grit","Sword Boomerang"],"picked":"SKIP","floor":13.0},{"not_picked":["Berserk","Feed"],"picked":"Barricade","floor":16.0},{"not_picked":["Shockwave","Battle Trance"],"picked":"Warcry","floor":18.0},{"not_picked":["Clothesline","Reckless Charge"],"picked":"Ghostly Armor","floor":20.0},{"not_picked":["Sever Soul","Power Through","Rampage"],"picked":"SKIP","floor":22.0},{"not_picked":["Perfected Strike+1","Spot Weakness","Pommel Strike+1"],"picked":"SKIP","floor":24.0}],"player_experience":330469,"relics_obtained":[{"floor":24.0,"key":"Orichalcum"}],"event_choices":[{"cards_removed":["Strike_R"],"damage_healed":0.0,"max_hp_gain":0.0,"max_hp_loss":0.0,"gold_gain":0.0,"event_name":"Golden Wing","player_choice":"Card Removal","floor":2.0,"gold_loss":0.0,"damage_taken":7.0},{"damage_healed":0.0,"max_hp_gain":0.0,"max_hp_loss":0.0,"gold_gain":100.0,"event_name":"Golden Shrine","player_choice":"Pray","floor":4.0,"gold_loss":0.0,"damage_taken":0.0},{"cards_removed":["Strike_R"],"damage_healed":0.0,"max_hp_gain":0.0,"max_hp_loss":0.0,"gold_gain":0.0,"event_name":"The Cleric","player_choice":"Card Removal","floor":8.0,"gold_loss":50.0,"damage_taken":0.0},{"damage_healed":0.0,"max_hp_gain":0.0,"max_hp_loss":0.0,"gold_gain":0.0,"event_name":"Dead Adventurer","player_choice":"Searched \u00270\u0027 times","floor":14.0,"gold_loss":0.0,"damage_taken":0.0},{"damage_healed":0.0,"max_hp_gain":0.0,"max_hp_loss":0.0,"gold_gain":0.0,"event_name":"Back to Basics","player_choice":"Simplicity","floor":19.0,"gold_loss":0.0,"damage_taken":0.0,"cards_upgraded":["Strike_R","Strike_R","Strike_R","Defend_R","Defend_R","Defend_R","Defend_R"]},{"cards_removed":["Bash"],"damage_healed":0.0,"max_hp_gain":0.0,"max_hp_loss":0.0,"gold_gain":0.0,"event_name":"Bonfire Elementals","player_choice":"Offered Basic","floor":21.0,"gold_loss":0.0,"damage_taken":0.0}],"is_beta":false,"boss_relics":[{"not_picked":["Calling Bell","Snecko Eye","Tiny House"]}],"items_purged_floors":[],"is_endless":false,"potions_floor_spawned":[5,7,16,18,20,24],"killed_by":"Chosen and Byrds","ascension_level":0}}