{"host":"l6vifo5ajdb3p20b","time":1610551309,"event":{"mods":["2.2 Compatiblity","BaseMod","Better Altar","Better Sensory Stone","Better Skull","Better Third Choice","BetterRewards","Block Reminder","Colored Map","Defuse TimeMaze Blight","Energized Spire","Mad Scientist","Minty Spire (QoL Compilation)","Relic Stats","Replay The Spire","StSLib","The Servant 0.9.4"],"gold_per_floor":[115,133,133,83,83,83,114,127,152,152,184,195,0,16,16,112,112,129,44,44,54,71,71,106,106,106,106,106],"floor_reached":27,"language":"ENG","playtime":2004,"items_purged":[],"score":366,"play_id":"61eaa551-9009-466c-a7f3-4968ebae5363","local_time":"20210113222149","is_ascension_mode":false,"campfire_choices":[{"data":"ForeignInfluence","floor":6,"key":"SMITH"},{"data":"ForeignInfluence","floor":10,"key":"SMITH"},{"data":"Eruption","floor":15,"key":"SMITH"},{"data":"Pot Of Greed","floor":23,"key":"SMITH"}],"circlet_count":0,"master_deck":["Strike_P","Defend_P","Defend_P","Defend_P","Eruption+1","Vigilance","ForeignInfluence+1","PathToVictory","Static Discharge","ForeignInfluence+1","Prostrate","Replay:Anticipation","ClearTheMind","Devotion","Devotion","Replay:Hum","Blasphemy+1","PathToVictory","Pot Of Greed+1","Pot Of Greed","EmptyBody","WheelKick","Wallop"],"relics":["PureWater","NeowsBlessing","Vajra","Pet Ghost","ReplayTheSpireMod:TigerMarble","Gremlin Horn","Empty Cage","Grinning Jar","Durian","Peace Pipe"],"acts_visited":["Exordium","TheCity"],"potions_floor_usage":[14,16,18,21,24,24,27,27],"damage_taken":[{"damage":0,"enemies":"2 Louse","floor":1,"turns":1},{"damage":0,"enemies":"Small Slimes","floor":2,"turns":1},{"damage":0,"enemies":"3 Sentries","floor":7,"turns":1},{"damage":0,"enemies":"Jaw Worm","floor":8,"turns":2},{"damage":5,"enemies":"Lagavulin","floor":11,"turns":6},{"damage":0,"enemies":"2 Fungi Beasts","floor":12,"turns":3},{"damage":6,"enemies":"Exordium Thugs","floor":14,"turns":4},{"damage":0,"enemies":"Slime Boss","floor":16,"turns":3},{"damage":2,"enemies":"3 Byrds","floor":18,"turns":4},{"damage":0,"enemies":"Chosen","floor":21,"turns":1},{"damage":34,"enemies":"Sentry and Sphere","floor":22,"turns":7},{"damage":0,"enemies":"Gremlin Leader","floor":24,"turns":3},{"damage":100025,"enemies":"Slavers","floor":27,"turns":5}],"seed_played":"-4443051949589904872","potions_obtained":[{"floor":2,"key":"Milkshake"},{"floor":7,"key":"LiquidMemories"},{"floor":14,"key":"BlessingOfTheForge"},{"floor":16,"key":"Block Potion"},{"floor":18,"key":"Regen Potion"},{"floor":22,"key":"EssenceOfSteel"},{"floor":25,"key":"Explosive Potion"},{"floor":25,"key":"DuplicationPotion"}],"is_trial":false,"path_per_floor":["M","M","?","?","?","R","E","M","T","R","E","M","$","M","R","B",null,"M","?","$","M","M","R","E","?","T","E"],"character_chosen":"WATCHER","items_purchased":["Devotion","DistilledChaos"],"campfire_rested":0,"item_purchase_floors":[13,13],"current_hp_per_floor":[72,72,55,55,55,55,55,55,55,55,50,50,50,44,44,44,72,70,70,70,70,36,36,50,50,50,0,0],"gold":106,"neow_bonus":"THREE_ENEMY_KILL","is_daily":false,"chose_seed":false,"campfire_upgraded":4,"win_rate":0.0,"timestamp":1610551309,"path_taken":["M","M","?","?","?","R","E","M","T","R","E","M","$","M","R","BOSS","M","?","$","M","M","R","E","?","T","E"],"items_purchased_type":["Card","Potion"],"build_version":"2020-12-22","purchased_purges":0,"victory":false,"max_hp_per_floor":[72,72,72,72,72,72,72,72,72,72,72,72,72,72,72,72,72,72,72,72,72,72,72,77,77,77,77,77],"relic_stats":{"Peace Pipe":0,"Gremlin Horn":[11,11],"counters":[13,40],"obtain_stats":[{"Peace Pipe":26,"NeowsBlessing":0,"Gremlin Horn":11,"Vajra":3,"ReplayTheSpireMod:TigerMarble":9,"Durian":24,"PureWater":0,"Grinning Jar":19,"Empty Cage":17,"Pet Ghost":7},{"Peace Pipe":12,"NeowsBlessing":0,"Gremlin Horn":5,"Vajra":2,"ReplayTheSpireMod:TigerMarble":4,"Durian":12,"PureWater":0,"Grinning Jar":9,"Empty Cage":8,"Pet Ghost":3},{"Peace Pipe":36,"NeowsBlessing":0,"Gremlin Horn":11,"Vajra":2,"ReplayTheSpireMod:TigerMarble":5,"Durian":36,"PureWater":0,"Grinning Jar":25,"Empty Cage":21,"Pet Ghost":3}]},"card_choices":[{"not_picked":["Replay:BluntJabs","FlurryOfBlows"],"picked":"ForeignInfluence","floor":1},{"not_picked":["Evaluate","Protect"],"picked":"PathToVictory","floor":2},{"not_picked":["FlyingSleeves","SashWhip"],"picked":"ForeignInfluence","floor":7},{"not_picked":["Replay:Vibes","FlyingSleeves"],"picked":"Prostrate","floor":8},{"not_picked":["Vengeance","FlurryOfBlows"],"picked":"Replay:Anticipation","floor":11},{"not_picked":["CrushJoints","Replay:BluntJabs"],"picked":"ClearTheMind","floor":12},{"not_picked":["Nirvana","FlurryOfBlows"],"picked":"Replay:Hum","floor":14},{"not_picked":["ConjureBlade","Alpha"],"picked":"Blasphemy","floor":16},{"not_picked":["ThirdEye+1","FlurryOfBlows"],"picked":"PathToVictory","floor":18},{"not_picked":["WreathOfFlame","Sanctity"],"picked":"EmptyBody","floor":21},{"not_picked":["EmptyFist","FlyingSleeves+1"],"picked":"WheelKick","floor":22},{"not_picked":["Replay:AtTheReady+1","FollowUp"],"picked":"Wallop","floor":24}],"player_experience":880048,"relics_obtained":[{"floor":7,"key":"Pet Ghost"},{"floor":9,"key":"ReplayTheSpireMod:TigerMarble"},{"floor":11,"key":"Gremlin Horn"},{"floor":24,"key":"Durian"},{"floor":26,"key":"Peace Pipe"}],"event_choices":[{"cards_removed":["Strike_P"],"damage_healed":0,"gold_gain":0,"player_choice":"Card Removal","damage_taken":0,"max_hp_gain":0,"max_hp_loss":0,"event_name":"The Cleric","floor":4,"gold_loss":50},{"damage_healed":0,"gold_gain":0,"player_choice":"Obtained Relic","damage_taken":0,"relics_obtained":["Grinning Jar"],"max_hp_gain":0,"max_hp_loss":0,"event_name":"Addict","floor":19,"gold_loss":85},{"damage_healed":0,"gold_gain":0,"player_choice":"Got Potions","damage_taken":0,"max_hp_gain":0,"max_hp_loss":0,"event_name":"Lab","floor":25,"gold_loss":0}],"is_beta":false,"boss_relics":[{"not_picked":["energizedSpire:CursedPentagram","energizedSpire:HugeHouse"],"picked":"Empty Cage"}],"items_purged_floors":[],"is_endless":false,"potions_floor_spawned":[2,7,14,16,18,22],"killed_by":"Slavers","ascension_level":0}}