{"host":"7krnriczr1b2ou5r","time":1610519062,"event":{"mods":["BaseMod","Keyboard Shortcuts","Marisa£¨Ùöéë¡¡Øª×âÞÞ£©","Minty Spire (QoL Compilation)","Relic Stats","StSLib"],"gold_per_floor":[113,125,144,144,7,7,42,60,60,87,87,107,127,157,157,232,232,245,245,102,112,112,140,140,189,264,299,319,348,360,460,460,536,536,552,577,590,590,265,295,33,64,91,101,129,147,173,186,186,186],"floor_reached":51,"language":"KOR","playtime":2975,"items_purged":["Strike_MRS"],"score":1903,"play_id":"6fae2c9a-d2be-4a87-a910-16ec26771a71","local_time":"20210113152422","is_ascension_mode":true,"campfire_choices":[{"data":"Deep Breath","floor":6,"key":"SMITH"},{"data":"MagicChant","floor":11,"key":"SMITH"},{"data":"EarthLightRay","floor":15,"key":"SMITH"},{"data":"MilkyWay","floor":24,"key":"SMITH"},{"data":"PowerUp","floor":32,"key":"SMITH"},{"data":"EnergyFlow","floor":49,"key":"SMITH"}],"circlet_count":0,"master_deck":["AscendersBane","Defend_MRS","Defend_MRS","MasterSpark","UpSweep","EarthLightRay+1","ChargeUpSpray","MilkyWay+1","Deep Breath+1","PowerUp+1","UnstableBomb+1","MagicChant+1","UltimateShortwave+1","MachineGunSpark+1","DarkMatter+1","AlicesGift","SprinkleStarSeal+1","Acceleration+1","CasketOfStar","EnergyFlow+1","MilkyWay+1","EnergyFlow+1","DeepEcoloBomb+1","PowerUp+1"],"relics":["MiniHakkero","MagicBroom","Eternal Feather","Mango","Incense Burner","InkBottle","SacredBark","Vajra","Gambling Chip","MealTicket","Toxic Egg 2","Darkstone Periapt","Calipers","Prayer Wheel","Blue Candle","Runic Pyramid","Ice Cream","HandmadeGrimoire","Dream Catcher","Ornamental Fan","Nunchaku","Bag of Marbles","Pear","FossilizedHelix"],"acts_visited":["Exordium","TheCity","TheBeyond"],"potions_floor_usage":[16,18,23,25,29,50],"damage_taken":[{"damage":7,"enemies":"Jaw Worm","floor":1,"turns":3},{"damage":0,"enemies":"Cultist","floor":2,"turns":4},{"damage":9,"enemies":"2 Louse","floor":3,"turns":3},{"damage":5,"enemies":"Lagavulin","floor":7,"turns":5},{"damage":1,"enemies":"Looter","floor":8,"turns":3},{"damage":0,"enemies":"Gremlin Nob","floor":10,"turns":2},{"damage":6,"enemies":"Blue Slaver","floor":12,"turns":4},{"damage":8,"enemies":"Large Slime","floor":13,"turns":3},{"damage":5,"enemies":"Lagavulin","floor":14,"turns":5},{"damage":32,"enemies":"Hexaghost","floor":16,"turns":6},{"damage":28,"enemies":"2 Thieves","floor":18,"turns":4},{"damage":7,"enemies":"Shell Parasite","floor":21,"turns":3},{"damage":15,"enemies":"Gremlin Leader","floor":23,"turns":5},{"damage":8,"enemies":"Book of Stabbing","floor":25,"turns":3},{"damage":20,"enemies":"Gremlin Leader","floor":27,"turns":4},{"damage":25,"enemies":"Chosen and Byrds","floor":28,"turns":7},{"damage":0,"enemies":"Slavers","floor":29,"turns":3},{"damage":0,"enemies":"Snake Plant","floor":30,"turns":2},{"damage":13,"enemies":"Colosseum Slavers","floor":31,"turns":3},{"damage":7,"enemies":"Colosseum Nobs","floor":31,"turns":5},{"damage":0,"enemies":"Automaton","floor":33,"turns":6},{"damage":3,"enemies":"3 Shapes","floor":35,"turns":4},{"damage":1,"enemies":"Mind Bloom Boss Battle","floor":36,"turns":5},{"damage":4,"enemies":"Orb Walker","floor":37,"turns":3},{"damage":8,"enemies":"Nemesis","floor":40,"turns":3},{"damage":0,"enemies":"Giant Head","floor":42,"turns":3},{"damage":0,"enemies":"Maw","floor":44,"turns":3},{"damage":0,"enemies":"Reptomancer","floor":45,"turns":2},{"damage":9,"enemies":"4 Shapes","floor":46,"turns":2},{"damage":0,"enemies":"Giant Head","floor":47,"turns":3},{"damage":5,"enemies":"Sphere and 2 Shapes","floor":48,"turns":3},{"damage":0,"enemies":"Donu and Deca","floor":50,"turns":3}],"seed_played":"-4512766228735468798","potions_obtained":[{"floor":10,"key":"SkillPotion"},{"floor":12,"key":"Energy Potion"},{"floor":16,"key":"SmokeBomb"},{"floor":18,"key":"ColorlessPotion"},{"floor":21,"key":"Weak Potion"},{"floor":25,"key":"PowerPotion"},{"floor":31,"key":"DistilledChaos"},{"floor":33,"key":"Weak Potion"}],"is_trial":false,"path_per_floor":["M","M","M","?","$","R","E","M","T","E","R","M","M","E","R","B",null,"M","?","$","M","?","E","R","E","T","E","M","E","M","?","R","B",null,"M","?","M","?","$","E","$","E","T","M","E","M","E","M","R","B",null],"character_chosen":"MARISA","items_purchased":["Deep Breath","PowerUp","Vajra","HandmadeGrimoire","Ornamental Fan"],"campfire_rested":0,"item_purchase_floors":[5,5,20,39,41],"current_hp_per_floor":[56,56,47,47,47,47,46,49,63,67,76,71,67,66,75,49,70,48,48,48,47,31,22,31,29,29,15,26,32,38,30,42,48,70,73,76,77,77,77,69,77,77,77,77,87,78,84,82,87,87],"gold":186,"neow_bonus":"ONE_RARE_RELIC","is_daily":false,"chose_seed":false,"campfire_upgraded":6,"win_rate":0.0,"timestamp":1610519062,"path_taken":["M","M","M","?","$","R","E","M","T","E","R","?","?","E","R","BOSS","M","?","?","M","?","E","R","E","T","E","M","E","M","?","R","BOSS","M","?","M","?","$","E","$","E","T","M","E","?","E","M","R","BOSS"],"items_purchased_type":["Card","Card","Relic","Relic","Relic"],"build_version":"2020-12-22","purchased_purges":1,"victory":true,"max_hp_per_floor":[63,63,63,63,63,63,63,63,77,77,77,77,77,77,77,77,77,77,77,77,77,77,77,77,77,77,77,77,77,77,77,77,77,77,77,77,77,77,77,77,77,77,77,77,87,87,87,87,87,87],"relic_stats":{"Darkstone Periapt":0,"Dream Catcher":0,"Nunchaku":[4],"counters":[32,117],"Ornamental Fan":[40],"Gambling Chip":[36],"Blue Candle":[0],"Eternal Feather":44,"MealTicket":8,"Prayer Wheel":5,"obtain_stats":[{"Darkstone Periapt":27,"Ice Cream":36,"MagicBroom":0,"Calipers":29,"Pear":45,"SacredBark":17,"Blue Candle":31,"Vajra":20,"Eternal Feather":7,"Mango":9,"Incense Burner":10,"Dream Catcher":40,"Nunchaku":42,"Ornamental Fan":41,"Gambling Chip":23,"MealTicket":25,"Prayer Wheel":31,"HandmadeGrimoire":39,"Bag of Marbles":43,"MiniHakkero":0,"Toxic Egg 2":26,"InkBottle":14,"FossilizedHelix":47,"Runic Pyramid":34},{"Darkstone Periapt":15,"Ice Cream":23,"MagicBroom":0,"Calipers":17,"Pear":28,"SacredBark":10,"Blue Candle":20,"Vajra":11,"Eternal Feather":4,"Mango":5,"Incense Burner":6,"Dream Catcher":25,"Nunchaku":26,"Ornamental Fan":25,"Gambling Chip":13,"MealTicket":14,"Prayer Wheel":20,"HandmadeGrimoire":24,"Bag of Marbles":26,"MiniHakkero":0,"Toxic Egg 2":14,"InkBottle":9,"FossilizedHelix":30,"Runic Pyramid":21},{"Darkstone Periapt":57,"Ice Cream":92,"MagicBroom":0,"Calipers":67,"Pear":106,"SacredBark":38,"Blue Candle":77,"Vajra":42,"Eternal Feather":15,"Mango":18,"Incense Burner":20,"Dream Catcher":98,"Nunchaku":101,"Ornamental Fan":98,"Gambling Chip":50,"MealTicket":53,"Prayer Wheel":77,"HandmadeGrimoire":95,"Bag of Marbles":101,"MiniHakkero":0,"Toxic Egg 2":53,"InkBottle":32,"FossilizedHelix":111,"Runic Pyramid":83}],"InkBottle":[48]},"card_choices":[{"not_picked":["WitchLeyline","IllusionStar"],"picked":"EarthLightRay","floor":1},{"not_picked":["IllusionStar","AlicesGift"],"picked":"ChargeUpSpray","floor":2},{"not_picked":["ChargeUpSpray","ShootingEcho"],"picked":"MilkyWay","floor":3},{"not_picked":["OneTimeOff","OpenUniverse"],"picked":"UnstableBomb","floor":7},{"not_picked":["AsteroidBelt","EarthLightRay","GravityBeat"],"picked":"SKIP","floor":8},{"not_picked":["DarkSpark","SuperPerseids","MagicChant"],"picked":"SKIP","floor":10},{"not_picked":["DarkSpark","SuperPerseids"],"picked":"MagicChant","floor":10},{"not_picked":["FairyDestructionRay","ChargingUp","EarthLightRay"],"picked":"SKIP","floor":12},{"not_picked":["IllusionStar","DoubleSpark","StarBarrage"],"picked":"SKIP","floor":13},{"not_picked":["MysteriousBeam","EnergyRecoil","ShootTheMoon"],"picked":"SKIP","floor":14},{"not_picked":["EscapeVelocity","BinaryStars"],"picked":"UltimateShortwave","floor":16},{"not_picked":["MeteoricShower","MysteriousBeam","EarthLightRay"],"picked":"SKIP","floor":18},{"not_picked":["SprinkleStarSeal","NonDirectionalLaser","LuminesStrike"],"picked":"SKIP","floor":21},{"not_picked":["DarkSpark","6A"],"picked":"MachineGunSpark+1","floor":23},{"not_picked":["BlazeAway+1","DarkMatter","MachineGunSpark"],"picked":"SKIP","floor":25},{"not_picked":["WitchOfGreed+1","Occultation+1"],"picked":"DarkMatter+1","floor":27},{"not_picked":["ChargeUpSpray","MilkyWay+1"],"picked":"AlicesGift","floor":28},{"not_picked":["SprinkleStarSeal+1","ShootingEcho","GalacticHalo+1"],"picked":"SKIP","floor":29},{"not_picked":["ShootingEcho","GalacticHalo+1"],"picked":"SprinkleStarSeal+1","floor":29},{"not_picked":["DarkMatter+1","EventHorizon","UnstableBomb"],"picked":"SKIP","floor":30},{"not_picked":["JA","EscapeVelocity"],"picked":"CasketOfStar","floor":33},{"not_picked":["WitchOfGreed+1","DoubleSpark","MeteoricShower"],"picked":"SKIP","floor":35},{"not_picked":["GasGiant+1","SporeBomb+1","LuminesStrike+1"],"picked":"SKIP","floor":35},{"not_picked":["BlazeAway+1","StarBarrage"],"picked":"EnergyFlow+1","floor":37},{"not_picked":["GrandCross+1","SuperPerseids+1"],"picked":"MilkyWay+1","floor":37},{"not_picked":["MilkyWay+1","PowerUp+1","BigCrunch+1"],"picked":"SKIP","floor":40},{"not_picked":["MagicChant+1","Acceleration+1","GravityBeat"],"picked":"SKIP","floor":42},{"not_picked":["DoubleSpark","OortCloud+1"],"picked":"EnergyFlow","floor":44},{"not_picked":["NonDirectionalLaser","EarthLightRay+1","GasGiant+1"],"picked":"SKIP","floor":44},{"not_picked":["NonDirectionalLaser+1","UltimateShortwave+1","GalacticHalo+1"],"picked":"SKIP","floor":45},{"not_picked":["WitchLeyline+1","DoubleSpark"],"picked":"DeepEcoloBomb+1","floor":46},{"not_picked":["DC","GravityBeat","DarkMatter+1"],"picked":"SKIP","floor":46},{"not_picked":["6A","AsteroidBelt+1","IllusionStar+1"],"picked":"SKIP","floor":47},{"not_picked":["ShootingEcho+1","MachineGunSpark"],"picked":"PowerUp+1","floor":48},{"not_picked":["Acceleration+1","AbsoluteMagnitude","WitchOfGreed"],"picked":"SKIP","floor":48}],"player_experience":1119623,"relics_obtained":[{"floor":7,"key":"Eternal Feather"},{"floor":9,"key":"Mango"},{"floor":10,"key":"Incense Burner"},{"floor":14,"key":"InkBottle"},{"floor":23,"key":"Gambling Chip"},{"floor":25,"key":"MealTicket"},{"floor":26,"key":"Toxic Egg 2"},{"floor":27,"key":"Darkstone Periapt"},{"floor":29,"key":"Calipers"},{"floor":31,"key":"Prayer Wheel"},{"floor":31,"key":"Blue Candle"},{"floor":36,"key":"Ice Cream"},{"floor":40,"key":"Dream Catcher"},{"floor":42,"key":"Nunchaku"},{"floor":43,"key":"Bag of Marbles"},{"floor":45,"key":"Pear"},{"floor":47,"key":"FossilizedHelix"}],"event_choices":[{"damage_healed":0,"gold_gain":0,"player_choice":"1 cards matched","damage_taken":0,"max_hp_gain":0,"max_hp_loss":0,"event_name":"Match and Keep!","floor":4,"gold_loss":0,"cards_obtained":["EscapeVelocity"]},{"damage_healed":0,"gold_gain":0,"player_choice":"Upgraded","damage_taken":0,"max_hp_gain":0,"max_hp_loss":0,"event_name":"Upgrade Shrine","floor":19,"gold_loss":0,"cards_upgraded":["UltimateShortwave"]},{"damage_healed":0,"gold_gain":0,"player_choice":"Obtained Book","damage_taken":16,"max_hp_gain":0,"max_hp_loss":0,"event_name":"Cursed Tome","floor":22,"gold_loss":0},{"damage_healed":0,"gold_gain":0,"player_choice":"Fight","damage_taken":0,"max_hp_gain":0,"max_hp_loss":0,"event_name":"Colosseum","floor":31,"gold_loss":0},{"damage_healed":0,"gold_gain":0,"player_choice":"Fought Nobs","damage_taken":0,"max_hp_gain":0,"max_hp_loss":0,"event_name":"Colosseum","floor":31,"gold_loss":0},{"damage_healed":0,"gold_gain":0,"player_choice":"Fight","damage_taken":0,"max_hp_gain":0,"max_hp_loss":0,"event_name":"MindBloom","floor":36,"gold_loss":0},{"damage_healed":0,"gold_gain":0,"player_choice":"Forge","damage_taken":0,"max_hp_gain":0,"max_hp_loss":0,"event_name":"Accursed Blacksmith","floor":38,"gold_loss":0,"cards_upgraded":["UnstableBomb"]}],"is_beta":false,"boss_relics":[{"not_picked":["Velvet Choker","Fusion Hammer"],"picked":"SacredBark"},{"not_picked":["Philosopher\u0027s Stone","Tiny House"],"picked":"Runic Pyramid"}],"items_purged_floors":[39],"is_endless":false,"potions_floor_spawned":[10,12,14,16,18,21,25,31,33,36,40,44,47,48],"ascension_level":14}}