{"host":"61xbmbtf5zrn7rzc","time":1610579366,"event":{"mods":["BaseMod","Challenge The Spire","Hubris","Minty Spire (QoL Compilation)","Replay The Spire","StSLib","SuperFastMode"],"gold_per_floor":[119,119,131,131,146,173,173,208,208,208,233,233,77,97,97,173,173,183,103,103,103,103,103,116,151,174,186,230,262,262,164,164,236,236,281,98,153,163,213,213,101,101,101,126,140,184,238,265,277,289,301],"floor_reached":52,"language":"ENG","playtime":3736,"items_purged":["Looming Evil","Replay:ManipulateFuture"],"score":1832,"play_id":"bcbfeea8-6969-4f2f-91d3-ccdf7b736377","local_time":"20210113180926","daily_mods":["SealedDeck","Heirloom"],"is_ascension_mode":true,"campfire_choices":[{"data":"Nirvana","floor":10,"key":"SMITH"},{"data":"BowlingBash","floor":15,"key":"SMITH"},{"data":"MasterReality","floor":23,"key":"SMITH"},{"floor":30,"key":"REST"},{"data":"PathToVictory","floor":32,"key":"SMITH"},{"floor":42,"key":"DIG"},{"floor":49,"key":"DIG"}],"circlet_count":0,"master_deck":["AscendersBane","ThirdEye","ThirdEye","Replay:ManipulateFuture+1","Nirvana+1","Protect","Protect","BowlingBash","BowlingBash+1","PathToVictory+1","Wallop+1","Prostrate+1","MasterReality+1","Wireheading+1","Wish","CarveReality","Sanctity","Evaluate","Flash of Steel","Alpha","Prostrate","Replay:Anticipation"],"relics":["PureWater","Ring of Chaos","Lizard Tail","Replay:Towering Pillar of Hats","Ring of Searing","ReplayTheSpireMod:Ring of Collecting","Happy Flower","ReplayTheSpireMod:Ring of Addiction","Potion Belt","SacredBark","hubris:SphereOfDissonance","Pen Nib","NlothsMask","hubris:RunicObelisk","hubris:Icosahedron","MutagenicStrength","Pet Ghost","Boot","Shuriken","Painkiller Herb","Shovel","Prayer Wheel","Gremlin Horn","Ring of Fury","Turnip","ReplayTheSpireMod:Ninjato","MawBank","War Paint"],"acts_visited":["Exordium","TheCity","TheBeyond"],"potions_floor_usage":[11,11,14,16,25,25,28,33,37,37,37,44,44,45,46,50],"damage_taken":[{"damage":0,"enemies":"Cultist","floor":1,"turns":4},{"damage":0,"enemies":"Jaw Worm","floor":3,"turns":4},{"damage":0,"enemies":"Small Slimes","floor":5,"turns":3},{"damage":13,"enemies":"3 Sentries","floor":6,"turns":13},{"damage":0,"enemies":"Lagavulin","floor":8,"turns":6},{"damage":11,"enemies":"Gremlin Nob","floor":11,"turns":4},{"damage":16,"enemies":"Gremlin Gang","floor":14,"turns":5},{"damage":0,"enemies":"Fading Forest","floor":16,"turns":13},{"damage":15,"enemies":"Spheric Guardian","floor":18,"turns":6},{"damage":0,"enemies":"Chosen","floor":24,"turns":3},{"damage":0,"enemies":"Slavers","floor":25,"turns":6},{"damage":0,"enemies":"Centurion and Healer","floor":27,"turns":5},{"damage":0,"enemies":"Sentry and Sphere","floor":28,"turns":7},{"damage":33,"enemies":"Gremlin Leader","floor":29,"turns":6},{"damage":15,"enemies":"hubris:MusketHawk","floor":33,"turns":5},{"damage":13,"enemies":"3 Shapes","floor":35,"turns":4},{"damage":22,"enemies":"2 Orb Walkers","floor":37,"turns":5},{"damage":5,"enemies":"Orb Walker","floor":38,"turns":2},{"damage":11,"enemies":"Mind Bloom Boss Battle","floor":39,"turns":5},{"damage":10,"enemies":"Reptomancer","floor":44,"turns":4},{"damage":7,"enemies":"Writhing Mass","floor":45,"turns":3},{"damage":0,"enemies":"Jaw Worm Horde","floor":46,"turns":2},{"damage":1,"enemies":"Nemesis","floor":47,"turns":7},{"damage":0,"enemies":"4 Shapes","floor":48,"turns":5},{"damage":13,"enemies":"Replay:Hell Engine","floor":50,"turns":5},{"damage":50,"enemies":"Time Eater","floor":51,"turns":9}],"seed_played":"-7242792480518972378","potions_obtained":[{"floor":6,"key":"SmokeBomb"},{"floor":8,"key":"BlessingOfTheForge"},{"floor":9,"key":"Block Potion"},{"floor":9,"key":"SkillPotion"},{"floor":9,"key":"FearPotion"},{"floor":16,"key":"LiquidMemories"},{"floor":18,"key":"Explosive Potion"},{"floor":28,"key":"Fruit Juice"},{"floor":29,"key":"Swift Potion"},{"floor":33,"key":"Regen Potion"},{"floor":35,"key":"AttackPotion"},{"floor":44,"key":"DistilledChaos"},{"floor":45,"key":"Regen Potion"},{"floor":48,"key":"Strength Potion"}],"is_trial":true,"path_per_floor":["M","?","M","$","M","E","?","E","T","R","E","?","$","M","R","B",null,"M","?","?","$","?","R","M","E","T","M","M","E","R","$","R","B",null,"?","T","?","?","?","?","T","T","T","E","?","?","E","?","T","B","B",null],"character_chosen":"WATCHER","items_purchased":["Wireheading","Flash of Steel","LifebloodPotion","Swift Potion","PowerPotion"],"campfire_rested":1,"item_purchase_floors":[13,31,36,41,41],"current_hp_per_floor":[61,61,61,61,61,48,48,48,48,48,37,37,37,21,21,29,58,43,43,43,43,43,43,43,43,43,43,53,20,42,42,42,27,61,48,48,60,55,44,44,44,44,44,34,27,37,36,36,36,23,7],"gold":313,"neow_bonus":"","is_daily":false,"chose_seed":false,"campfire_upgraded":4,"win_rate":0.0,"timestamp":1610579366,"path_taken":["M","?","M","$","M","E","?","E","T","R","E","?","$","?","R","BOSS","M","?","?","$","?","R","M","E","T","?","M","E","R","$","R","BOSS","?","T","?","?","?","?","T","T","T","E","?","?","E","?","T","BOSS","BOSS"],"items_purchased_type":["Card","Card","Potion","Potion","Potion"],"build_version":"2020-12-22","purchased_purges":2,"victory":true,"max_hp_per_floor":[68,68,68,68,68,68,68,68,68,68,68,68,68,68,68,68,68,68,68,66,66,66,64,64,64,64,64,74,74,74,74,72,72,72,72,72,70,70,70,70,68,68,68,66,66,66,66,66,66,64,64],"card_choices":[{"not_picked":["Weave","Halt","ThirdEye"],"picked":"SKIP","floor":1},{"not_picked":["Crescendo","SandsOfTime","FearNoEvil"],"picked":"SKIP","floor":3},{"not_picked":["EmptyFist","Collect","CrushJoints"],"picked":"SKIP","floor":5},{"not_picked":["Halt","BattleHymn"],"picked":"Replay:ManipulateFuture","floor":6},{"not_picked":["Devotion","ThirdEye"],"picked":"Prostrate","floor":8},{"not_picked":["BattleHymn","JustLucky"],"picked":"MasterReality","floor":11},{"not_picked":["Conclude","Study","FollowUp"],"picked":"SKIP","floor":14},{"not_picked":["SpiritShield","Blasphemy"],"picked":"Wish","floor":16},{"not_picked":["EmptyBody","Halt"],"picked":"CarveReality","floor":18},{"not_picked":["BattleHymn+1","Sanctity+1","BowlingBash"],"picked":"SKIP","floor":24},{"not_picked":["Halt","Vengeance+1"],"picked":"Sanctity","floor":25},{"not_picked":["Replay:AtTheReady","PathToVictory","Replay:BluntJabs"],"picked":"SKIP","floor":27},{"not_picked":["FlurryOfBlows","ClearTheMind"],"picked":"Evaluate","floor":28},{"not_picked":["BattleHymn","Consecrate","Protect"],"picked":"SKIP","floor":29},{"not_picked":["Replay:LoomingThreat","Judgement"],"picked":"Alpha","floor":33},{"not_picked":["TalkToTheHand","Replay:BluntJabs+1","Replay:AtTheReady"],"picked":"SKIP","floor":35},{"not_picked":["WaveOfTheHand+1","BowlingBash","SashWhip+1"],"picked":"SKIP","floor":38},{"not_picked":["EmptyBody","Replay:BluntJabs"],"picked":"Prostrate","floor":39},{"not_picked":["Replay:Hum","Evaluate","Replay:AtTheReady"],"picked":"SKIP","floor":44},{"not_picked":["Replay:BluntJabs","FlurryOfBlows+1","Conclude"],"picked":"SKIP","floor":45},{"not_picked":["FlyingSleeves","Consecrate","CutThroughFate"],"picked":"SKIP","floor":45},{"not_picked":["BattleHymn","ForeignInfluence","PathToVictory"],"picked":"SKIP","floor":46},{"not_picked":["FlyingSleeves+1","Protect","Perseverance"],"picked":"SKIP","floor":46},{"not_picked":["Wireheading","ThirdEye","Halt"],"picked":"SKIP","floor":47},{"not_picked":["Tantrum+1","ForeignInfluence"],"picked":"Replay:Anticipation","floor":48},{"not_picked":["FlurryOfBlows","PathToVictory","LessonLearned"],"picked":"SKIP","floor":48}],"player_experience":102369,"relics_obtained":[{"floor":6,"key":"Replay:Towering Pillar of Hats"},{"floor":7,"key":"Ring of Searing"},{"floor":7,"key":"ReplayTheSpireMod:Ring of Collecting"},{"floor":8,"key":"Happy Flower"},{"floor":9,"key":"ReplayTheSpireMod:Ring of Addiction"},{"floor":9,"key":"Potion Belt"},{"floor":9,"key":"SacredBark"},{"floor":9,"key":"hubris:SphereOfDissonance"},{"floor":11,"key":"Pen Nib"},{"floor":25,"key":"Pet Ghost"},{"floor":26,"key":"Boot"},{"floor":29,"key":"Shuriken"},{"floor":37,"key":"Shovel"},{"floor":39,"key":"Prayer Wheel"},{"floor":42,"key":"Gremlin Horn"},{"floor":43,"key":"Ring of Fury"},{"floor":43,"key":"Turnip"},{"floor":44,"key":"ReplayTheSpireMod:Ninjato"},{"floor":47,"key":"MawBank"},{"floor":49,"key":"War Paint"}],"event_choices":[{"damage_healed":0,"gold_gain":0,"player_choice":"Grow","damage_taken":0,"max_hp_gain":0,"max_hp_loss":0,"event_name":"Living Wall","floor":2,"gold_loss":0,"cards_upgraded":["Wallop"]},{"damage_healed":0,"gold_gain":0,"player_choice":"Trade","damage_taken":0,"relics_obtained":["NlothsMask"],"max_hp_gain":0,"max_hp_loss":0,"event_name":"FaceTrader","floor":12,"gold_loss":0},{"damage_healed":0,"gold_gain":0,"player_choice":"Inject Mutagens","damage_taken":0,"relics_obtained":["MutagenicStrength"],"max_hp_gain":0,"max_hp_loss":0,"event_name":"Drug Dealer","floor":22,"gold_loss":0},{"damage_healed":0,"gold_gain":0,"player_choice":"Fight","damage_taken":0,"max_hp_gain":0,"max_hp_loss":0,"event_name":"Mysterious Sphere","floor":37,"gold_loss":0},{"damage_healed":0,"gold_gain":0,"player_choice":"Fight","damage_taken":0,"max_hp_gain":0,"max_hp_loss":0,"event_name":"MindBloom","floor":39,"gold_loss":0},{"damage_healed":0,"gold_gain":0,"player_choice":"Forge","damage_taken":0,"max_hp_gain":0,"max_hp_loss":0,"event_name":"Accursed Blacksmith","floor":40,"gold_loss":0,"cards_upgraded":["Wireheading"]}],"is_beta":false,"boss_relics":[{"not_picked":["Philosopher\u0027s Stone","Busted Crown"],"picked":"hubris:RunicObelisk"},{"not_picked":["hubris:VirtuousBlindfold","Empty Cage"],"picked":"Painkiller Herb"}],"items_purged_floors":[13,36],"is_endless":false,"potions_floor_spawned":[6,8,16,18,28,29,33,35,44,45,48],"ascension_level":20}}