{"host":"qjv9b7mze4c73keh","time":1610570528,"event":{"mods":["BaseMod","Minty Spire (QoL Compilation)"],"gold_per_floor":[119,119,88,108,108,108,58,58,106,117,117,136,61,81,81,180,180,194,113,126,142,156,156,156,174,200,217,227,237,237,89,89,191,191,205,225,225,244,244,244,244],"floor_reached":40,"language":"RUS","playtime":3606,"items_purged":["Strike_R"],"score":382,"play_id":"21187e72-4263-4745-9dc7-a7f359828216","local_time":"20210114014208","is_ascension_mode":false,"campfire_choices":[{"floor":6,"key":"REST"},{"floor":8,"key":"REST"},{"floor":15,"key":"REST"},{"floor":23,"key":"REST"},{"floor":30,"key":"REST"},{"data":"Armaments","floor":32,"key":"SMITH"}],"circlet_count":0,"master_deck":["Strike_R","Strike_R","Strike_R+1","Defend_R","Defend_R","Defend_R","Defend_R","Bash","Juggernaut+1","Entrench+1","Body Slam","Anger","Iron Wave","Metallicize","Double Tap","Clash+1","Dark Shackles","Armaments+1","Combust","Flame Barrier","Demon Form","Exhume","Metallicize+1","Rampage"],"relics":["Black Blood","Pen Nib","Ginger","Velvet Choker","Bag of Preparation","Lee\u0027s Waffle"],"acts_visited":["Exordium","TheCity","TheBeyond"],"potions_floor_usage":[14,16,21,22,25,29],"damage_taken":[{"damage":6,"enemies":"2 Louse","floor":1,"turns":3},{"damage":5,"enemies":"Small Slimes","floor":4,"turns":4},{"damage":1,"enemies":"Jaw Worm","floor":10,"turns":4},{"damage":0,"enemies":"Large Slime","floor":12,"turns":5},{"damage":18,"enemies":"Exordium Thugs","floor":14,"turns":3},{"damage":18,"enemies":"Slime Boss","floor":16,"turns":8},{"damage":21,"enemies":"3 Byrds","floor":18,"turns":5},{"damage":0,"enemies":"Spheric Guardian","floor":20,"turns":3},{"damage":15,"enemies":"Snake Plant","floor":21,"turns":4},{"damage":21,"enemies":"Shelled Parasite and Fungi","floor":22,"turns":5},{"damage":39,"enemies":"Snecko","floor":25,"turns":7},{"damage":9,"enemies":"Snake Plant","floor":27,"turns":3},{"damage":18,"enemies":"Centurion and Healer","floor":28,"turns":5},{"damage":13,"enemies":"Shelled Parasite and Fungi","floor":29,"turns":4},{"damage":75,"enemies":"Collector","floor":33,"turns":9},{"damage":10,"enemies":"Orb Walker","floor":35,"turns":5},{"damage":65,"enemies":"3 Shapes","floor":36,"turns":5},{"damage":28,"enemies":"Writhing Mass","floor":38,"turns":6},{"damage":24,"enemies":"Giant Head","floor":40,"turns":5}],"seed_played":"-7844454202656121982","potions_obtained":[{"floor":4,"key":"Weak Potion"},{"floor":12,"key":"AttackPotion"},{"floor":16,"key":"Dexterity Potion"},{"floor":20,"key":"AttackPotion"},{"floor":21,"key":"Block Potion"},{"floor":25,"key":"CultistPotion"}],"is_trial":false,"path_per_floor":["M","?","?","M","?","R","$","R","T","M","?","M","$","M","R","B",null,"M","$","M","M","M","R","?","M","T","M","M","M","R","$","R","B",null,"M","M","?","M","?","E"],"character_chosen":"IRONCLAD","items_purchased":["Anger","Dark Shackles","Lee\u0027s Waffle"],"campfire_rested":5,"item_purchase_floors":[7,19,31],"current_hp_per_floor":[56,40,40,41,41,65,65,80,80,80,62,68,68,56,80,68,80,65,65,71,62,47,71,71,38,38,35,23,16,40,87,87,18,87,87,34,34,18,18,0,0],"gold":244,"neow_bonus":"THREE_RARE_CARDS","is_daily":false,"chose_seed":false,"campfire_upgraded":1,"win_rate":0.0,"timestamp":1610570528,"path_taken":["M","?","?","M","?","R","$","R","T","M","?","M","$","M","R","BOSS","M","$","M","M","M","R","?","M","T","?","M","M","R","?","R","BOSS","M","M","?","M","?","E"],"items_purchased_type":["Card","Card","Relic"],"build_version":"2020-12-22","purchased_purges":1,"victory":false,"max_hp_per_floor":[80,80,80,80,80,80,80,80,80,80,80,80,80,80,80,80,80,80,80,80,80,80,80,80,80,80,80,80,80,80,87,87,87,87,87,87,87,87,87,87,87],"card_choices":[{"not_picked":["Corruption","Immolate"],"picked":"Juggernaut","floor":0},{"not_picked":["Cleave","Clash"],"picked":"Entrench","floor":1},{"not_picked":["Clothesline","Cleave"],"picked":"Body Slam","floor":4},{"not_picked":["Ghostly Armor","Perfected Strike"],"picked":"Iron Wave","floor":10},{"not_picked":["Iron Wave","Perfected Strike"],"picked":"Metallicize","floor":12},{"not_picked":["Perfected Strike","Pommel Strike"],"picked":"Cleave","floor":14},{"not_picked":["Feed","Exhume"],"picked":"Double Tap","floor":16},{"not_picked":["True Grit","Clothesline"],"picked":"Clash+1","floor":18},{"not_picked":["Entrench","Twin Strike"],"picked":"Armaments","floor":20},{"not_picked":["Fire Breathing","Havoc","Iron Wave"],"picked":"SKIP","floor":21},{"not_picked":["Dual Wield","Sever Soul","Thunderclap"],"picked":"SKIP","floor":22},{"not_picked":["Warcry","Shrug It Off"],"picked":"Combust","floor":25},{"not_picked":["Warcry","Disarm"],"picked":"Flame Barrier","floor":27},{"not_picked":["Armaments","Wild Strike+1"],"picked":"Demon Form","floor":28},{"not_picked":["Warcry","Pommel Strike","Thunderclap"],"picked":"SKIP","floor":29},{"not_picked":["Immolate","Fiend Fire"],"picked":"Exhume","floor":33},{"not_picked":["Anger+1","Sentinel"],"picked":"Metallicize+1","floor":35},{"not_picked":["Sword Boomerang","Intimidate","Twin Strike+1"],"picked":"SKIP","floor":36},{"not_picked":["Armaments","Clothesline"],"picked":"Rampage","floor":38}],"player_experience":59854,"relics_obtained":[{"floor":9,"key":"Pen Nib"},{"floor":26,"key":"Bag of Preparation"}],"event_choices":[{"damage_healed":0,"gold_gain":0,"player_choice":"Entered Light","damage_taken":16,"max_hp_gain":0,"max_hp_loss":0,"event_name":"Shining Light","floor":2,"gold_loss":0,"cards_upgraded":["Entrench","Strike_R"]},{"damage_healed":0,"gold_gain":0,"player_choice":"Left Gold","damage_taken":0,"max_hp_gain":0,"max_hp_loss":0,"event_name":"World of Goop","floor":3,"gold_loss":31},{"damage_healed":0,"gold_gain":0,"player_choice":"Grow","damage_taken":0,"max_hp_gain":0,"max_hp_loss":0,"event_name":"Living Wall","floor":5,"gold_loss":0,"cards_upgraded":["Juggernaut"]},{"damage_healed":0,"gold_gain":0,"player_choice":"Success","damage_taken":18,"relics_obtained":["Ginger"],"max_hp_gain":0,"max_hp_loss":0,"event_name":"Scrap Ooze","floor":11,"gold_loss":0},{"cards_removed":["Strike_R"],"damage_healed":0,"gold_gain":0,"player_choice":"Purged","damage_taken":0,"max_hp_gain":0,"max_hp_loss":0,"event_name":"Purifier","floor":24,"gold_loss":0},{"damage_healed":0,"gold_gain":0,"player_choice":"Ignored","damage_taken":0,"max_hp_gain":0,"max_hp_loss":0,"event_name":"The Moai Head","floor":37,"gold_loss":0},{"cards_removed":["Cleave"],"damage_healed":0,"gold_gain":0,"player_choice":"Removed Attack","damage_taken":0,"max_hp_gain":0,"max_hp_loss":0,"event_name":"Falling","floor":39,"gold_loss":0}],"is_beta":false,"boss_relics":[{"not_picked":["Runic Dome","SacredBark"],"picked":"Velvet Choker"},{"not_picked":["Calling Bell","Tiny House"],"picked":"Black Blood"}],"items_purged_floors":[13],"is_endless":false,"potions_floor_spawned":[4,12,16,20,21,25],"killed_by":"Giant Head","ascension_level":0}}