{"host":"1ekl8hlbnopmdapi","time":1610572064,"event":{"mods":["AchievementEnabler","BaseMod","Colored Map","Colored Powertips","DeckTracker","Googly Eyes","Highlight Path","Minty Spire (QoL Compilation)","Relic Sorter","StSLib"],"gold_per_floor":[114,131,105,119,84,84,95,95,119,135,147,147,180,195,195,297,297,237,237,237,237,237,237,237,237,237,122,122,122],"floor_reached":28,"language":"ENG","playtime":639,"items_purged":[],"score":327,"play_id":"19f4e311-1767-4b62-9121-9c4feedd82c4","local_time":"20210113160744","is_ascension_mode":true,"campfire_choices":[{"floor":6.0,"key":"RECALL"},{"data":"Sunder","floor":8.0,"key":"SMITH"},{"floor":12.0,"key":"REST"},{"floor":15.0,"key":"REST"},{"floor":23.0,"key":"REST"}],"circlet_count":0,"master_deck":["Strike_B+1","Strike_B","Strike_B+1","Strike_B","Defend_B","Defend_B","Defend_B","Defend_B","Zap","Dualcast","Cold Snap","Sunder+1","Ball Lightning","Doom and Gloom","White Noise","Leap","Cold Snap","Machine Learning","Barrage+1","Stack","Ball Lightning","Tempest+1","Static Discharge+1"],"relics":["Cracked Core","Whetstone","Smiling Mask","Ectoplasm","Regal Pillow","DataDisk","Toxic Egg 2","Bag of Marbles"],"acts_visited":["Exordium","TheCity"],"potions_floor_usage":[],"damage_taken":[{"damage":0.0,"enemies":"Small Slimes","floor":1.0,"turns":3.0},{"damage":3.0,"enemies":"2 Louse","floor":2.0,"turns":3.0},{"damage":2.0,"enemies":"Jaw Worm","floor":4.0,"turns":3.0},{"damage":22.0,"enemies":"Large Slime","floor":7.0,"turns":6.0},{"damage":0.0,"enemies":"Exordium Thugs","floor":10.0,"turns":3.0},{"damage":17.0,"enemies":"Exordium Wildlife","floor":11.0,"turns":3.0},{"damage":33.0,"enemies":"3 Sentries","floor":13.0,"turns":6.0},{"damage":10.0,"enemies":"Looter","floor":14.0,"turns":3.0},{"damage":19.0,"enemies":"The Guardian","floor":16.0,"turns":7.0},{"damage":21.0,"enemies":"2 Thieves","floor":18.0,"turns":3.0},{"damage":14.0,"enemies":"Chosen","floor":20.0,"turns":5.0},{"damage":23.0,"enemies":"Centurion and Healer","floor":21.0,"turns":5.0},{"damage":9.0,"enemies":"Cultist and Chosen","floor":22.0,"turns":6.0},{"damage":34.0,"enemies":"Book of Stabbing","floor":25.0,"turns":5.0},{"damage":0,"enemies":"Snake Plant","floor":28,"turns":1}],"seed_played":"-8936635852589777426","potions_obtained":[{"floor":1.0,"key":"Dexterity Potion"},{"floor":2.0,"key":"SkillPotion"},{"floor":4.0,"key":"Regen Potion"},{"floor":14.0,"key":"Block Potion"},{"floor":20.0,"key":"PowerPotion"},{"floor":25.0,"key":"SteroidPotion"}],"is_trial":false,"path_per_floor":["M","M","?","M","?","R","M","R","T","M","M","R","E","M","R","B",null,"M","?","M","M","M","R","T","E","T","?","M"],"character_chosen":"DEFECT","items_purchased":[],"campfire_rested":3,"item_purchase_floors":[],"current_hp_per_floor":[75,72,72,70,82,82,60,60,60,60,43,67,34,24,48,29,69,48,48,43,20,11,35,35,1,1,1,1,1],"gold":122,"neow_bonus":"TEN_PERCENT_HP_BONUS","is_daily":false,"chose_seed":false,"campfire_upgraded":1,"win_rate":0.0,"timestamp":1610572064,"path_taken":["M","M","?","M","?","R","M","R","T","M","M","R","E","M","R","BOSS","M","?","M","M","M","R","?","E","T","?","M"],"items_purchased_type":[],"build_version":"2020-12-22","purchased_purges":0,"victory":false,"max_hp_per_floor":[82,82,82,82,82,82,82,82,82,82,82,82,82,82,82,82,82,82,82,82,82,82,82,82,82,82,82,82,82],"card_choices":[{"not_picked":["Scrape","Fusion"],"picked":"Cold Snap","floor":1.0},{"not_picked":["Chill","Stack"],"picked":"Sunder","floor":2.0},{"not_picked":["Go for the Eyes","Skim"],"picked":"Ball Lightning","floor":4.0},{"not_picked":["Beam Cell","Go for the Eyes"],"picked":"Doom and Gloom","floor":7.0},{"not_picked":["Fusion","Heatsinks"],"picked":"White Noise","floor":10.0},{"not_picked":["Glacier","Sweeping Beam","Hologram"],"picked":"SKIP","floor":11.0},{"not_picked":["Reinforced Body","Rebound"],"picked":"Leap","floor":13.0},{"not_picked":["Go for the Eyes","Sweeping Beam"],"picked":"Cold Snap","floor":14.0},{"not_picked":["Creative AI","Fission"],"picked":"Machine Learning","floor":16.0},{"not_picked":["Steam","Chill"],"picked":"Barrage+1","floor":18.0},{"not_picked":["Beam Cell","Turbo"],"picked":"Stack","floor":20.0},{"not_picked":["Leap","Meteor Strike"],"picked":"Ball Lightning","floor":21.0},{"not_picked":["Aggregate","Gash"],"picked":"Tempest+1","floor":22.0},{"not_picked":["Stack","Steam"],"picked":"Static Discharge+1","floor":25.0}],"player_experience":443668,"relics_obtained":[{"floor":9.0,"key":"Whetstone"},{"floor":13.0,"key":"Smiling Mask"},{"floor":24.0,"key":"Regal Pillow"},{"floor":25.0,"key":"DataDisk"},{"floor":26.0,"key":"Toxic Egg 2"}],"event_choices":[{"damage_healed":0.0,"max_hp_gain":0.0,"max_hp_loss":0.0,"gold_gain":0.0,"event_name":"World of Goop","player_choice":"Left Gold","floor":3.0,"gold_loss":26.0,"damage_taken":0.0},{"damage_healed":20.0,"max_hp_gain":0.0,"max_hp_loss":0.0,"gold_gain":0.0,"event_name":"The Cleric","player_choice":"Healed","floor":5.0,"gold_loss":35.0,"damage_taken":0.0},{"damage_healed":0.0,"max_hp_gain":0.0,"max_hp_loss":0.0,"gold_gain":99.0,"event_name":"Nest","player_choice":"Stole From Cult","floor":19.0,"gold_loss":0.0,"damage_taken":0.0},{"damage_healed":0.0,"max_hp_gain":0.0,"max_hp_loss":0.0,"gold_gain":0.0,"event_name":"WeMeetAgain","player_choice":"Paid Gold","floor":27.0,"gold_loss":115.0,"damage_taken":0.0,"relics_obtained":["Bag of Marbles"]}],"is_beta":false,"boss_relics":[{"not_picked":["Runic Pyramid","Philosopher\u0027s Stone"],"picked":"Ectoplasm"}],"items_purged_floors":[],"is_endless":false,"potions_floor_spawned":[1,2,4,10,14,20,21,25],"killed_by":"Snake Plant","ascension_level":7}}