{"host":"qrt7o4dq2qslzw13","time":1610543053,"event":{"mods":["AchievementEnabler","BaseMod","Colored Map","Colored Powertips","Minty Spire (QoL Compilation)","Quick Restart","StSLib","SuperFastMode"],"gold_per_floor":[216,236,8,25,36,36,63,83,110,110,75,87,87,104,104,205,205,221,1,15,35,48,48,48,48,48,78,90,90,90],"floor_reached":29,"language":"ENG","playtime":775,"items_purged":[],"score":229,"play_id":"4d1daa29-214b-4671-bf3c-3f947c8006e2","local_time":"20210113080413","is_ascension_mode":false,"campfire_choices":[{"data":"Noxious Fumes","floor":6.0,"key":"SMITH"},{"data":"The Bomb","floor":10.0,"key":"SMITH"},{"data":"Eviscerate","floor":15,"key":"SMITH"},{"floor":23,"key":"REST"},{"data":"Accuracy","floor":25,"key":"SMITH"}],"circlet_count":0,"master_deck":["Survivor","Neutralize","PiercingWail","Noxious Fumes+1","The Bomb+1","Cloak And Dagger","Eviscerate+1","Catalyst","Blur","Terror","Glass Knife","Accuracy+1","Cloak And Dagger","Blur","Outmaneuver","Quick Slash","Footwork","Dagger Throw","Eviscerate","Skewer","Adrenaline","Terror+1","Dash","Blade Dance","Poisoned Stab"],"relics":["Ring of the Snake","Juzu Bracelet","Pandora\u0027s Box","Snake Skull","Letter Opener","Red Mask"],"acts_visited":["Exordium","TheCity"],"potions_floor_usage":[29,29,29,29],"damage_taken":[{"damage":4.0,"enemies":"Cultist","floor":1.0,"turns":5.0},{"damage":0.0,"enemies":"Small Slimes","floor":2.0,"turns":4.0},{"damage":0.0,"enemies":"Jaw Worm","floor":4.0,"turns":4.0},{"damage":4.0,"enemies":"Blue Slaver","floor":5.0,"turns":6.0},{"damage":10.0,"enemies":"Lagavulin","floor":7.0,"turns":6.0},{"damage":3.0,"enemies":"2 Fungi Beasts","floor":8.0,"turns":3.0},{"damage":2,"enemies":"Looter","floor":12,"turns":3},{"damage":5,"enemies":"Red Slaver","floor":14,"turns":3},{"damage":37,"enemies":"The Guardian","floor":16,"turns":11},{"damage":11,"enemies":"2 Thieves","floor":18,"turns":3},{"damage":16,"enemies":"Shell Parasite","floor":20,"turns":4},{"damage":4,"enemies":"Shelled Parasite and Fungi","floor":21,"turns":4},{"damage":6,"enemies":"Centurion and Healer","floor":22,"turns":4},{"damage":16,"enemies":"Masked Bandits","floor":27,"turns":4},{"damage":14,"enemies":"3 Cultists","floor":28,"turns":4},{"damage":24,"enemies":"Sentry and Sphere","floor":29,"turns":5}],"seed_played":"-5264769764198553856","potions_obtained":[{"floor":2.0,"key":"SkillPotion"},{"floor":7.0,"key":"FearPotion"},{"floor":12,"key":"SpeedPotion"},{"floor":13,"key":"EntropicBrew"}],"is_trial":false,"path_per_floor":["M","M","$","M","M","R","E","M","T","R","?","M","?","M","R","B",null,"M","$","M","M","M","R","?","R","T","?","M","M"],"character_chosen":"THE_SILENT","items_purchased":["The Bomb","Cloak And Dagger","Dash","Snake Skull"],"campfire_rested":1,"item_purchase_floors":[3,3,19,19],"current_hp_per_floor":[66,66,66,66,62,62,52,49,49,49,66,64,64,59,59,22,70,59,59,43,39,33,54,54,54,54,38,24,0,0],"gold":90,"neow_bonus":"HUNDRED_GOLD","is_daily":false,"chose_seed":false,"campfire_upgraded":4,"win_rate":0.0,"timestamp":1610543053,"path_taken":["M","M","$","M","?","R","E","M","T","R","?","M","?","M","R","BOSS","M","$","M","M","M","R","?","R","T","?","M","M"],"items_purchased_type":["Card","Card","Card","Relic"],"build_version":"2020-12-22","purchased_purges":0,"victory":false,"max_hp_per_floor":[70,70,70,70,70,70,70,70,70,70,70,70,70,70,70,70,70,70,70,70,70,70,70,70,70,70,70,70,70,70],"card_choices":[{"not_picked":["Flying Knee","Deflect"],"picked":"PiercingWail","floor":1.0},{"not_picked":["Expertise","Concentrate"],"picked":"Noxious Fumes","floor":2.0},{"not_picked":["Riddle With Holes","Outmaneuver"],"picked":"Eviscerate","floor":4.0},{"not_picked":["Sucker Punch","Outmaneuver"],"picked":"Catalyst","floor":5.0},{"not_picked":["Choke","Setup","Storm of Steel"],"picked":"SKIP","floor":7.0},{"not_picked":["Concentrate","Acrobatics"],"picked":"Blur","floor":8.0},{"not_picked":["Sucker Punch","Masterful Stab"],"picked":"Terror","floor":12},{"not_picked":["Quick Slash","All Out Attack","Dagger Throw"],"picked":"SKIP","floor":14},{"not_picked":["Storm of Steel","Envenom"],"picked":"Glass Knife","floor":16},{"not_picked":["Dodge and Roll+1","Concentrate"],"picked":"Terror+1","floor":18},{"not_picked":["Underhanded Strike","Outmaneuver+1","Dagger Spray"],"picked":"SKIP","floor":20},{"not_picked":["PiercingWail","Setup"],"picked":"Blade Dance","floor":21},{"not_picked":["Accuracy","Bane+1"],"picked":"Poisoned Stab","floor":22},{"not_picked":["Flying Knee","Masterful Stab","Slice+1"],"picked":"SKIP","floor":28}],"player_experience":536826,"relics_obtained":[{"floor":7.0,"key":"Juzu Bracelet"},{"floor":26,"key":"Letter Opener"},{"floor":27,"key":"Red Mask"}],"event_choices":[{"damage_healed":17.0,"max_hp_gain":0.0,"max_hp_loss":0.0,"gold_gain":0.0,"event_name":"The Cleric","player_choice":"Healed","floor":11.0,"gold_loss":35.0,"damage_taken":0.0},{"damage_healed":0,"gold_gain":0,"player_choice":"Got Potions","damage_taken":0,"max_hp_gain":0,"max_hp_loss":0,"event_name":"Lab","floor":13,"gold_loss":0},{"damage_healed":0,"gold_gain":0,"player_choice":"Ignored","damage_taken":0,"max_hp_gain":0,"max_hp_loss":0,"event_name":"Vampires","floor":24,"gold_loss":0},{"damage_healed":0,"gold_gain":0,"player_choice":"Fought Bandits","damage_taken":0,"max_hp_gain":0,"max_hp_loss":0,"event_name":"Masked Bandits","floor":27,"gold_loss":0}],"is_beta":false,"boss_relics":[{"not_picked":["Ring of the Serpent","Busted Crown"],"picked":"Pandora\u0027s Box"}],"items_purged_floors":[],"is_endless":false,"potions_floor_spawned":[2,7,12,14,16,20,21,22,28],"killed_by":"Sentry and Sphere","ascension_level":0}}