{"host":"neshiy0twyn5josp","time":1610529542,"event":{"mods":["AchievementEnabler","Act Like it!","AlwaysNeverKeys","Aspiration","BaseMod","Better Note","Better Silent Start","Better Third Choice","Challenge The Spire","Colored Powertips","Conspire","Emptier Cage","Energized Spire","GifTheSpireLib","Hubris","Minty Spire (QoL Compilation)","Pale of the Ancients","Permanent Neow","Quick Restart","Rare Cards Sparkle","Replay The Spire","Reworked Bosses","StSLib","Stuff the Spire"],"gold_per_floor":[122,147,164,179,35,69,69,88,166,341,355,355,355,380,380,510,510,527,556,577,386,386,386,418,418,418,458,480,506,506,530,530,648,698,720,740,432,457,159,159,207,207,234,234,258,284,284,319,319,332,353,371,371,17,17,40,40,115,115,122],"floor_reached":61,"language":"ENG","playtime":3765,"items_purged":["Doubt","StuffTheSpire:ShieldGenerator"],"score":1769,"play_id":"2fff67b2-caf5-412b-8ae7-628412705b51","local_time":"20210113011902","is_ascension_mode":true,"campfire_choices":[{"data":"White Noise","floor":7,"key":"SMITH"},{"data":"Dualcast","floor":13,"key":"SMITH"},{"data":"StuffTheSpire:FreeRealEstate","floor":15,"key":"SMITH"},{"floor":23,"key":"REST"},{"data":"Storm","floor":25,"key":"SMITH"},{"data":"Double Energy","floor":30,"key":"SMITH"},{"data":"Buffer","floor":32,"key":"SMITH"},{"data":"Seek","floor":40,"key":"SMITH"},{"data":"Crystallizer","floor":42,"key":"SMITH"},{"data":"Defragment","floor":44,"key":"SMITH"},{"data":"Storm","floor":49,"key":"SMITH"},{"data":"Loop","floor":55,"key":"SMITH"},{"data":"hubris:DoWhile","floor":57,"key":"SMITH"}],"circlet_count":0,"master_deck":["Strike_B+1","Strike_B+1","Defend_B","Defend_B","Defend_B","Zap+1","Dualcast+1","StuffTheSpire:FreeRealEstate+1","White Noise+1","Steam","Steam+1","Steam","Electrodynamics","Tempest","Steam","White Noise","Storm+1","Storm+1","Go for the Eyes","Buffer+1","Double Energy+1","Conserve Battery","Capacitor+1","Steam+1","Leap","Seek+1","Static Discharge","Leap+1","Lockon+1","Loop+1","Crystallizer+1","Loop","Steam","Defragment+1","All For One","Turbo+1","Turbo+1","Reinforced Body","hubris:PowerSurge+1","Core Surge","hubris:DoWhile+1","Stack","ReplaySort"],"relics":["Cracked Core","Orrery","Unceasing Top","aspiration:FutureDiary","Prayer Wheel","Membership Card","CultistMask","Whetstone","Replay:Bottled Snecko","Bag of Preparation","Tiny House","Replay:Baseball","hubris:Spice","Thread and Needle","TheAbacus","Replay:PocketPolymizer","Regal Pillow","Calipers","paleoftheancients:Timepiece","paleoftheancients:KeyRelic","Gremlin Horn","Spirit Poop","paleoftheancients:SoulOfTheGuardian","hubris:Towel","Replay:Rubber Ducky","Garlic","hubris:BottledRain"],"acts_visited":["Exordium","TheCity","TheBeyond","TheBeyond"],"potions_floor_usage":[4,11,16,20,24,24,33,38,41,48,48,50,60],"damage_taken":[{"damage":1,"enemies":"Cultist","floor":1,"turns":3},{"damage":0,"enemies":"conspire:RoseBush","floor":2,"turns":3},{"damage":9,"enemies":"2 Louse","floor":3,"turns":3},{"damage":20,"enemies":"Exordium Thugs","floor":4,"turns":5},{"damage":7,"enemies":"Replay:BlueRogue","floor":6,"turns":7},{"damage":0,"enemies":"conspire:2 RoseBushes","floor":8,"turns":6},{"damage":5,"enemies":"Looter","floor":11,"turns":3},{"damage":4,"enemies":"Large Slime","floor":14,"turns":3},{"damage":17,"enemies":"The Guardian","floor":16,"turns":15},{"damage":24,"enemies":"Spheric Guardian","floor":18,"turns":4},{"damage":12,"enemies":"Shell Parasite","floor":19,"turns":8},{"damage":25,"enemies":"3 Cultists","floor":20,"turns":4},{"damage":20,"enemies":"Slavers","floor":24,"turns":6},{"damage":0,"enemies":"Gremlin Leader","floor":27,"turns":6},{"damage":1,"enemies":"Centurion and Healer","floor":28,"turns":4},{"damage":0,"enemies":"Cultist and Chosen","floor":29,"turns":4},{"damage":0,"enemies":"Snecko","floor":31,"turns":3},{"damage":31,"enemies":"Automaton","floor":33,"turns":11},{"damage":18,"enemies":"3 Shapes","floor":35,"turns":5},{"damage":0,"enemies":"Orb Walker","floor":36,"turns":3},{"damage":0,"enemies":"Transient","floor":38,"turns":5},{"damage":0,"enemies":"Giant Head","floor":41,"turns":6},{"damage":9,"enemies":"Writhing Mass","floor":45,"turns":3},{"damage":2,"enemies":"3 Darklings","floor":46,"turns":2},{"damage":0,"enemies":"Reptomancer","floor":48,"turns":4},{"damage":0,"enemies":"bossMod:newAwakened","floor":50,"turns":6},{"damage":0,"enemies":"bossMod:newAwakened","floor":51,"turns":4},{"damage":19,"enemies":"bossMod:newAwakened","floor":52,"turns":5},{"damage":0,"enemies":"bossMod:newAwakened","floor":56,"turns":3},{"damage":0,"enemies":"paleoftheancients:N","floor":60,"turns":6}],"seed_played":"-2081009279114120769","potions_obtained":[{"floor":3,"key":"EssenceOfSteel"},{"floor":6,"key":"Weak Potion"},{"floor":8,"key":"Dexterity Potion"},{"floor":14,"key":"Elixir"},{"floor":18,"key":"Fire Potion"},{"floor":20,"key":"Block Potion"},{"floor":24,"key":"FairyPotion"},{"floor":31,"key":"DistilledChaos"},{"floor":34,"key":"LifebloodPotion"},{"floor":38,"key":"SpeedPotion"},{"floor":45,"key":"Languid Potion"},{"floor":46,"key":"EssenceOfSteel"},{"floor":52,"key":"LiquidBronze"}],"is_trial":false,"path_per_floor":["M","M","M","M","$","E","R","M","T","?","M","?","R","M","R","B",null,"M","M","M","$","?","R","E","R","T","E","M","M","R","M","R","B",null,"M","M","$","M","$","R","E","R","T","R","M","M","?","E","R","B","M","M","?","$","R","M","R","T","?","B",null],"character_chosen":"DEFECT","items_purchased":["Orrery","Membership Card","Replay:Baseball","hubris:Spice","Loop","Thread and Needle","Energy Potion","TheAbacus","Loop","Steam","hubris:Spice","Replay:Rubber Ducky","Garlic"],"campfire_rested":1,"item_purchase_floors":[5,21,37,37,37,39,39,39,39,39,54,54,54],"current_hp_per_floor":[74,74,65,45,45,38,38,38,38,38,33,33,33,29,29,12,75,51,39,14,14,14,36,16,16,16,16,15,15,15,15,15,6,80,62,62,70,70,70,70,70,70,70,70,61,59,59,59,59,88,88,79,79,87,87,92,92,92,92,94],"gold":122,"neow_bonus":"RANDOM_COLORLESS","is_daily":false,"chose_seed":false,"campfire_upgraded":12,"win_rate":0.0,"timestamp":1610529542,"path_taken":["M","M","M","?","$","E","R","M","T","?","M","?","R","M","R","BOSS","M","M","M","$","?","R","E","R","T","E","M","M","R","M","R","BOSS","M","M","$","M","$","R","E","R","T","R","M","M","?","E","R","BOSS","M","M","?","$","R","M","R","T","?","BOSS"],"items_purchased_type":["Relic","Relic","Relic","Relic","Card","Relic","Potion","Relic","Card","Card","Relic","Relic","Relic"],"build_version":"2020-12-22","purchased_purges":2,"victory":true,"max_hp_per_floor":[75,75,75,75,75,75,75,75,75,75,75,75,75,75,75,75,75,75,75,75,75,75,75,75,75,75,75,75,75,75,75,75,75,80,80,80,88,88,88,88,88,88,88,88,88,88,88,88,88,88,88,88,88,96,96,96,96,96,96,96],"card_choices":[{"not_picked":["StuffTheSpire:PlasmaPunch","Specialist"],"picked":"StuffTheSpire:FreeRealEstate","floor":0},{"not_picked":["Streamline","ReplayGash"],"picked":"StuffTheSpire:ShieldGenerator","floor":1},{"not_picked":["BasicCrystalCard","Beam Cell"],"picked":"White Noise","floor":2},{"not_picked":["Self Repair","StuffTheSpire:Plugnplay","Redo"],"picked":"SKIP","floor":3},{"not_picked":["Barrage","hubris:Ukulele","BasicCrystalCard"],"picked":"SKIP","floor":4},{"not_picked":["Skim","conspire:SharedLibrary"],"picked":"Steam","floor":5},{"not_picked":["Compile Driver","conspire:Rain"],"picked":"Steam","floor":5},{"not_picked":["Beam Cell","Redo"],"picked":"Steam","floor":5},{"not_picked":["Go for the Eyes","aspiration:Polymerization"],"picked":"Electrodynamics","floor":6},{"not_picked":["Hologram","StuffTheSpire:LoadUp"],"picked":"Tempest","floor":8},{"not_picked":["Ball Lightning","StuffTheSpire:LaunchingStrike"],"picked":"Steam","floor":11},{"not_picked":["Genetic Algorithm","BasicCrystalCard","StuffTheSpire:Plugnplay"],"picked":"SKIP","floor":14},{"not_picked":["Buffer","Mirror Shield"],"picked":"ReplayTheSpireMod:Fabricate Wheel","floor":16},{"not_picked":["Stack","Force Field"],"picked":"White Noise","floor":18},{"not_picked":["Leap","Darkness+1"],"picked":"Storm","floor":19},{"not_picked":["StuffTheSpire:CleanHardDrive+1","ReplayGash+1"],"picked":"Storm","floor":19},{"not_picked":["ReplayTheSpireMod:Dual Polarity+1","Turbo"],"picked":"Go for the Eyes","floor":20},{"not_picked":["Ball Lightning","ReplaySolidLightProjector","StuffTheSpire:SnapShoot"],"picked":"SKIP","floor":20},{"not_picked":["Genetic Algorithm","StuffTheSpire:Rend"],"picked":"Buffer","floor":24},{"not_picked":["Turbo","ReplayTheSpireMod:Omega Cannon"],"picked":"Double Energy","floor":27},{"not_picked":["Coolheaded","Redo+1"],"picked":"Conserve Battery","floor":28},{"not_picked":["Melter","Stack","StuffTheSpire:Plugnplay"],"picked":"SKIP","floor":28},{"not_picked":["Redo","StuffTheSpire:Plugnplay"],"picked":"Capacitor+1","floor":29},{"not_picked":["StuffTheSpire:SnapShoot+1","Time Bomb","Steam Power+1"],"picked":"SKIP","floor":29},{"not_picked":["StuffTheSpire:SnapShoot+1","Time Bomb","Steam Power+1"],"picked":"SKIP","floor":29},{"not_picked":["Compile Driver","Coolheaded"],"picked":"Steam+1","floor":31},{"not_picked":["Go for the Eyes","ReplayTheSpireMod:System Scan"],"picked":"Leap","floor":31},{"not_picked":["Hyperbeam","Rainbow"],"picked":"Seek","floor":33},{"not_picked":["Steam","Beam Cell"],"picked":"Static Discharge","floor":35},{"not_picked":["Force Field+1","Hologram+1"],"picked":"Leap+1","floor":35},{"not_picked":["Redo+1","Chaos"],"picked":"Lockon+1","floor":36},{"not_picked":["StuffTheSpire:Plugnplay+1","Go for the Eyes+1","StuffTheSpire:LaunchingStrike"],"picked":"SKIP","floor":36},{"not_picked":["Tempest","StuffTheSpire:LoadUp"],"picked":"Crystallizer","floor":38},{"not_picked":["Redo","Cold Snap+1","Hologram"],"picked":"SKIP","floor":38},{"not_picked":["FIFO Queue+1","Redo","StuffTheSpire:NuclearReactor"],"picked":"SKIP","floor":41},{"not_picked":["Darkness","Cold Snap","FIFO Queue+1"],"picked":"SKIP","floor":45},{"not_picked":["Turbo","Compile Driver","Consume"],"picked":"SKIP","floor":45},{"not_picked":["Leap+1","Coolheaded+1"],"picked":"Turbo+1","floor":46},{"not_picked":["Steam","Rip and Tear+1","Blizzard"],"picked":"SKIP","floor":46},{"not_picked":["Rainbow","StuffTheSpire:LoadUp+1"],"picked":"Turbo+1","floor":48},{"not_picked":["StuffTheSpire:Plugnplay","Gash"],"picked":"Reinforced Body","floor":51},{"not_picked":["Rebound","Compile Driver+1","Panic Button"],"picked":"SKIP","floor":51},{"not_picked":["Cold Snap+1","Streamline+1"],"picked":"hubris:PowerSurge+1","floor":52},{"not_picked":["StuffTheSpire:LoadUp","Darkness+1"],"picked":"Core Surge","floor":52},{"not_picked":["BasicCrystalCard","Auto Shields+1"],"picked":"hubris:DoWhile","floor":56},{"not_picked":["StuffTheSpire:NuclearReactor","Turbo"],"picked":"Stack","floor":56}],"player_experience":272288,"relics_obtained":[{"floor":6,"key":"Unceasing Top"},{"floor":24,"key":"Whetstone"},{"floor":26,"key":"Replay:Bottled Snecko"},{"floor":27,"key":"Bag of Preparation"},{"floor":41,"key":"Replay:PocketPolymizer"},{"floor":43,"key":"Regal Pillow"},{"floor":48,"key":"Calipers"},{"floor":52,"key":"paleoftheancients:SoulOfTheGuardian"},{"floor":58,"key":"hubris:BottledRain"}],"event_choices":[{"damage_healed":0,"gold_gain":175,"player_choice":"AGREE","damage_taken":166,"max_hp_gain":0,"max_hp_loss":0,"event_name":"betterThird:BetterSerpent","floor":10,"gold_loss":0},{"damage_healed":0,"gold_gain":0,"player_choice":"Grow","damage_taken":0,"max_hp_gain":0,"max_hp_loss":0,"event_name":"Living Wall","floor":12,"gold_loss":0,"cards_upgraded":["Zap"]},{"damage_healed":0,"gold_gain":0,"player_choice":"Trade","damage_taken":0,"relics_obtained":["CultistMask"],"max_hp_gain":0,"max_hp_loss":0,"event_name":"FaceTrader","floor":22,"gold_loss":0},{"damage_healed":0,"gold_gain":0,"player_choice":"Leave","damage_taken":0,"max_hp_gain":0,"max_hp_loss":0,"event_name":"conspire:Investor","floor":47,"gold_loss":0}],"is_beta":false,"boss_relics":[{"not_picked":["hubris:BlackHole","energizedSpire:EnergizedDie"],"picked":"aspiration:FutureDiary"},{"not_picked":["Kintsugi","hubris:CrackedHourglass"],"picked":"Tiny House"}],"items_purged_floors":[21,37],"is_endless":false,"potions_floor_spawned":[3,6,8,14,18,20,24,31,38,45,46,52],"ascension_level":2}}