{"host":"x21cvmfdo17nyhii","time":1610523227,"event":{"mods":["AchievementEnabler","BaseMod","Colored Map","Colored Powertips","DeckTracker","Highlight Path","Minty Spire (QoL Compilation)","Quick Restart","Rare Cards Sparkle","SuperFastMode"],"gold_per_floor":[114,114,114,64,16,16,27,27,27,27,44,62,62,88,88,187,187,199,199,124,56,73,73,73],"floor_reached":23,"language":"ENG","playtime":531,"items_purged":[],"score":187,"play_id":"123fae07-19bb-4385-ac06-d8df69748a55","local_time":"20210112233347","is_ascension_mode":false,"campfire_choices":[{"data":"Clothesline","floor":6.0,"key":"SMITH"},{"data":"Flame Barrier","floor":10.0,"key":"SMITH"},{"data":"Inflame","floor":13.0,"key":"SMITH"},{"floor":15.0,"key":"REST"}],"circlet_count":0,"master_deck":["Strike_R","Strike_R","Strike_R","Defend_R","Defend_R","Defend_R","Defend_R","Bash","Clothesline+1","Flame Barrier+1","Cleave","Inflame+1","Bloodletting","Limit Break","Cleave+1","RitualDagger","Inflame","Flex"],"relics":["Burning Blood"],"acts_visited":["Exordium","TheCity"],"potions_floor_usage":[23],"damage_taken":[{"damage":5.0,"enemies":"Cultist","floor":1.0,"turns":4.0},{"damage":3.0,"enemies":"Small Slimes","floor":7.0,"turns":5.0},{"damage":0.0,"enemies":"2 Louse","floor":11.0,"turns":4.0},{"damage":1.0,"enemies":"Exordium Wildlife","floor":12.0,"turns":3.0},{"damage":20.0,"enemies":"Gremlin Nob","floor":14.0,"turns":4.0},{"damage":13.0,"enemies":"Slime Boss","floor":16.0,"turns":9.0},{"damage":23.0,"enemies":"2 Thieves","floor":18.0,"turns":4.0},{"damage":18.0,"enemies":"Spheric Guardian","floor":22.0,"turns":5.0},{"damage":61,"enemies":"Book of Stabbing","floor":23,"turns":7}],"seed_played":"-1557467862222397807","potions_obtained":[{"floor":11.0,"key":"SneckoOil"},{"floor":14.0,"key":"Energy Potion"},{"floor":18.0,"key":"BlessingOfTheForge"}],"is_trial":false,"path_per_floor":["M","?","?","?","$","R","M","$","T","R","M","M","R","E","R","B",null,"M","?","?","$","M","E"],"character_chosen":"IRONCLAD","items_purchased":["Fire Potion","Inflame"],"campfire_rested":1,"item_purchase_floors":[5,21],"current_hp_per_floor":[88,88,93,93,93,93,93,93,93,93,93,93,93,79,93,86,93,76,70,70,70,58,0,0],"gold":73,"neow_bonus":"TEN_PERCENT_HP_BONUS","is_daily":false,"chose_seed":false,"campfire_upgraded":3,"win_rate":0.0,"timestamp":1610523227,"path_taken":["M","?","?","?","$","R","M","$","T","R","?","M","R","E","R","BOSS","M","?","?","$","M","E"],"items_purchased_type":["Potion","Card"],"build_version":"2020-12-22","purchased_purges":0,"victory":false,"max_hp_per_floor":[88,88,93,93,93,93,93,93,93,93,93,93,93,93,93,93,93,93,93,93,93,93,93,93],"card_choices":[{"not_picked":["Headbutt","Anger"],"picked":"Clothesline","floor":1.0},{"not_picked":["Sever Soul","Warcry"],"picked":"Flame Barrier","floor":7.0},{"not_picked":["Clash","Wild Strike"],"picked":"Cleave","floor":11.0},{"not_picked":["Battle Trance","Clothesline"],"picked":"Inflame","floor":12.0},{"not_picked":["Flex","Clothesline"],"picked":"Bloodletting","floor":14.0},{"not_picked":["Immolate","Fiend Fire"],"picked":"Limit Break","floor":16.0},{"not_picked":["Iron Wave","Sword Boomerang+1"],"picked":"Cleave+1","floor":18.0},{"not_picked":["Carnage+1","Sword Boomerang"],"picked":"Flex","floor":22.0}],"player_experience":330469,"relics_obtained":[],"event_choices":[{"damage_healed":0.0,"max_hp_gain":0.0,"max_hp_loss":0.0,"gold_gain":0.0,"event_name":"Golden Idol","player_choice":"Ignored","floor":2.0,"gold_loss":0.0,"damage_taken":0.0},{"damage_healed":0.0,"max_hp_gain":5.0,"max_hp_loss":0.0,"gold_gain":0.0,"event_name":"Big Fish","player_choice":"Donut","floor":3.0,"gold_loss":0.0,"damage_taken":0.0},{"cards_removed":["Strike_R"],"damage_healed":0.0,"max_hp_gain":0.0,"max_hp_loss":0.0,"gold_gain":0.0,"event_name":"The Cleric","player_choice":"Card Removal","floor":4.0,"gold_loss":50.0,"damage_taken":0.0},{"damage_healed":0.0,"max_hp_gain":0.0,"max_hp_loss":0.0,"gold_gain":0.0,"event_name":"Nest","player_choice":"Joined the Cult","floor":19.0,"gold_loss":0.0,"damage_taken":6.0,"cards_obtained":["RitualDagger"]},{"cards_removed":["Strike_R"],"damage_healed":0.0,"max_hp_gain":0.0,"max_hp_loss":0.0,"gold_gain":0.0,"event_name":"Beggar","player_choice":"Gave Gold","floor":20.0,"gold_loss":75.0,"damage_taken":0.0}],"is_beta":false,"boss_relics":[{"not_picked":["Runic Pyramid","Runic Dome","Mark of Pain"]}],"items_purged_floors":[],"is_endless":false,"potions_floor_spawned":[11,14,18],"killed_by":"Book of Stabbing","ascension_level":0}}