{"host":"52lujqhsyicpcskq","time":1610530328,"event":{"mods":["BaseMod","Colored Map","DeckTracker","Minty Spire (QoL Compilation)","Permanent Neow","StSLib","SuperFastMode","everything is the same but u backflip on backflip"],"gold_per_floor":[19,32,45,56,56,56,73,100,100,100,131,56,73,102,102,102,102],"floor_reached":16,"language":"KOR","playtime":867,"items_purged":["Strike_R"],"score":177,"play_id":"31175bc4-468c-4daf-b4e4-858e69f6792b","local_time":"20210113183208","is_ascension_mode":true,"campfire_choices":[{"data":"Body Slam","floor":6,"key":"SMITH"},{"data":"Entrench","floor":10,"key":"SMITH"},{"data":"Power Through","floor":15,"key":"SMITH"}],"circlet_count":0,"master_deck":["Strike_R","Strike_R","Strike_R+1","Defend_R","Defend_R","Defend_R","Bash+1","Shrug It Off","Battle Trance","Body Slam+1","Feel No Pain","Shrug It Off","Entrench+1","Clash","Power Through+1","Immolate"],"relics":["Burning Blood","White Beast Statue","Vajra","Whetstone","Gremlin Horn"],"acts_visited":["Exordium"],"potions_floor_usage":[14,14,16],"damage_taken":[{"damage":10,"enemies":"Jaw Worm","floor":1,"turns":5},{"damage":0,"enemies":"2 Louse","floor":2,"turns":4},{"damage":1,"enemies":"Cultist","floor":3,"turns":5},{"damage":15,"enemies":"Looter","floor":4,"turns":4},{"damage":3,"enemies":"Blue Slaver","floor":7,"turns":4},{"damage":1,"enemies":"3 Sentries","floor":8,"turns":11},{"damage":21,"enemies":"Gremlin Nob","floor":11,"turns":4},{"damage":0,"enemies":"Exordium Wildlife","floor":13,"turns":3},{"damage":18,"enemies":"Lagavulin","floor":14,"turns":4},{"damage":64,"enemies":"The Guardian","floor":16,"turns":9}],"seed_played":"-8101374189856994814","potions_obtained":[{"floor":1,"key":"ElixirPotion"},{"floor":4,"key":"DuplicationPotion"},{"floor":7,"key":"Weak Potion"},{"floor":11,"key":"PowerPotion"},{"floor":14,"key":"PowerPotion"}],"is_trial":false,"path_per_floor":["M","M","M","M","?","R","M","E","T","R","E","$","M","E","R","B"],"character_chosen":"IRONCLAD","items_purchased":[],"campfire_rested":0,"item_purchase_floors":[],"current_hp_per_floor":[68,74,79,70,75,75,78,83,83,83,68,68,74,62,62,0,0],"gold":102,"neow_bonus":"REMOVE_TWO","is_daily":false,"chose_seed":false,"campfire_upgraded":3,"win_rate":0.0,"timestamp":1610530328,"path_taken":["M","M","M","M","?","R","M","E","T","R","E","$","M","E","R","BOSS"],"items_purchased_type":[],"build_version":"2020-12-22","purchased_purges":1,"victory":false,"max_hp_per_floor":[80,80,80,80,85,85,85,85,85,85,85,85,85,85,85,85,85],"card_choices":[{"not_picked":["Clash","Perfected Strike"],"picked":"Shrug It Off","floor":1},{"not_picked":["Iron Wave","Armaments"],"picked":"Battle Trance","floor":2},{"not_picked":["Flex","Pummel"],"picked":"Body Slam","floor":3},{"not_picked":["Bloodletting","Dropkick"],"picked":"Feel No Pain","floor":4},{"not_picked":["Ghostly Armor","Wild Strike"],"picked":"Shrug It Off","floor":7},{"not_picked":["Body Slam","Thunderclap"],"picked":"Entrench","floor":8},{"not_picked":["Dark Embrace","Pommel Strike"],"picked":"Clash","floor":11},{"not_picked":["Metallicize","Twin Strike"],"picked":"Power Through","floor":13},{"not_picked":["Demon Form","Pommel Strike"],"picked":"Immolate","floor":14}],"player_experience":676579,"relics_obtained":[{"floor":8,"key":"White Beast Statue"},{"floor":9,"key":"Vajra"},{"floor":11,"key":"Whetstone"},{"floor":14,"key":"Gremlin Horn"}],"event_choices":[{"damage_healed":0,"gold_gain":0,"player_choice":"Donut","damage_taken":0,"max_hp_gain":5,"max_hp_loss":0,"event_name":"Big Fish","floor":5,"gold_loss":0}],"is_beta":false,"boss_relics":[],"items_purged_floors":[12],"is_endless":false,"potions_floor_spawned":[1,4,7,11,13,14],"killed_by":"The Guardian","ascension_level":9}}