{"host":"gpkbl0cayp7vm3va","time":1610577882,"event":{"mods":["100% Spire Juice","BaseMod","Bestiary","Colored Map","Curses Come First","Downfall","Highlight Path","Hubris","Infinite Spire","Marisa????????","Minty Spire (QoL Compilation)","Remilia??????","Replay The Spire","Robot Space Explorer","StSLib","The Cursed","The Jungle","The Marked","The Necromancer","The Servant 0.9.4"],"gold_per_floor":[115,9,29,4,104,130,148,158,234,250,278,295,295,305,305,408,408,427,427,440,451,470,495,505,518,518,518,303,303,303,303],"floor_reached":30,"language":"ENG","playtime":3959,"items_purged":["TheCursedMod:Strike_TheCursed"],"score":291,"play_id":"5dc08c41-c57e-4031-8b84-cffcc988ead8","local_time":"20210113154442","is_ascension_mode":false,"campfire_choices":[{"data":"TheCursedMod:Grudge","floor":13,"key":"SMITH"},{"data":"TheCursedMod:CleanUpWorkshop","floor":15,"key":"SMITH"},{"data":"infinitespire:Collect","floor":27,"key":"SMITH"}],"circlet_count":0,"master_deck":["TheCursedMod:Strike_TheCursed","TheCursedMod:Strike_TheCursed","TheCursedMod:Strike_TheCursed","TheCursedMod:Defend_TheCursed","TheCursedMod:Defend_TheCursed","TheCursedMod:Defend_TheCursed","TheCursedMod:Defend_TheCursed","TheCursedMod:CursedWand","TheCursedMod:CleanUpWorkshop+1","TheCursedMod:VitalStrike","TheCursedMod:Hemoplague+1","TheCursedMod:CursedShiv","TheCursedMod:CursedAmulet","TheCursedMod:Stigma","TheCursedMod:SaltUponWound","TheCursedMod:LuckyCharm","TheCursedMod:Grudge+1","TheCursedMod:WearCloak","TheCursedMod:CircleOfAbyss","TheCursedMod:HellfireBreathing","TheCursedMod:Hemoplague","TheCursedMod:SmokeScreen+1","TheCursedMod:SpreadPlague","infinitespire:Collect+1","TheCursedMod:HellsGateOpen","TheCursedMod:DemonSword","hubris:Greed"],"relics":["TheCursedMod:BlackMagic101","NeowsBlessing","TheCursedMod:Tack","Singing Bowl","Turnip","hubris:RunicObelisk","Meat on the Bone","HornCleat","StrikeDummy"],"acts_visited":["Exordium","theJungle:Jungle"],"potions_floor_usage":[10,12,21,25,30,30],"damage_taken":[{"damage":0,"enemies":"Cultist","floor":1,"turns":1},{"damage":0,"enemies":"2 Louse","floor":3,"turns":1},{"damage":0,"enemies":"Lagavulin","floor":6,"turns":1},{"damage":0,"enemies":"Jaw Worm","floor":7,"turns":3},{"damage":1,"enemies":"3 Louse","floor":8,"turns":3},{"damage":5,"enemies":"Exordium Thugs","floor":10,"turns":4},{"damage":4,"enemies":"Replay:BlueRogue","floor":11,"turns":5},{"damage":0,"enemies":"Looter","floor":12,"turns":2},{"damage":1,"enemies":"Blue Slaver","floor":14,"turns":2},{"damage":17,"enemies":"Slime Boss","floor":16,"turns":15},{"damage":4,"enemies":"theJungle:Flameango_and_Byrd","floor":18,"turns":4},{"damage":14,"enemies":"theJungle:GiantWrat","floor":20,"turns":5},{"damage":12,"enemies":"theJungle:Snecko_Cultist_And_Trap","floor":21,"turns":7},{"damage":10,"enemies":"theJungle:SlimyTreeVines","floor":22,"turns":8},{"damage":13,"enemies":"Nightmare","floor":23,"turns":7},{"damage":16,"enemies":"Snake Plant","floor":24,"turns":2},{"damage":10,"enemies":"theJungle:JungleHuntersEncounter","floor":25,"turns":5},{"damage":52,"enemies":"theJungle:Cassacara","floor":30,"turns":8}],"seed_played":"-4391735766148485545","potions_obtained":[{"floor":1,"key":"ColorlessPotion"},{"floor":8,"key":"sneckomod:MuddlingPotion"},{"floor":11,"key":"Energy Potion"},{"floor":16,"key":"Block Potion"},{"floor":21,"key":"GamblersBrew"},{"floor":24,"key":"SpeedPotion"}],"is_trial":false,"path_per_floor":["M","$","M","$","?","E","M","M","T","M","E","M","R","M","R","B",null,"M","?","M","M","M","NM","M","M","T","R","$","T","E"],"character_chosen":"THE_CURSED","items_purchased":["TheCursedMod:Hemoplague+1","TheCursedMod:CursedShiv","TheCursedMod:Stigma","TheCursedMod:DemonSword"],"campfire_rested":0,"item_purchase_floors":[2,2,4,28],"current_hp_per_floor":[75,75,75,75,75,75,75,74,74,71,67,69,69,70,70,53,81,77,77,63,51,47,36,34,36,36,36,36,36,0,0],"gold":303,"neow_bonus":"THREE_ENEMY_KILL","is_daily":false,"chose_seed":false,"campfire_upgraded":3,"win_rate":0.0,"timestamp":1610577882,"path_taken":["M","$","M","?","?","E","?","M","T","M","E","?","R","M","R","BOSS","M","?","M","M","M","NM","M","M","T","R","?","?","E"],"items_purchased_type":["Card","Card","Card","Card"],"build_version":"2020-12-22","purchased_purges":1,"victory":false,"max_hp_per_floor":[75,75,75,75,75,75,75,75,75,77,77,79,79,81,81,81,81,81,81,81,81,81,83,85,85,85,85,85,85,85,85],"card_choices":[{"not_picked":["TheCursedMod:RapidMovement","TheCursedMod:FleshFromBone"],"picked":"TheCursedMod:VitalStrike","floor":1},{"not_picked":["TheCursedMod:CursedBlade","TheCursedMod:ReleasedKnowledge"],"picked":"TheCursedMod:CursedAmulet","floor":3},{"not_picked":["TheCursedMod:VitalStrike","TheCursedMod:CircleOfFocus"],"picked":"TheCursedMod:SaltUponWound","floor":6},{"not_picked":["TheCursedMod:CircleOfWindfury","TheCursedMod:RavingStaff"],"picked":"TheCursedMod:LuckyCharm","floor":7},{"not_picked":["TheCursedMod:CursedArmor","TheCursedMod:Stigma"],"picked":"TheCursedMod:Grudge","floor":8},{"not_picked":["TheCursedMod:SpitefulStrike","TheCursedMod:TacticalStrike","TheCursedMod:CursedShiv"],"picked":"Singing Bowl","floor":10},{"not_picked":["TheCursedMod:ForbiddenAlchemy","TheCursedMod:SoulCrush"],"picked":"TheCursedMod:WearCloak","floor":11},{"not_picked":["TheCursedMod:RavingStaff","TheCursedMod:CircleOfCorruption","TheCursedMod:SmokeScreen"],"picked":"Singing Bowl","floor":12},{"not_picked":["TheCursedMod:SmokeScreen","TheCursedMod:RavingStaff","TheCursedMod:ParallelWorld"],"picked":"Singing Bowl","floor":14},{"not_picked":["TheCursedMod:ParallelWorld","TheCursedMod:AntiAging"],"picked":"TheCursedMod:CircleOfAbyss","floor":16},{"not_picked":["TheCursedMod:PrepareRite+1","TheCursedMod:Wield"],"picked":"TheCursedMod:HellfireBreathing","floor":18},{"not_picked":["TheCursedMod:Obscuration","TheCursedMod:DoubleShield"],"picked":"TheCursedMod:Hemoplague","floor":20},{"not_picked":["TheCursedMod:CursedBlade","TheCursedMod:CursedMace+1"],"picked":"TheCursedMod:SmokeScreen+1","floor":21},{"not_picked":["TheCursedMod:AbyssShockwave","TheCursedMod:SaltUponWound+1"],"picked":"TheCursedMod:SpreadPlague","floor":22},{"not_picked":["infinitespire:Fortify","infinitespire:Punishment"],"picked":"infinitespire:Collect","floor":23},{"not_picked":["TheCursedMod:CursedStaff","TheCursedMod:RavingStaff+1","TheCursedMod:CircleOfCorruption"],"picked":"Singing Bowl","floor":23},{"not_picked":["TheCursedMod:CircleOfFlame+1","TheCursedMod:CursedMace","TheCursedMod:RavingStaff"],"picked":"Singing Bowl","floor":24},{"not_picked":["TheCursedMod:SpitefulStrike","TheCursedMod:CursedMace+1"],"picked":"TheCursedMod:HellsGateOpen","floor":25}],"player_experience":746191,"relics_obtained":[{"floor":6,"key":"TheCursedMod:Tack"},{"floor":9,"key":"Singing Bowl"},{"floor":11,"key":"Turnip"},{"floor":23,"key":"Meat on the Bone"},{"floor":26,"key":"HornCleat"},{"floor":29,"key":"StrikeDummy"}],"event_choices":[{"damage_healed":0,"gold_gain":100,"player_choice":"Gold","damage_taken":0,"max_hp_gain":0,"max_hp_loss":0,"event_name":"Wheel of Change","floor":5,"gold_loss":0},{"cards_removed":["TheCursedMod:Dregs"],"damage_healed":0,"gold_gain":0,"player_choice":"Removed Curses","damage_taken":0,"max_hp_gain":0,"max_hp_loss":0,"event_name":"Fountain of Cleansing","floor":19,"gold_loss":0}],"is_beta":false,"boss_relics":[{"not_picked":["Coffee Dripper","Runic Pyramid"],"picked":"hubris:RunicObelisk"}],"items_purged_floors":[28],"is_endless":false,"potions_floor_spawned":[1,8,11,16,21,24],"killed_by":"theJungle:Cassacara","ascension_level":0}}