{"host":"ojme7g6xlqwffsso","time":1610551114,"event":{"mods":["Act Like it!","BaseMod","Downfall","Hermit","Infinite Spire","MarisaÅiñ∂âJÅ@ñÇóùçπÅj","Minty Spire (QoL Compilation)","Replay The Spire","Shop Mod","StSLib","The Alterego","The Cursed","The Hierophant","Yuri Mod"],"gold_per_floor":[99,118,118,118,0,30,84,184,195,210,210,225,244,244,244,244],"floor_reached":14,"language":"ENG","playtime":597,"items_purged":[],"score":108,"play_id":"ff465e3f-b372-43a7-bb57-1c071a606939","local_time":"20210114001834","is_ascension_mode":true,"campfire_choices":[{"data":"hexamod:Float","floor":1,"key":"SMITH"},{"data":"hexamod:HeatShield","floor":11,"key":"SMITH"}],"circlet_count":0,"master_deck":["hexamod:Strike","hexamod:Strike","hexamod:Strike","hexamod:Strike","hexamod:Defend","hexamod:Defend","hexamod:Defend","hexamod:Sear","hexamod:Float+1","hexamod:GhostShield","hexamod:HeatShield+1","hexamod:GhostflameBarrier","hexamod:SwordOfDarkness","hexamod:RainOfEmbers","hexamod:PhantomFireball","hexamod:HauntingEcho","hexamod:SoulSteal+1","hexamod:TimeOfNeed+1","hexamod:HeatMetal","hexamod:Firestarter","hexamod:SpectersWail","hexamod:DynamicBlow","hexamod:ThirdSeal","hexamod:PowerFromBeyond","hexamod:BurningTouch"],"relics":["hexamod:SpiritBrand","infinitespire:Lucky Rock","CaptainsWheel","Art of War","Bag of Preparation"],"acts_visited":["Exordium"],"potions_floor_usage":[14],"damage_taken":[{"damage":1,"enemies":"Jaw Worm","floor":2,"turns":3},{"damage":0,"enemies":"downfall:FleeingMerchant","floor":5,"turns":4},{"damage":12,"enemies":"Gremlin Nob","floor":6,"turns":4},{"damage":8,"enemies":"downfall:Heads","floor":8,"turns":5},{"damage":0,"enemies":"2 Louse","floor":9,"turns":2},{"damage":0,"enemies":"Small Slimes","floor":10,"turns":3},{"damage":8,"enemies":"Red Slaver","floor":12,"turns":3},{"damage":18,"enemies":"Exordium Wildlife","floor":13,"turns":3},{"damage":23,"enemies":"Lagavulin","floor":14,"turns":5}],"seed_played":"-7287953656655242300","potions_obtained":[{"floor":6,"key":"sneckomod:MuddlingPotion"},{"floor":9,"key":"GamblersBrew"},{"floor":12,"key":"SteroidPotion"}],"is_trial":false,"path_per_floor":["R","M","?","?","$","E","T","?","M","M","R","M","M","E"],"character_chosen":"THE_SPIRIT","items_purchased":["hexamod:HauntingEcho","hexamod:SoulSteal+1"],"campfire_rested":0,"item_purchase_floors":[5,5],"current_hp_per_floor":[70,69,69,69,69,57,57,49,49,49,49,41,23,0,0,0],"gold":244,"neow_bonus":"RANDOM_COMMON_RELIC","is_daily":false,"chose_seed":false,"campfire_upgraded":2,"win_rate":0.0,"timestamp":1610551114,"path_taken":["R","M","?","?","?","E","T","?","M","M","R","M","M","E"],"items_purchased_type":["Card","Card"],"build_version":"2020-12-22","purchased_purges":0,"victory":false,"max_hp_per_floor":[70,70,70,70,70,70,70,70,70,70,70,70,70,70,70,70],"card_choices":[{"not_picked":["hexamod:HeatShield","hexamod:RainOfEmbers"],"picked":"hexamod:GhostShield","floor":2},{"not_picked":["hexamod:InspiringFlames","hexamod:GhostOfSpireFuture"],"picked":"hexamod:PhantomFireball","floor":5},{"not_picked":["hexamod:ShieldOfDarkness","hexamod:ThermalTransfer"],"picked":"hexamod:TimeOfNeed","floor":6},{"not_picked":["hexamod:HauntingEcho","hexamod:Hexaguard"],"picked":"hexamod:Firestarter","floor":8},{"not_picked":["hexamod:ShieldOfDarkness","hexamod:DynamicBlow"],"picked":"hexamod:SpectersWail","floor":9},{"not_picked":["hexamod:TurnItUp","hexamod:SpectersWail"],"picked":"hexamod:DynamicBlow","floor":10},{"not_picked":["hexamod:HeatMetal","hexamod:NightmareStrike"],"picked":"hexamod:ThirdSeal","floor":12},{"not_picked":["hexamod:GhostShield","hexamod:RetreatToShadows"],"picked":"hexamod:PowerFromBeyond","floor":13},{"not_picked":["hexamod:Firestarter","hexamod:SpectralSpark"],"picked":"hexamod:BurningTouch","floor":13}],"player_experience":942567,"relics_obtained":[{"floor":4,"key":"CaptainsWheel"},{"floor":6,"key":"Art of War"},{"floor":7,"key":"Bag of Preparation"}],"event_choices":[],"is_beta":false,"boss_relics":[],"items_purged_floors":[],"is_endless":false,"potions_floor_spawned":[6,9,12],"killed_by":"Lagavulin","ascension_level":4}}