{"host":"z9nhqy1wc0bvpk1o","time":1610577497,"event":{"mods":["BaseMod","Downfall","Minty Spire (QoL Compilation)","StSLib"],"gold_per_floor":[115,115,115,115,26,26,40,40,64,5,37,37,50,65,65,163,163,175,175,31,31,31,62,62,62,62,62,62,81,109,24,24,24,24],"floor_reached":33,"language":"ENG","playtime":1047,"items_purged":["Regret"],"score":302,"play_id":"bac03279-e707-41c5-bc00-758bc95e6707","local_time":"20210113223817","is_ascension_mode":false,"campfire_choices":[{"data":"expansioncontent:Flail","floor":6,"key":"SMITH"},{"data":"Storm","floor":8,"key":"SMITH"},{"data":"Tempest","floor":15,"key":"SMITH"},{"floor":25,"key":"REST"},{"data":"Defragment","floor":27,"key":"SMITH"},{"floor":32,"key":"REST"}],"circlet_count":0,"master_deck":["Strike_B+1","Strike_B","Strike_B","Strike_B+1","Defend_B","Defend_B","Defend_B","Defend_B","Zap+1","Dualcast+1","Storm+1","Tempest+1","Defragment+1","Ball Lightning","Ball Lightning","Gash","Creative AI","Self Repair","Necronomicurse","Beam Cell"],"relics":["Cracked Core","NeowsBlessing","MealTicket","Regal Pillow","MawBank","Lantern","Busted Crown","War Paint","Necronomicon","Bag of Preparation","Frozen Egg 2","Juzu Bracelet","Gambling Chip"],"acts_visited":["Exordium","TheCity"],"potions_floor_usage":[16,18,23,23,29],"damage_taken":[{"damage":0,"enemies":"2 Louse","floor":1,"turns":1},{"damage":0,"enemies":"Small Slimes","floor":7,"turns":1},{"damage":0,"enemies":"3 Sentries","floor":11,"turns":1},{"damage":0,"enemies":"Cultist","floor":13,"turns":2},{"damage":8,"enemies":"Blue Slaver","floor":14,"turns":2},{"damage":38,"enemies":"The Guardian","floor":16,"turns":7},{"damage":44,"enemies":"3 Byrds","floor":18,"turns":4},{"damage":46,"enemies":"Book of Stabbing","floor":23,"turns":4},{"damage":20,"enemies":"Shell Parasite","floor":29,"turns":3},{"damage":53,"enemies":"Gremlin Leader","floor":30,"turns":6},{"damage":83,"enemies":"Automaton","floor":33,"turns":6}],"seed_played":"-1325705063033428527","potions_obtained":[{"floor":1,"key":"Regen Potion"},{"floor":7,"key":"DistilledChaos"},{"floor":11,"key":"FocusPotion"},{"floor":16,"key":"Explosive Potion"},{"floor":23,"key":"Fruit Juice"}],"is_trial":false,"path_per_floor":["M","?","?","?","$","R","M","R","T","$","E","?","M","M","R","B",null,"M","?","$","?","$","E","$","R","T","R","?","M","E","?","R","B"],"character_chosen":"DEFECT","items_purchased":["expansioncontent:Flail","Defragment","Self Repair"],"campfire_rested":2,"item_purchase_floors":[5,10,20],"current_hp_per_floor":[75,72,57,57,72,72,72,72,72,75,75,75,75,67,67,29,75,31,31,46,30,45,18,33,70,70,70,70,62,16,16,55,0,0],"gold":24,"neow_bonus":"THREE_ENEMY_KILL","is_daily":false,"chose_seed":false,"campfire_upgraded":4,"win_rate":0.0,"timestamp":1610577497,"path_taken":["M","?","?","?","$","R","M","R","T","$","E","?","?","M","R","BOSS","M","?","$","?","?","E","$","R","T","R","?","?","E","?","R","BOSS"],"items_purchased_type":["Card","Card","Card"],"build_version":"2020-12-22","purchased_purges":1,"victory":false,"max_hp_per_floor":[75,75,75,75,75,75,75,75,75,75,75,75,75,75,75,75,75,75,75,75,75,75,75,75,75,75,75,75,80,80,80,80,80,80],"card_choices":[{"not_picked":["Melter","Leap"],"picked":"Storm","floor":1},{"not_picked":["Compile Driver","Cold Snap"],"picked":"Tempest","floor":7},{"not_picked":["Darkness","Sweeping Beam"],"picked":"Ball Lightning","floor":11},{"not_picked":["Compile Driver","Reprogram"],"picked":"Ball Lightning","floor":13},{"not_picked":["Heatsinks","Auto Shields"],"picked":"Gash","floor":14},{"not_picked":["Seek","Multi-Cast"],"picked":"Creative AI","floor":16},{"not_picked":["Steam"],"picked":"SKIP","floor":18},{"not_picked":["Fusion+1"],"picked":"SKIP","floor":23},{"not_picked":[],"picked":"Beam Cell","floor":29},{"not_picked":["Undo"],"picked":"SKIP","floor":30}],"player_experience":14157,"relics_obtained":[{"floor":9,"key":"MawBank"},{"floor":11,"key":"Lantern"},{"floor":21,"key":"Necronomicon"},{"floor":23,"key":"Bag of Preparation"},{"floor":26,"key":"Frozen Egg 2"},{"floor":30,"key":"Juzu Bracelet"}],"event_choices":[{"damage_healed":0,"gold_gain":0,"player_choice":"Success","damage_taken":3,"relics_obtained":["MealTicket"],"max_hp_gain":0,"max_hp_loss":0,"event_name":"Scrap Ooze","floor":2,"gold_loss":0},{"damage_healed":0,"gold_gain":0,"player_choice":"Entered Light","damage_taken":15,"max_hp_gain":0,"max_hp_loss":0,"event_name":"Shining Light","floor":3,"gold_loss":0,"cards_upgraded":["Strike_B","Strike_B"]},{"damage_healed":0,"gold_gain":0,"player_choice":"Box","damage_taken":0,"relics_obtained":["Regal Pillow"],"max_hp_gain":0,"max_hp_loss":0,"event_name":"Big Fish","floor":4,"gold_loss":0,"cards_obtained":["Regret"]},{"cards_removed":["expansioncontent:Flail"],"damage_healed":0,"gold_gain":0,"player_choice":"Offered Uncommon","damage_taken":0,"max_hp_gain":0,"max_hp_loss":0,"event_name":"Bonfire Elementals","floor":12,"gold_loss":0},{"damage_healed":0,"gold_gain":0,"player_choice":"Opened","damage_taken":0,"relics_obtained":["War Paint"],"max_hp_gain":0,"max_hp_loss":0,"event_name":"The Mausoleum","floor":19,"gold_loss":0},{"damage_healed":0,"gold_gain":0,"player_choice":"Obtained Book","damage_taken":16,"max_hp_gain":0,"max_hp_loss":0,"event_name":"Cursed Tome","floor":21,"gold_loss":0},{"damage_healed":0,"gold_gain":0,"player_choice":"Bought 0 Potions","damage_taken":0,"max_hp_gain":0,"max_hp_loss":0,"event_name":"The Woman in Blue","floor":28,"gold_loss":0},{"damage_healed":0,"gold_gain":0,"player_choice":"Obtained Relic","damage_taken":0,"relics_obtained":["Gambling Chip"],"max_hp_gain":0,"max_hp_loss":0,"event_name":"Addict","floor":31,"gold_loss":85}],"is_beta":false,"boss_relics":[{"not_picked":["Ectoplasm","Astrolabe"],"picked":"Busted Crown"}],"items_purged_floors":[20],"is_endless":false,"potions_floor_spawned":[1,7,11,16,23],"killed_by":"Automaton","ascension_level":0}}