{"host":"tlqi7e8l7c1qc0dn","time":1610514036,"event":{"mods":["Aspiration","BaseMod","Colored Map","Colored Powertips","Conspire","Curses Come First","Dark Map","Displayed Cursed Tome","Fox Events","Halation","Infinite Spire","Mimic Mod","Minty Spire (QoL Compilation)","Relic Sorter","Replay The Spire","Shop Mod","StSLib","Trackpad","??????REMEMod"],"gold_per_floor":[113,38,213,488,2,29,29,55,101,119,119,119],"floor_reached":11,"language":"ENG","playtime":287,"items_purged":["Defend_R","Regret"],"score":83,"play_id":"2d67a0fc-62ac-4361-8707-48d123cd414d","local_time":"20210113000036","is_ascension_mode":true,"campfire_choices":[{"data":"Hemogenesis","floor":7,"key":"SMITH"}],"circlet_count":0,"master_deck":["Strike_R","Strike_R","Strike_R","Strike_R","Strike_R","Defend_R","Defend_R","Defend_R","Bash","Echo Form","Hemogenesis+1","Doubt","Whirlwind"],"relics":["Burning Blood","REME_ComplimentaryCards","MerchantsRug","trackpad:DisasterInABottle","Bronze Scales","MealTicket","ReplayTheSpireMod:Lightbulb"],"acts_visited":["Exordium"],"potions_floor_usage":[8],"damage_taken":[{"damage":12.0,"enemies":"Small Slimes","floor":1.0,"turns":5.0},{"damage":21,"enemies":"3 Sentries","floor":6,"turns":5},{"damage":64,"enemies":"Gremlin Nob","floor":8,"turns":5},{"damage":0,"enemies":"2 Louse","floor":10,"turns":2},{"damage":36,"enemies":"Lagavulin","floor":11,"turns":5}],"seed_played":"164056455156541962","potions_obtained":[{"floor":1.0,"key":"Energy Potion"}],"is_trial":false,"path_per_floor":["M","$","?","?","$","E","R","E","T","M","E"],"character_chosen":"IRONCLAD","items_purchased":["MerchantsRug","trackpad:DisasterInABottle"],"campfire_rested":0,"item_purchase_floors":[5,5],"current_hp_per_floor":[74,74,74,74,74,69,69,19,19,25,0,0],"gold":119,"neow_bonus":"ONE_RANDOM_RARE_CARD","is_daily":false,"chose_seed":false,"campfire_upgraded":1,"win_rate":0.0,"timestamp":1610514036,"path_taken":["M","$","?","?","$","E","R","E","T","M","E"],"items_purchased_type":["Relic","Relic"],"build_version":"2020-12-22","purchased_purges":2,"victory":false,"max_hp_per_floor":[80,80,80,80,80,80,80,80,80,80,80,80],"card_choices":[{"not_picked":["Hemokinesis","Anger","Run Through"],"picked":"SKIP","floor":1.0},{"not_picked":["Run Through","Replay:Undeath\u0027s Touch","Armaments"],"picked":"SKIP","floor":6},{"not_picked":["Sword Boomerang","REME_FearOfPain"],"picked":"Whirlwind","floor":8},{"not_picked":["Havoc","Warcry","Replay:Undeath\u0027s Touch"],"picked":"SKIP","floor":10}],"player_experience":851501,"relics_obtained":[{"floor":6,"key":"Bronze Scales"},{"floor":8,"key":"MealTicket"},{"floor":9,"key":"ReplayTheSpireMod:Lightbulb"}],"event_choices":[{"damage_healed":0.0,"max_hp_gain":0.0,"max_hp_loss":0.0,"gold_gain":175.0,"event_name":"Liars Game","player_choice":"AGREE","floor":3.0,"gold_loss":0.0,"damage_taken":0.0,"cards_obtained":["Doubt"]},{"damage_healed":0.0,"max_hp_gain":0.0,"max_hp_loss":0.0,"gold_gain":275.0,"event_name":"Golden Shrine","player_choice":"Desecrate","floor":4.0,"gold_loss":0.0,"damage_taken":0.0,"cards_obtained":["Regret"]}],"is_beta":false,"boss_relics":[],"items_purged_floors":[2,5],"is_endless":false,"potions_floor_spawned":[1],"killed_by":"Lagavulin","ascension_level":1}}