{"host":"xt797mi8yhee06c1","time":1610539975,"event":{"mods":["Arknights The Spire","BaseMod","Bestiary","Koishi","Marisa£¨Ùöéë¡¡Øª×âÞÞ£©","Minty Spire (QoL Compilation)","Poor People Problems","Prisma Mod","Relic Filter","Shop Mod","Spicy Shops","StSLib","The Marked","The Runesmith","The Servant 0.9.4","WarShipGirlsR/??á´Ò³R mod"],"gold_per_floor":[117,46,63,63,83,110,110,145,145,158,158,172,199,374,374,476,476,494,510,35,51,51,51],"floor_reached":22,"language":"KOR","playtime":2831,"items_purged":["Regret"],"score":281,"play_id":"e6c38c9f-d8a7-4f39-8055-49644626b317","local_time":"20210113211255","is_ascension_mode":false,"campfire_choices":[{"data":"PrismaMod:IllyaUncommonDefend","floor":7.0,"key":"SMITH"},{"data":"PrismaMod:IllyaReinForce","floor":15,"key":"SMITH"}],"circlet_count":0,"master_deck":["PrismaMod:IllyaCommonAttack","PrismaMod:IllyaCommonDefend","PrismaMod:IllyaCommonAttack","PrismaMod:IllyaCommonDefend","PrismaMod:IllyaCommonAttack","PrismaMod:IllyaCommonDefend","PrismaMod:IllyaCommonAttack","PrismaMod:IllyaCommonDefend","PrismaMod:IllyaCommonAttack","PrismaMod:IllyaCommonDefend","PrismaMod:IllyaUncommonAttack","PrismaMod:IllyaUncommonDefend+1","PrismaMod:IllyaDualEvoke","PrismaMod:IllyaMaid","PrismaMod:IllyaGrail","PrismaMod:IllyaSaphire","PrismaMod:IllyaCommandSeal","PrismaMod:IllyaMinorReinForce","PrismaMod:IllyaReinForce+1","PrismaMod:IllyaCarnivalDefend","Doubt","PrismaMod:IllyaUberPoisonChannel","PrismaMod:IllyaUncommonDefend+1","PrismaMod:IllyaDetonatingBlow","Decay","PrismaMod:IllyaFeed","PrismaMod:IllyaAssassinRevenge","PrismaMod:IllyaInstallRuler"],"relics":["PrismaMod:PrismaRuby","NeowsBlessing","Singing Bowl","Runesmith:Nanobots","Bottled Lightning","Boot","Art of War","Ancient Tea Set","Black Star","Chemical X","Eternal Feather"],"acts_visited":["Exordium","TheCity"],"potions_floor_usage":[8,16,16,22],"damage_taken":[{"damage":0.0,"enemies":"2 Louse","floor":1.0,"turns":1.0},{"damage":0.0,"enemies":"Cultist","floor":3.0,"turns":1.0},{"damage":0.0,"enemies":"Jaw Worm","floor":5.0,"turns":1.0},{"damage":6.0,"enemies":"Lagavulin","floor":6.0,"turns":8.0},{"damage":32,"enemies":"3 Sentries","floor":8,"turns":10},{"damage":0,"enemies":"Looter","floor":10,"turns":4},{"damage":1,"enemies":"3 Louse","floor":12,"turns":4},{"damage":3,"enemies":"Lagavulin","floor":13,"turns":5},{"damage":36,"enemies":"The Guardian","floor":16,"turns":31},{"damage":27,"enemies":"3 Byrds","floor":18,"turns":6},{"damage":37,"enemies":"Chosen","floor":19,"turns":7},{"damage":15,"enemies":"Snake Plant","floor":21,"turns":5},{"damage":13,"enemies":"Masked Bandits","floor":22,"turns":4}],"seed_played":"7903937638977859747","potions_obtained":[{"floor":1.0,"key":"LiquidBronze"},{"floor":5.0,"key":"LiquidBronze"},{"floor":6.0,"key":"SneckoOil"},{"floor":8,"key":"Explosive Potion"},{"floor":13,"key":"Block Potion"},{"floor":18,"key":"PowerPotion"},{"floor":19,"key":"Energy Potion"},{"floor":21,"key":"BlessingOfTheForge"}],"is_trial":false,"path_per_floor":["M","$","M","?","M","E","R","E","T","M","?","M","E","?","R","B",null,"M","M","$","M","?"],"character_chosen":"ILLYA","items_purchased":["PrismaMod:IllyaMaid","Chemical X","PrismaMod:IllyaFeed","Eternal Feather","PrismaMod:IllyaAssassinRevenge"],"campfire_rested":0,"item_purchase_floors":[2,20,20,20,20],"current_hp_per_floor":[75,75,75,75,75,69,69,42,42,42,42,44,44,44,44,11,77,53,16,16,4,0,0],"gold":51,"neow_bonus":"THREE_ENEMY_KILL","is_daily":false,"chose_seed":false,"campfire_upgraded":2,"win_rate":0.0,"timestamp":1610539975,"path_taken":["M","$","M","?","?","E","R","E","T","M","?","M","E","?","R","BOSS","M","M","$","M","?"],"items_purchased_type":["Card","Relic","Card","Relic","Card"],"build_version":"2020-12-22","purchased_purges":1,"victory":false,"max_hp_per_floor":[75,75,75,75,75,75,75,77,77,77,77,77,77,77,77,77,77,77,77,77,77,77,77],"card_choices":[{"not_picked":["PrismaMod:IllyaMinorReinForce","PrismaMod:IllyaFriendMaker"],"picked":"PrismaMod:IllyaDualEvoke","floor":1.0},{"not_picked":["PrismaMod:IllyaGun","PrismaMod:IllyaDualEvoke"],"picked":"PrismaMod:IllyaGrail","floor":3.0},{"not_picked":["PrismaMod:IllyaCheapChannelAttack","PrismaMod:IllyaGun"],"picked":"PrismaMod:IllyaSaphire","floor":5.0},{"not_picked":["PrismaMod:IllyaPoisonBlock","PrismaMod:IllyaRubysPotion"],"picked":"PrismaMod:IllyaCommandSeal","floor":6.0},{"not_picked":["PrismaMod:IllyaStunPoison","PrismaMod:IllyaFriendMaker","PrismaMod:IllyaMinorZwei"],"picked":"Singing Bowl","floor":8},{"not_picked":["PrismaMod:IllyaEvokeAll","PrismaMod:IllyaBlindPoisonToss"],"picked":"PrismaMod:IllyaMinorReinForce","floor":10},{"not_picked":["PrismaMod:IllyaGrailKun","PrismaMod:IllyaFriendMaker"],"picked":"PrismaMod:IllyaReinForce","floor":12},{"not_picked":["PrismaMod:IllyaCheapChannelAttack","PrismaMod:IllyaBlindPoisonToss"],"picked":"PrismaMod:IllyaCarnivalDefend","floor":13},{"not_picked":["PrismaMod:IllyaInstallShielder","PrismaMod:IllyaInstallBerserker"],"picked":"PrismaMod:IllyaUberPoisonChannel","floor":16},{"not_picked":["PrismaMod:IllyaPoisonTippedWeapons","PrismaMod:IllyaGun"],"picked":"PrismaMod:IllyaUncommonDefend+1","floor":18},{"not_picked":["PrismaMod:IllyaUncommonAOEAttack","PrismaMod:IllyaGrail"],"picked":"PrismaMod:IllyaDetonatingBlow","floor":19},{"not_picked":["PrismaMod:IllyaBride","PrismaMod:IllyaRussianRoulette"],"picked":"PrismaMod:IllyaInstallRuler","floor":21}],"player_experience":334039,"relics_obtained":[{"floor":6.0,"key":"Runesmith:Nanobots"},{"floor":8,"key":"Bottled Lightning"},{"floor":9,"key":"Boot"},{"floor":13,"key":"Ancient Tea Set"}],"event_choices":[{"damage_healed":0.0,"max_hp_gain":0.0,"max_hp_loss":0.0,"gold_gain":0.0,"event_name":"WeMeetAgain","player_choice":"Gave Potion","floor":4.0,"gold_loss":0.0,"damage_taken":0.0,"relics_obtained":["Singing Bowl"]},{"damage_healed":0,"gold_gain":0,"player_choice":"Box","damage_taken":0,"relics_obtained":["Art of War"],"max_hp_gain":0,"max_hp_loss":0,"event_name":"Big Fish","floor":11,"gold_loss":0,"cards_obtained":["Regret"]},{"damage_healed":0,"gold_gain":175,"player_choice":"AGREE","damage_taken":0,"max_hp_gain":0,"max_hp_loss":0,"event_name":"Liars Game","floor":14,"gold_loss":0,"cards_obtained":["Doubt"]},{"damage_healed":0,"gold_gain":0,"player_choice":"Fought Bandits","damage_taken":0,"max_hp_gain":0,"max_hp_loss":0,"event_name":"Masked Bandits","floor":22,"gold_loss":0}],"is_beta":false,"boss_relics":[{"not_picked":["Tiny House","Runesmith:UraniumAnvil"],"picked":"Black Star"}],"items_purged_floors":[20],"is_endless":false,"potions_floor_spawned":[1,5,6,8,13,18,19,21],"killed_by":"Masked Bandits","ascension_level":0}}