{"host":"8i4doyxqctgl5qb0","time":1610546835,"event":{"mods":["AchievementEnabler","BaseMod","Block Reminder","Colored Powertips","Downfall","Minty Spire (QoL Compilation)","Permanent Neow","Potion Indicator Mod","Rare Cards Sparkle","StSLib","SuperFastMode","The Jungle"],"gold_per_floor":[116,116,136,136,146,146,165,181,259,259,273,302,302,302,302,406,406,426,446,80,80,45,45,45,61,61,61,61,88,88,101,101,203,203,220,75,125,125,138,138,38,38,38,66,19,19,19,38,38,38],"floor_reached":51,"language":"ZHS","playtime":1545,"items_purged":["Strike_R","Strike_R"],"score":1077,"play_id":"93381826-06b5-4d19-9fbe-3dfc893216be","local_time":"20210113220715","is_ascension_mode":true,"campfire_choices":[{"data":"Armaments","floor":6.0,"key":"SMITH"},{"data":"Body Slam","floor":10.0,"key":"SMITH"},{"data":"Seeing Red","floor":13.0,"key":"SMITH"},{"floor":15.0,"key":"REST"},{"floor":23.0,"key":"REST"},{"data":"Demon Form","floor":27.0,"key":"SMITH"},{"data":"Body Slam","floor":32.0,"key":"SMITH"},{"floor":40.0,"key":"REST"},{"floor":47.0,"key":"REST"},{"floor":49.0,"key":"REST"}],"circlet_count":0,"master_deck":["Strike_R","Strike_R+1","Defend_R+1","Defend_R","Defend_R+1","Defend_R+1","Bash","Headbutt","Body Slam+1","Armaments+1","Clash","Seeing Red+1","Entrench+1","Demon Form+1","Body Slam+1","Metallicize","Impervious+1","Inflame+1","J.A.X.+1","Offering+1","Madness+1","Madness+1","Shrug It Off+1"],"relics":["Burning Blood","Toxic Egg 2","WingedGreaves","War Paint","Busted Crown","Strawberry","White Beast Statue","Omamori","Runic Cube","Juzu Bracelet","Lizard Tail","Gremlin Horn","Vajra"],"acts_visited":["Exordium","TheCity","TheBeyond"],"potions_floor_usage":[50,50,50],"damage_taken":[{"damage":9.0,"enemies":"2 Louse","floor":1.0,"turns":3.0},{"damage":9.0,"enemies":"Jaw Worm","floor":3.0,"turns":5.0},{"damage":0.0,"enemies":"Cultist","floor":5.0,"turns":3.0},{"damage":2.0,"enemies":"Red Slaver","floor":7.0,"turns":5.0},{"damage":0.0,"enemies":"2 Fungi Beasts","floor":8.0,"turns":3.0},{"damage":9.0,"enemies":"Looter","floor":11.0,"turns":3.0},{"damage":24.0,"enemies":"Gremlin Nob","floor":12.0,"turns":4.0},{"damage":67.0,"enemies":"The Guardian","floor":16.0,"turns":13.0},{"damage":19.0,"enemies":"3 Byrds","floor":18.0,"turns":6.0},{"damage":11.0,"enemies":"Chosen","floor":19.0,"turns":6.0},{"damage":14.0,"enemies":"Snecko","floor":25.0,"turns":6.0},{"damage":0.0,"enemies":"Book of Stabbing","floor":29.0,"turns":4.0},{"damage":2.0,"enemies":"Sentry and Sphere","floor":31.0,"turns":3.0},{"damage":57.0,"enemies":"Collector","floor":33.0,"turns":9.0},{"damage":31.0,"enemies":"3 Darklings","floor":35.0,"turns":4.0},{"damage":16.0,"enemies":"Mind Bloom Boss Battle","floor":37.0,"turns":5.0},{"damage":10.0,"enemies":"3 Shapes","floor":39.0,"turns":4.0},{"damage":44.0,"enemies":"Giant Head","floor":44.0,"turns":7.0},{"damage":21.0,"enemies":"Maw","floor":48.0,"turns":6.0},{"damage":71,"enemies":"Awakened One","floor":50,"turns":7}],"seed_played":"-5741857612830777140","potions_obtained":[{"floor":5.0,"key":"SpeedPotion"},{"floor":7.0,"key":"PowerPotion"},{"floor":8.0,"key":"PowerPotion"},{"floor":12.0,"key":"Fruit Juice"},{"floor":16.0,"key":"EssenceOfSteel"},{"floor":18.0,"key":"Explosive Potion"},{"floor":19.0,"key":"FearPotion"},{"floor":29.0,"key":"Fire Potion"},{"floor":31.0,"key":"EssenceOfSteel"},{"floor":33.0,"key":"BlessingOfTheForge"},{"floor":35.0,"key":"champ:CounterPotion"},{"floor":37.0,"key":"SteroidPotion"},{"floor":39.0,"key":"SkillPotion"},{"floor":44.0,"key":"AttackPotion"},{"floor":48.0,"key":"Ancient Potion"}],"is_trial":false,"path_per_floor":["M","$","M","?","M","R","M","M","T","R","M","E","R","?","R","B",null,"M","M","$","?","$","R","?","M","T","R","$","E","?","M","R","B",null,"M","$","?","?","M","R","$","?","T","E","$","?","R","M","R","B",null],"character_chosen":"IRONCLAD","items_purchased":["Strawberry","Impervious+1","Inflame","Juzu Bracelet","Shrug It Off+1"],"campfire_rested":5,"item_purchase_floors":[20,20,22,36,45],"current_hp_per_floor":[77,77,74,56,62,62,66,72,72,72,69,51,51,51,77,21,75,62,57,64,64,64,94,94,86,86,86,86,92,92,96,96,45,86,61,61,51,38,34,64,64,64,64,26,26,26,56,41,71,56],"gold":38,"neow_bonus":"TEN_PERCENT_HP_BONUS","is_daily":false,"chose_seed":false,"campfire_upgraded":5,"win_rate":0.0,"timestamp":1610546835,"path_taken":["M","$","M","?","M","R","M","M","T","R","M","E","R","?","R","BOSS","M","?","?","?","$","R","?","?","T","R","$","E","?","M","R","BOSS","M","$","?","?","M","R","$","?","T","E","$","?","R","M","R","BOSS"],"items_purchased_type":["Relic","Card","Card","Relic","Card"],"build_version":"2020-12-22","purchased_purges":2,"victory":true,"max_hp_per_floor":[88,88,88,88,88,88,88,88,88,88,88,88,88,88,88,93,93,93,93,100,100,100,100,100,100,100,100,100,100,100,100,100,100,100,100,100,100,100,100,100,100,100,100,100,100,100,100,100,100,100],"card_choices":[{"not_picked":["True Grit","Iron Wave"],"picked":"Headbutt","floor":1.0},{"not_picked":["Pummel","Second Wind"],"picked":"Body Slam","floor":3.0},{"not_picked":["Rupture","Anger"],"picked":"Armaments","floor":5.0},{"not_picked":["Reckless Charge","Sword Boomerang"],"picked":"Clash","floor":7.0},{"not_picked":["True Grit","Heavy Blade"],"picked":"Seeing Red","floor":8.0},{"not_picked":["Sword Boomerang","Thunderclap"],"picked":"Entrench+1","floor":11.0},{"not_picked":["Fire Breathing","Wild Strike","Limit Break+1"],"picked":"SKIP","floor":12.0},{"not_picked":["Exhume+1","Fiend Fire"],"picked":"Demon Form","floor":16.0},{"not_picked":[],"picked":"Body Slam","floor":18.0},{"not_picked":[],"picked":"Metallicize","floor":19.0},{"not_picked":["Rupture"],"picked":"SKIP","floor":25.0},{"not_picked":["Uppercut"],"picked":"SKIP","floor":29.0},{"not_picked":["Twin Strike"],"picked":"SKIP","floor":31.0},{"not_picked":[],"picked":"Offering+1","floor":33.0},{"not_picked":["Warcry+1"],"picked":"SKIP","floor":35.0},{"not_picked":["Dropkick+1"],"picked":"SKIP","floor":39.0},{"not_picked":["Thunderclap+1"],"picked":"SKIP","floor":44.0},{"not_picked":["Anger"],"picked":"SKIP","floor":48.0}],"player_experience":174466,"relics_obtained":[{"floor":9.0,"key":"Toxic Egg 2"},{"floor":12.0,"key":"WingedGreaves"},{"floor":26.0,"key":"White Beast Statue"},{"floor":29.0,"key":"Omamori"},{"floor":37.0,"key":"Lizard Tail"},{"floor":43.0,"key":"Gremlin Horn"},{"floor":44.0,"key":"Vajra"}],"event_choices":[{"damage_healed":0.0,"max_hp_gain":0.0,"max_hp_loss":0.0,"gold_gain":0.0,"event_name":"Shining Light","player_choice":"Entered Light","floor":4.0,"gold_loss":0.0,"damage_taken":18.0,"cards_upgraded":["Defend_R","Strike_R"]},{"damage_healed":0.0,"max_hp_gain":0.0,"max_hp_loss":0.0,"gold_gain":0.0,"event_name":"WeMeetAgain","player_choice":"Gave Potion","floor":14.0,"gold_loss":0.0,"damage_taken":0.0,"relics_obtained":["War Paint"]},{"damage_healed":0.0,"max_hp_gain":0.0,"max_hp_loss":0.0,"gold_gain":0.0,"event_name":"Ghosts","player_choice":"Ignored","floor":21.0,"gold_loss":0.0,"damage_taken":0.0},{"cards_removed":["Strike_R"],"damage_healed":0.0,"max_hp_gain":0.0,"max_hp_loss":0.0,"gold_gain":0.0,"event_name":"Wheel of Change","player_choice":"Card Removal","floor":24.0,"gold_loss":0.0,"damage_taken":0.0},{"damage_healed":0.0,"max_hp_gain":0.0,"max_hp_loss":0.0,"gold_gain":0.0,"event_name":"Drug Dealer","player_choice":"Obtain J.A.X.","floor":30.0,"gold_loss":0.0,"damage_taken":0.0,"cards_obtained":["J.A.X."]},{"damage_healed":0.0,"max_hp_gain":0.0,"max_hp_loss":0.0,"gold_gain":0.0,"event_name":"MindBloom","player_choice":"Fight","floor":37.0,"gold_loss":0.0,"damage_taken":0.0},{"damage_healed":0.0,"max_hp_gain":0.0,"max_hp_loss":0.0,"gold_gain":0.0,"event_name":"Winding Halls","player_choice":"Embrace Madness","floor":38.0,"gold_loss":0.0,"damage_taken":13.0,"cards_obtained":["Madness","Madness"]},{"damage_healed":0.0,"max_hp_gain":0.0,"max_hp_loss":0.0,"gold_gain":0.0,"event_name":"Accursed Blacksmith","player_choice":"Forge","floor":42.0,"gold_loss":0.0,"damage_taken":0.0,"cards_upgraded":["Inflame"]},{"damage_healed":0.0,"max_hp_gain":0.0,"max_hp_loss":0.0,"gold_gain":0.0,"event_name":"Mysterious Sphere","player_choice":"Ignored","floor":46.0,"gold_loss":0.0,"damage_taken":0.0}],"is_beta":false,"boss_relics":[{"not_picked":["Mark of Pain","Astrolabe"],"picked":"Busted Crown"},{"not_picked":["Snecko Eye","Coffee Dripper"],"picked":"Runic Cube"}],"items_purged_floors":[20,41],"is_endless":false,"potions_floor_spawned":[5,7,8,12,16,18,19,29,31,33,35,37,39,44,48],"ascension_level":9}}