{"host":"5h7tnviy6ct1qpjn","time":1610541944,"event":{"mods":["AchievementEnabler","BaseMod","BetterRewards","Colored Powertips","Minty Spire (QoL Compilation)","Shop Mod","StSLib"],"gold_per_floor":[112,112,112,122,137,166,11,11,11,11,26,26,26,42,42,143,143,162,32,52,152,166,166,166,166],"floor_reached":24,"language":"ENG","playtime":3434,"items_purged":["Strike_B"],"score":296,"play_id":"da5d4126-b568-43ab-b3e4-83e4c70456df","local_time":"20210113134544","is_ascension_mode":false,"campfire_choices":[{"floor":12,"key":"REST"},{"data":"Dualcast","floor":15,"key":"SMITH"},{"data":"Redo","floor":23,"key":"SMITH"}],"circlet_count":0,"master_deck":["Strike_B+1","Strike_B","Defend_B+1","Defend_B","Defend_B","Zap+1","Dualcast+1","Capacitor","Conserve Battery+1","Conserve Battery","All For One","Darkness","Ball Lightning","Redo+1"],"relics":["Cracked Core","Thread and Needle","Eternal Feather","Toy Ornithopter","War Paint","Smiling Mask","Nuclear Battery"],"acts_visited":["Exordium","TheCity"],"potions_floor_usage":[6,18,18],"damage_taken":[{"damage":0,"enemies":"Cultist","floor":1,"turns":3},{"damage":3,"enemies":"Small Slimes","floor":4,"turns":4},{"damage":2,"enemies":"Jaw Worm","floor":5,"turns":3},{"damage":24,"enemies":"3 Sentries","floor":6,"turns":9},{"damage":0,"enemies":"Looter","floor":11,"turns":3},{"damage":0,"enemies":"2 Fungi Beasts","floor":14,"turns":3},{"damage":36,"enemies":"Slime Boss","floor":16,"turns":13},{"damage":0,"enemies":"2 Thieves","floor":18,"turns":4},{"damage":4,"enemies":"Spheric Guardian","floor":20,"turns":4},{"damage":29,"enemies":"Centurion and Healer","floor":22,"turns":8},{"damage":56,"enemies":"Gremlin Leader","floor":24,"turns":6}],"seed_played":"6336339164998573279","potions_obtained":[{"floor":1,"key":"PotionOfCapacity"},{"floor":6,"key":"FocusPotion"},{"floor":14,"key":"LiquidBronze"},{"floor":16,"key":"DistilledChaos"},{"floor":18,"key":"PotionOfCapacity"}],"is_trial":false,"path_per_floor":["M","?","?","M","M","E","$","?","T","?","M","R","?","M","R","B",null,"M","$","M","?","M","R","E"],"character_chosen":"DEFECT","items_purchased":["War Paint","Darkness"],"campfire_rested":1,"item_purchase_floors":[7,19],"current_hp_per_floor":[67,67,60,57,55,31,31,16,16,16,16,44,44,44,50,14,75,75,75,71,71,42,48,0,0],"gold":166,"neow_bonus":"","is_daily":false,"chose_seed":false,"campfire_upgraded":2,"win_rate":0.0,"timestamp":1610541944,"path_taken":["M","?","?","M","M","E","?","?","T","?","?","R","?","M","R","BOSS","M","$","M","?","M","R","E"],"items_purchased_type":["Relic","Card"],"build_version":"2020-12-22","purchased_purges":1,"victory":false,"max_hp_per_floor":[75,75,75,75,75,75,75,75,75,75,75,75,75,75,75,75,75,75,75,75,75,75,75,75,75],"card_choices":[{"not_picked":["Steam","White Noise"],"picked":"Capacitor","floor":1},{"not_picked":["Rip and Tear","Stack","Rebound"],"picked":"SKIP","floor":4},{"not_picked":["Hologram","Beam Cell","Heatsinks"],"picked":"SKIP","floor":5},{"not_picked":["Barrage","Tempest"],"picked":"Conserve Battery","floor":6},{"not_picked":["Rip and Tear","Hello World","Barrage"],"picked":"SKIP","floor":11},{"not_picked":["Steam","Stack"],"picked":"Conserve Battery","floor":14},{"not_picked":["Multi-Cast","Fission"],"picked":"All For One","floor":16},{"not_picked":["Barrage","Undo","Capacitor"],"picked":"SKIP","floor":18},{"not_picked":["Melter","Steam+1"],"picked":"Ball Lightning","floor":20},{"not_picked":["Hologram","Loop"],"picked":"Redo","floor":22}],"player_experience":40474,"relics_obtained":[{"floor":6,"key":"Toy Ornithopter"},{"floor":9,"key":"Smiling Mask"}],"event_choices":[{"damage_healed":0,"gold_gain":0,"player_choice":"Ignored","damage_taken":0,"max_hp_gain":0,"max_hp_loss":0,"event_name":"Liars Game","floor":2,"gold_loss":0},{"cards_removed":["Strike_B"],"damage_healed":0,"gold_gain":0,"player_choice":"Card Removal","damage_taken":7,"max_hp_gain":0,"max_hp_loss":0,"event_name":"Golden Wing","floor":3,"gold_loss":0},{"damage_healed":0,"gold_gain":0,"player_choice":"Entered Light","damage_taken":15,"max_hp_gain":0,"max_hp_loss":0,"event_name":"Shining Light","floor":8,"gold_loss":0,"cards_upgraded":["Strike_B","Conserve Battery"]},{"damage_healed":0,"gold_gain":0,"player_choice":"Searched \u00270\u0027 times","damage_taken":0,"max_hp_gain":0,"max_hp_loss":0,"event_name":"Dead Adventurer","floor":10,"gold_loss":0},{"damage_healed":0,"gold_gain":0,"player_choice":"Ignored","damage_taken":0,"max_hp_gain":0,"max_hp_loss":0,"event_name":"Golden Idol","floor":13,"gold_loss":0},{"damage_healed":0,"gold_gain":100,"player_choice":"Pray","damage_taken":0,"max_hp_gain":0,"max_hp_loss":0,"event_name":"Golden Shrine","floor":21,"gold_loss":0}],"is_beta":false,"boss_relics":[{"not_picked":["Empty Cage","Tiny House"],"picked":"Nuclear Battery"}],"items_purged_floors":[19],"is_endless":false,"potions_floor_spawned":[1,6,14,16,18],"killed_by":"Gremlin Leader","ascension_level":0}}