{"host":"1bmpebsu0h6jmm2g","time":1610536375,"event":{"mods":["BaseMod","Colored Map","DeckTracker","Highlight Path","Keyboard Shortcuts","Minty Spire (QoL Compilation)","Permanent Neow","Quick Restart","Relic Stats","Slay the Relics Exporter","StSLib","SuperFastMode"],"gold_per_floor":[117,134,33,45,59,89,101,101,101,101,136,101,101,118,118,194,194,214,224,56,69,69,69,83,83,109,126,137,9,9,9,9],"floor_reached":31,"language":"KOR","playtime":661,"items_purged":["Shame"],"score":461,"play_id":"6c1b9aae-e763-48f6-89b8-16e481dc1afe","local_time":"20210113201255","is_ascension_mode":true,"campfire_choices":[{"floor":10.0,"key":"REST"},{"data":"Defragment","floor":15.0,"key":"SMITH"},{"floor":23.0,"key":"REST"},{"floor":25.0,"key":"REST"},{"data":"Defragment","floor":30.0,"key":"SMITH"}],"circlet_count":0,"master_deck":["AscendersBane","Zap","Dualcast","Stack","Hello World","Stack","Rainbow","Hologram","Compile Driver","Stack","Sweeping Beam","Defragment+1","Conserve Battery","Electrodynamics","Go for the Eyes","Capacitor","Steam","Hello World","Echo Form","Coolheaded","Sweeping Beam","Thunder Strike","Streamline","Recycle","Rebound","Rip and Tear","Steam","Defragment+1","Compile Driver","Chill+1","Conserve Battery","Recycle","Coolheaded+1","Self Repair","Turbo","Steam Power","Turbo","Redo+1","Leap+1","Stack","Hologram"],"relics":["Cracked Core","Prayer Wheel","Vajra","Lantern","Cables","Ginger","Pandora\u0027s Box","Orichalcum"],"acts_visited":["Exordium","TheCity"],"potions_floor_usage":[],"damage_taken":[{"damage":1.0,"enemies":"Cultist","floor":1.0,"turns":3.0},{"damage":3.0,"enemies":"2 Louse","floor":2.0,"turns":3.0},{"damage":0.0,"enemies":"Small Slimes","floor":4.0,"turns":3.0},{"damage":9.0,"enemies":"Red Slaver","floor":5.0,"turns":3.0},{"damage":39.0,"enemies":"Gremlin Nob","floor":6.0,"turns":5.0},{"damage":7.0,"enemies":"2 Fungi Beasts","floor":7.0,"turns":3.0},{"damage":5.0,"enemies":"3 Sentries","floor":11.0,"turns":3.0},{"damage":10.0,"enemies":"Gremlin Gang","floor":14.0,"turns":5.0},{"damage":21.0,"enemies":"Hexaghost","floor":16.0,"turns":8.0},{"damage":11.0,"enemies":"Spheric Guardian","floor":18.0,"turns":3.0},{"damage":41.0,"enemies":"2 Thieves","floor":19.0,"turns":3.0},{"damage":4.0,"enemies":"Chosen and Byrds","floor":21.0,"turns":5.0},{"damage":0.0,"enemies":"3 Cultists","floor":24.0,"turns":4.0},{"damage":7.0,"enemies":"Snake Plant","floor":27.0,"turns":5.0},{"damage":13.0,"enemies":"Centurion and Healer","floor":28.0,"turns":6.0},{"damage":34,"enemies":"Cultist and Chosen","floor":31,"turns":4}],"seed_played":"-8906073353674977021","potions_obtained":[{"floor":4.0,"key":"ColorlessPotion"},{"floor":5.0,"key":"Swift Potion"},{"floor":6.0,"key":"BlessingOfTheForge"},{"floor":19.0,"key":"Weak Potion"},{"floor":21.0,"key":"EssenceOfSteel"}],"is_trial":false,"path_per_floor":["M","M","$","M","M","E","M","?","T","R","E","?","?","M","R","B",null,"M","M","$","M","$","R","M","R","T","M","M","$","R","M"],"character_chosen":"DEFECT","items_purchased":["Hologram","Conserve Battery","Recycle","Block Potion","Hologram","EssenceOfSteel"],"campfire_rested":3,"item_purchase_floors":[3,20,20,20,29,29],"current_hp_per_floor":[67,64,64,64,55,16,9,9,9,31,26,44,37,27,27,6,58,47,6,6,2,2,24,24,46,46,39,33,33,33,0,0],"gold":9,"neow_bonus":"ONE_RARE_RELIC","is_daily":false,"chose_seed":false,"campfire_upgraded":2,"win_rate":0.0,"timestamp":1610536375,"path_taken":["M","M","$","M","M","E","M","?","T","R","E","?","?","M","R","BOSS","M","M","$","M","$","R","M","R","T","M","M","$","R","M"],"items_purchased_type":["Card","Card","Card","Potion","Card","Potion"],"build_version":"2020-12-22","purchased_purges":1,"victory":false,"max_hp_per_floor":[75,75,75,75,75,75,75,75,75,75,75,75,75,75,75,75,75,75,75,75,75,75,75,75,75,75,75,75,75,75,75,75],"relic_stats":{"counters":[16,66],"Prayer Wheel":13,"Pandora\u0027s Box":["Coolheaded","Sweeping Beam","Thunder Strike","Streamline","Recycle","Rebound","Rip and Tear"],"Ginger":[7],"Orichalcum":[24],"obtain_stats":[{"Lantern":8,"Vajra":6,"Prayer Wheel":0,"Pandora\u0027s Box":17,"Ginger":11,"Orichalcum":26,"Cracked Core":0,"Cables":9},{"Lantern":6,"Vajra":5,"Prayer Wheel":0,"Pandora\u0027s Box":9,"Ginger":7,"Orichalcum":13,"Cracked Core":0,"Cables":6},{"Lantern":20,"Vajra":17,"Prayer Wheel":0,"Pandora\u0027s Box":36,"Ginger":23,"Orichalcum":51,"Cracked Core":0,"Cables":20}],"Cables":[41,26,10,5,0]},"card_choices":[{"not_picked":["Streamline","Skim"],"picked":"Stack","floor":1.0},{"not_picked":["Redo","Reboot"],"picked":"Hello World","floor":1.0},{"not_picked":["Streamline","Sweeping Beam"],"picked":"Stack","floor":2.0},{"not_picked":["Barrage","Compile Driver"],"picked":"Rainbow","floor":2.0},{"not_picked":["Rebound","Fusion"],"picked":"Compile Driver","floor":4.0},{"not_picked":["Double Energy","Steam"],"picked":"Stack","floor":4.0},{"not_picked":["Sunder","Stack"],"picked":"Sweeping Beam","floor":5.0},{"not_picked":["Gash","Lockon"],"picked":"Defragment","floor":5.0},{"not_picked":["Chaos","Leap"],"picked":"Conserve Battery","floor":6.0},{"not_picked":["Stack","Rebound"],"picked":"Electrodynamics","floor":7.0},{"not_picked":["Auto Shields","Redo"],"picked":"Go for the Eyes","floor":7.0},{"not_picked":["Blizzard","Ball Lightning"],"picked":"Capacitor","floor":11.0},{"not_picked":["Rainbow","Beam Cell"],"picked":"Steam","floor":14.0},{"not_picked":["Chill","White Noise"],"picked":"Hello World","floor":14.0},{"not_picked":["Amplify","Biased Cognition"],"picked":"Echo Form","floor":16.0},{"not_picked":["Glacier","Consume"],"picked":"Steam","floor":18.0},{"not_picked":["Barrage","Storm"],"picked":"Defragment","floor":18.0},{"not_picked":["Beam Cell","Leap"],"picked":"Compile Driver","floor":19.0},{"not_picked":["Undo","Compile Driver"],"picked":"Chill+1","floor":19.0},{"not_picked":["Scrape+1","Defragment"],"picked":"Coolheaded+1","floor":21.0},{"not_picked":["Coolheaded","Static Discharge"],"picked":"Self Repair","floor":21.0},{"not_picked":["FTL","Coolheaded"],"picked":"Turbo","floor":24.0},{"not_picked":["Go for the Eyes","Barrage"],"picked":"Steam Power","floor":24.0},{"not_picked":["Go for the Eyes","Defragment"],"picked":"Turbo","floor":27.0},{"not_picked":["Biased Cognition","Conserve Battery","Redo+1"],"picked":"SKIP","floor":27.0},{"not_picked":["Biased Cognition","Conserve Battery"],"picked":"Redo+1","floor":27.0},{"not_picked":["Turbo","Doom and Gloom"],"picked":"Leap+1","floor":28.0},{"not_picked":["Chaos","Streamline"],"picked":"Stack","floor":28.0}],"player_experience":489713,"relics_obtained":[{"floor":6.0,"key":"Vajra"},{"floor":9.0,"key":"Cables"},{"floor":11.0,"key":"Ginger"},{"floor":26.0,"key":"Orichalcum"}],"event_choices":[{"damage_healed":0.0,"max_hp_gain":0.0,"max_hp_loss":0.0,"gold_gain":0.0,"event_name":"Dead Adventurer","player_choice":"Searched \u00271\u0027 times","floor":8.0,"gold_loss":0.0,"damage_taken":0.0,"relics_obtained":["Lantern"]},{"damage_healed":18.0,"max_hp_gain":0.0,"max_hp_loss":0.0,"gold_gain":0.0,"event_name":"The Cleric","player_choice":"Healed","floor":12.0,"gold_loss":35.0,"damage_taken":0.0},{"cards_removed":["Strike_B"],"damage_healed":0.0,"max_hp_gain":0.0,"max_hp_loss":0.0,"gold_gain":0.0,"event_name":"Golden Wing","player_choice":"Card Removal","floor":13.0,"gold_loss":0.0,"damage_taken":7.0}],"is_beta":false,"boss_relics":[{"not_picked":["Busted Crown","Inserter"],"picked":"Pandora\u0027s Box"}],"items_purged_floors":[3],"is_endless":false,"potions_floor_spawned":[4,5,6,19,21],"killed_by":"Cultist and Chosen","ascension_level":13}}