{"host":"8k64rvi83ijr822k","time":1610508424,"event":{"mods":["A Magickal Journey","Arknights The Spire","Bard","BaseMod","Colored Powertips","Dio Mod","Downfall","Googly Eyes","Hermit","Hero for Fun","Hubris","Infinite Spire","Lobotomy","Magitek Elite","Marisa????????","Minty Spire (QoL Compilation)","Quick Restart","Railgun Mod","Remilia??????","Replay The Spire","Shop Mod","Small Relic Pack","StSLib","Td1madao Mod","The Administrix","The Animator","The Bladedancer","The Bug Knight","The Construct","The Cursed","The Disciple","The Gatherer","The Judge","The Jungle","The Mystic","The Necromancer","The Poker Player","The Problem Sleuth","The Runesmith","The Senshi","The Wild Card","TheHero","everything is the same but u backflip on backflip","themimic"],"gold_per_floor":[113,113,130,480,492,504,516,516],"floor_reached":7,"language":"ENG","playtime":492,"items_purged":[],"score":39,"play_id":"020deb8f-e996-4038-8afb-818720089b1b","local_time":"20210112222704","is_ascension_mode":false,"campfire_choices":[{"data":"theSenshi:SailorBlock","floor":6,"key":"SMITH"}],"circlet_count":0,"master_deck":["theSenshi:SailorKick","theSenshi:SailorKick","theSenshi:SailorKick","theSenshi:SailorKick","theSenshi:SailorBlock+1","theSenshi:SailorBlock","theSenshi:SailorBlock","theSenshi:SailorBlock+1","theSenshi:RoseThrow+1","theSenshi:MoonPrismPowerMakeUp","HollowMod:QuickDashStart","blademaster:Lacerate","theSenshi:MoonsReflection","theSenshi:SailorChibiMoonAssists","relicPack:TruthCard","Languid"],"relics":["theSenshi:TransformationBroochRelic","FossilizedHelix","Ring of Greed","MawBank","Old Coin"],"acts_visited":["Exordium"],"potions_floor_usage":[],"damage_taken":[{"damage":7,"enemies":"2 Louse","floor":1,"turns":3},{"damage":0,"enemies":"Cultist","floor":3,"turns":5},{"damage":54,"enemies":"HollowMod:MossKnight","floor":7,"turns":16}],"seed_played":"-7339594814170607079","potions_obtained":[{"floor":1,"key":"construct:ShiftPotion"}],"is_trial":false,"path_per_floor":["M","?","M","?","?","R","E"],"character_chosen":"THE_SENSHI","items_purchased":[],"campfire_rested":0,"item_purchase_floors":[],"current_hp_per_floor":[68,68,68,68,68,68,14,14],"gold":516,"neow_bonus":"ONE_RARE_RELIC","is_daily":false,"chose_seed":false,"campfire_upgraded":1,"win_rate":0.0,"timestamp":1610508424,"path_taken":["M","?","?","?","?","R","E"],"items_purchased_type":[],"build_version":"2020-12-22","purchased_purges":0,"victory":false,"max_hp_per_floor":[75,75,75,75,75,75,75,75],"card_choices":[{"not_picked":["theSenshi:LunasBite","theSenshi:SailorVenusAssists"],"picked":"theSenshi:MoonsReflection","floor":1},{"not_picked":["theSenshi:TallSilhouette","theSenshi:SailorMercuryAssists"],"picked":"theSenshi:SailorChibiMoonAssists","floor":3}],"player_experience":126409,"relics_obtained":[{"floor":4,"key":"Ring of Greed"},{"floor":4,"key":"MawBank"},{"floor":4,"key":"Old Coin"}],"event_choices":[{"damage_healed":0,"gold_gain":0,"player_choice":"Upgraded","damage_taken":0,"max_hp_gain":0,"max_hp_loss":0,"event_name":"Upgrade Shrine","floor":2,"gold_loss":0,"cards_upgraded":["theSenshi:RoseThrow"]}],"is_beta":false,"boss_relics":[],"items_purged_floors":[],"is_endless":false,"potions_floor_spawned":[1],"killed_by":"HollowMod:MossKnight","ascension_level":0}}