{"host":"jggt5i9rbuoqvque","time":1610563270,"event":{"mods":["BaseMod","Colored Map","Minty Spire (QoL Compilation)","StSLib"],"gold_per_floor":[112,132,132,145,159,194,194,119,142,142,157,173,173,187,187,187,187],"floor_reached":16,"language":"KOR","playtime":290,"items_purged":["Regret"],"score":140,"play_id":"3b969cb6-002d-489f-8563-c2303573eb77","local_time":"20210114034110","is_ascension_mode":true,"campfire_choices":[{"data":"Flame Barrier","floor":7.0,"key":"SMITH"},{"floor":15,"key":"REST"}],"circlet_count":0,"master_deck":["Strike_R","Strike_R","Strike_R","Strike_R","Defend_R","Defend_R","Defend_R","Defend_R","Bash","Thunderclap","Flame Barrier+1","Rampage"],"relics":["Burning Blood","NeowsBlessing","Ancient Tea Set","PreservedInsect","MealTicket"],"acts_visited":["Exordium"],"potions_floor_usage":[11,12,14],"damage_taken":[{"damage":0.0,"enemies":"Jaw Worm","floor":1.0,"turns":1.0},{"damage":0.0,"enemies":"Small Slimes","floor":2.0,"turns":1.0},{"damage":0.0,"enemies":"Cultist","floor":4.0,"turns":1.0},{"damage":15.0,"enemies":"Looter","floor":5.0,"turns":4.0},{"damage":61.0,"enemies":"Gremlin Nob","floor":6.0,"turns":5.0},{"damage":0,"enemies":"Large Slime","floor":11,"turns":6},{"damage":7,"enemies":"Exordium Wildlife","floor":12,"turns":5},{"damage":3,"enemies":"Blue Slaver","floor":14,"turns":3},{"damage":15,"enemies":"Hexaghost","floor":16,"turns":4}],"seed_played":"2133890919897701459","potions_obtained":[{"floor":1.0,"key":"Block Potion"},{"floor":5.0,"key":"Explosive Potion"},{"floor":11,"key":"BlessingOfTheForge"},{"floor":12,"key":"LiquidMemories"}],"is_trial":false,"path_per_floor":["M","M","?","M","M","E","R","$","T","?","M","M","?","M","R","B"],"character_chosen":"IRONCLAD","items_purchased":[],"campfire_rested":1,"item_purchase_floors":[],"current_hp_per_floor":[78,80,80,80,71,16,16,16,16,16,22,21,21,24,48,33,33],"gold":187,"neow_bonus":"THREE_ENEMY_KILL","is_daily":false,"chose_seed":false,"campfire_upgraded":1,"win_rate":0.0,"timestamp":1610563270,"path_taken":["M","M","?","M","M","E","R","$","T","?","M","?","?","M","R","BOSS"],"items_purchased_type":[],"build_version":"2020-12-22","purchased_purges":1,"victory":false,"max_hp_per_floor":[80,80,80,80,80,80,80,80,80,80,80,80,80,80,80,80,80],"card_choices":[{"not_picked":["Combust","Reckless Charge"],"picked":"Thunderclap","floor":1.0},{"not_picked":["Feel No Pain","Clothesline"],"picked":"Flame Barrier","floor":2.0},{"not_picked":["Thunderclap","True Grit","Intimidate"],"picked":"SKIP","floor":4.0},{"not_picked":["Twin Strike","Second Wind","Dark Embrace"],"picked":"SKIP","floor":5.0},{"not_picked":["Headbutt","Entrench","Fire Breathing"],"picked":"SKIP","floor":6.0},{"not_picked":["Searing Blow","Combust","Havoc"],"picked":"SKIP","floor":11},{"not_picked":["Burning Pact","Warcry"],"picked":"Rampage","floor":12},{"not_picked":["Warcry","Flex","True Grit"],"picked":"SKIP","floor":14}],"player_experience":328210,"relics_obtained":[{"floor":6.0,"key":"PreservedInsect"},{"floor":9.0,"key":"MealTicket"}],"event_choices":[{"damage_healed":0.0,"max_hp_gain":0.0,"max_hp_loss":0.0,"gold_gain":0.0,"event_name":"Big Fish","player_choice":"Box","floor":3.0,"gold_loss":0.0,"damage_taken":0.0,"relics_obtained":["Ancient Tea Set"],"cards_obtained":["Regret"]},{"cards_removed":["Strike_R"],"damage_healed":0.0,"max_hp_gain":0.0,"max_hp_loss":0.0,"gold_gain":0.0,"event_name":"Wheel of Change","player_choice":"Card Removal","floor":10.0,"gold_loss":0.0,"damage_taken":0.0},{"damage_healed":0,"gold_gain":0,"player_choice":"Ignored","damage_taken":0,"max_hp_gain":0,"max_hp_loss":0,"event_name":"Shining Light","floor":13,"gold_loss":0}],"is_beta":false,"boss_relics":[],"items_purged_floors":[8],"is_endless":false,"potions_floor_spawned":[1,5,11,12],"killed_by":"Hexaghost","ascension_level":7}}