{"host":"5uokajoawb3dos2b","time":1610564968,"event":{"mods":["ATMod(∞¢Ë™Mod)","Act Like it!","BaseMod","Curses Come First","Decade(Õı–°√˜)","Downfall","Gensokyo","KinomotoSakuraMod(ƒæ÷Æ±æ”£)","Minty Spire (QoL Compilation)","Reimu£®≤©¿ˆ¡È√Œ£©","Shop Mod","Spicy Shops","StSLib","Waifu the Spire","WarShipGirlsR/’ΩΩ¢…Ÿ≈ÆR mod","Yakumo Yukari mod","Youmu£®ªÍ∆«—˝√Œ£©","vexMod","°æ“≈ŒÔø®≈∆°øREMEMod"],"gold_per_floor":[116,191,191,45,10,39,57,88,112,130,156,156,173,191,191,289,289,305,152,168,183,183,213,533,533,833,823,854,854,854,854,854],"floor_reached":31,"language":"ZHS","playtime":1535,"items_purged":[],"score":358,"play_id":"a7cea260-d21c-43c6-bafd-8c185fbc5a84","local_time":"20210114030928","is_ascension_mode":false,"campfire_choices":[{"data":"AttackRide","floor":15.0,"key":"SMITH"},{"floor":25,"key":"REST"}],"circlet_count":0,"master_deck":["Decade_Attack","Decade_Attack","Decade_Attack","Decade_Attack","KamenRide","Decade_SpecialSkill","Decade_Defend","Decade_Defend","Decade_Defend","Decade_Defend","AT_FamilyPortrait","hexamod:VolcanoVisage","AttackRide+1","DragShield","KamenRideAgito","Decade_Defend2","UnarmedAttack1","DragShield","UnarmedAttack8","MirrorWorld","Blade_Slash","Hibiki_Attack2","NMDAZYYGL","Kuuga_Rising","Decade_Invisible","Gensokyo:Shovel","RideBooker_Skill_1","UnarmedAttack1","Kuuga_GouramAttack+1","Decade_Defend2","FormRideTitan+1","AutoVajin+1","UnarmedAttack8","DecadeViolentEmotion","Decade_Dash1","Dragreder+1","FormRideStorm","PhotonAcceleration"],"relics":["Decadriver","TOEIDeficitBill","REME_ComplimentaryCards","AT_ATBox","NeowsBlessing","vexMod:MemoryStick","AT_GoldPhoenixTree","AT_EbonyIvory","Kunai","AT_BladeRuinedKing","Ancient Tea Set","vexMod:NewClearReactor","Bronze Scales","MealTicket","Old Coin","Nunchaku","Gensokyo:UndefinedDarkness"],"acts_visited":["Exordium","Gensokyo:Gensokyoer"],"potions_floor_usage":[21,23,23,24,24,24,28],"damage_taken":[{"damage":0.0,"enemies":"Small Slimes","floor":1.0,"turns":2.0},{"damage":0.0,"enemies":"Gremlin Nob","floor":6.0,"turns":1.0},{"damage":0.0,"enemies":"2 Louse","floor":7.0,"turns":2.0},{"damage":16.0,"enemies":"3 Sentries","floor":8.0,"turns":7.0},{"damage":17.0,"enemies":"Jaw Worm","floor":10.0,"turns":3.0},{"damage":7.0,"enemies":"Looter","floor":13.0,"turns":3.0},{"damage":0.0,"enemies":"3 Louse","floor":14.0,"turns":3.0},{"damage":18.0,"enemies":"Slime Boss","floor":16.0,"turns":7.0},{"damage":16,"enemies":"Gensokyo:3_Dogs","floor":18,"turns":3},{"damage":0,"enemies":"Gensokyo:AngelMirror","floor":20,"turns":3},{"damage":28,"enemies":"Gensokyo:Slime_Group","floor":21,"turns":5},{"damage":0,"enemies":"Gensokyo:Swordslinger","floor":22,"turns":1},{"damage":20,"enemies":"Gensokyo:Reisen","floor":23,"turns":5},{"damage":4,"enemies":"Gensokyo:3_Gloops","floor":24,"turns":3},{"damage":26,"enemies":"Gensokyo:Tenshi","floor":28,"turns":3},{"damage":32,"enemies":"Gensokyo:Chomper_and_Gloop","floor":31,"turns":3}],"seed_played":"-8981221120255173712","potions_obtained":[{"floor":6.0,"key":"Strength Potion"},{"floor":10.0,"key":"SteroidPotion"},{"floor":12.0,"key":"ZuzhouPotion:ReiMu"},{"floor":12.0,"key":"AttackPotion"},{"floor":16.0,"key":"FearPotion"},{"floor":18,"key":"PowerPotion"},{"floor":20,"key":"PowerPotion"},{"floor":24,"key":"EntropicBrew"}],"is_trial":false,"path_per_floor":["M","?","?","$","?","E","M","E","T","M","T","?","M","M","R","B",null,"M","COS","M","M","M","E","M","R","T","?","E","?","?","M"],"character_chosen":"Decade","items_purchased":["AT_GoldPhoenixTree"],"campfire_rested":1,"item_purchase_floors":[4],"current_hp_per_floor":[70,59,52,52,69,69,69,70,70,62,62,62,60,65,65,48,70,62,62,70,47,47,34,35,57,57,57,31,31,31,0,0],"gold":854,"neow_bonus":"THREE_ENEMY_KILL","is_daily":false,"chose_seed":false,"campfire_upgraded":1,"win_rate":0.0,"timestamp":1610564968,"path_taken":["M","?","?","$","?","E","M","E","T","M","?","?","M","M","R","BOSS","M","COS","M","M","?","E","M","R","T","?","E","?","?","M"],"items_purchased_type":["Relic"],"build_version":"2020-12-22","purchased_purges":0,"victory":false,"max_hp_per_floor":[70,70,70,70,70,70,70,70,70,70,70,70,70,70,70,70,70,70,70,70,70,70,70,75,75,75,75,75,75,75,75,75],"card_choices":[{"not_picked":["Blade_Slash","FormRidePegasus"],"picked":"AttackRide","floor":1.0},{"not_picked":["TimeVent","DenO_Sword"],"picked":"DragShield","floor":6.0},{"not_picked":["DenO_Ax","Blade_Kick"],"picked":"KamenRideAgito","floor":7.0},{"not_picked":["FormRideBasshaa","Hibiki_Attack1"],"picked":"Decade_Defend2","floor":7.0},{"not_picked":["Decade_Defend3","RideBooker_Skill_3"],"picked":"UnarmedAttack1","floor":8.0},{"not_picked":["FormRideBasshaa","UnarmedAttack3"],"picked":"DragShield","floor":8.0},{"not_picked":["KamenRideHibiki","DragClaw"],"picked":"UnarmedAttack8","floor":10.0},{"not_picked":["Hibiki_Attack1","FormRideDragon"],"picked":"MirrorWorld","floor":10.0},{"not_picked":["Kiva_Swallow","UnarmedAttack6"],"picked":"Blade_Slash","floor":13.0},{"not_picked":["KamenRideDecade","FormRideDogga"],"picked":"Hibiki_Attack2","floor":14.0},{"not_picked":["FormRideAxel","DecadeViolentEmotion"],"picked":"NMDAZYYGL","floor":16.0},{"not_picked":["Kiva_Eat","DenO_Climax"],"picked":"Kuuga_Rising","floor":16.0},{"not_picked":["UnarmedAttack1","Hibiki_Attack2"],"picked":"Decade_Invisible","floor":18},{"not_picked":["Blade_Mach","MirrorWorld"],"picked":"RideBooker_Skill_1","floor":20},{"not_picked":["Decade_Illusion","Blade_Slash"],"picked":"UnarmedAttack1","floor":20},{"not_picked":["UnarmedAttack8","Blade_Slash"],"picked":"Kuuga_GouramAttack+1","floor":21},{"not_picked":["FormRideDogga+1","FormRideTitan"],"picked":"Decade_Defend2","floor":21},{"not_picked":["Kuuga_GouramAttack","RideBooker"],"picked":"FormRideTitan+1","floor":22},{"not_picked":["KamenRideBlade+1","Decade_Defend2"],"picked":"AutoVajin+1","floor":23},{"not_picked":["FormRideBasshaa","RideBooker_Skill_2+1"],"picked":"UnarmedAttack8","floor":23},{"not_picked":["Kabuto_ClockUp","NMDAZYYGL"],"picked":"DecadeViolentEmotion","floor":24},{"not_picked":["FormRideDragon","FormRideDogga+1"],"picked":"Decade_Dash1","floor":24},{"not_picked":["UnarmedAttack6+1","Kabuto_ClockUp"],"picked":"Dragreder+1","floor":28},{"not_picked":["Blade_Kick","Blade_Beat"],"picked":"FormRideStorm","floor":28}],"player_experience":84080,"relics_obtained":[{"floor":6.0,"key":"AT_EbonyIvory"},{"floor":8.0,"key":"Kunai"},{"floor":9.0,"key":"AT_BladeRuinedKing"},{"floor":11.0,"key":"Ancient Tea Set"},{"floor":23,"key":"MealTicket"},{"floor":26,"key":"Old Coin"},{"floor":28,"key":"Nunchaku"}],"event_choices":[{"damage_healed":0.0,"max_hp_gain":0.0,"max_hp_loss":0.0,"gold_gain":75.0,"event_name":"World of Goop","player_choice":"Gather Gold","floor":2.0,"gold_loss":0.0,"damage_taken":11.0},{"damage_healed":0.0,"max_hp_gain":0.0,"max_hp_loss":0.0,"gold_gain":0.0,"event_name":"Scrap Ooze","player_choice":"Success","floor":3.0,"gold_loss":0.0,"damage_taken":7.0,"relics_obtained":["vexMod:MemoryStick"]},{"damage_healed":17.0,"max_hp_gain":0.0,"max_hp_loss":0.0,"gold_gain":0.0,"event_name":"The Cleric","player_choice":"Healed","floor":5.0,"gold_loss":35.0,"damage_taken":0.0},{"damage_healed":0.0,"max_hp_gain":0.0,"max_hp_loss":0.0,"gold_gain":0.0,"event_name":"Lab","player_choice":"Got Potions","floor":12.0,"gold_loss":0.0,"damage_taken":0.0}],"is_beta":false,"boss_relics":[{"not_picked":["Calling Bell","Astrolabe"],"picked":"vexMod:NewClearReactor"}],"items_purged_floors":[],"is_endless":false,"potions_floor_spawned":[6,10,13,16,18,20,24],"killed_by":"Gensokyo:Chomper_and_Gloop","ascension_level":0}}