{"host":"vohenq18pmg6jboc","time":1610533431,"event":{"mods":["Arknights The Spire","Bard","BaseMod","Chen","Downfall","Gremlin Mod","GungeonMod","Hermit","Koishi","Marisa¡]Ãú«B¡@Å]²z¨F¡^","Minty Spire (QoL Compilation)","Relic Stats","Remilia¡]Á¢¦Ì²ú?¡^","StSLib","The Administrix","The Bug Knight","The Cursed","The Hierophant","The IronCluck","The Runesmith","The Servant 0.9.4","WarShipGirlsR/??¤Ö¤kR mod","Yakumo Yukari mod","Youmu¡]»î¾z§¯?¡^","Yuyuko"],"gold_per_floor":[119,119,133,133,143,143,163,19,19,32,32,51,1,1,1,103,103,121,135,135,149,57,57,69,69,69,16,16,32,52,52,52],"floor_reached":31,"language":"ZHS","playtime":2373,"items_purged":[],"score":229,"play_id":"14aef2d5-2f6e-464d-b2a1-3cc0d9043936","local_time":"20210113182351","is_ascension_mode":false,"campfire_choices":[{"data":"Exchange","floor":6.0,"key":"SMITH"},{"data":"Ricochet","floor":11.0,"key":"SMITH"},{"floor":15.0,"key":"REST"},{"data":"Embodiment","floor":23.0,"key":"SMITH"},{"floor":28.0,"key":"REST"}],"circlet_count":0,"master_deck":["Strike_S","Strike_S","Strike_S","Strike_S","Defend_S","Defend_S","Defend_S","Defend_S","KidneyShot","Exchange+1","Ricochet+1","Snipe","Rearm","FastForward","Spin","BottledTime","Luminosity","Revamp","Barrier","ReturningBlade","TheWorld","Embodiment+1","Unruled","Barrier","Solidify","ShatteredReality","expansioncontent:AwakenDeath","SurpressingFire+1","Pride","Revamp","Ricochet+1","Shuttle"],"relics":["Uniform","NeowsBlessing","Orichalcum","Ancient Tea Set","Runic Pyramid","GreatHeart","DemoMod:Relodestone"],"acts_visited":["Exordium","TheCity"],"potions_floor_usage":[],"damage_taken":[{"damage":0.0,"enemies":"Jaw Worm","floor":1.0,"turns":1.0},{"damage":0.0,"enemies":"2 Louse","floor":3.0,"turns":1.0},{"damage":0.0,"enemies":"Cultist","floor":5.0,"turns":1.0},{"damage":3.0,"enemies":"Red Slaver","floor":7.0,"turns":3.0},{"damage":16.0,"enemies":"3 Louse","floor":10.0,"turns":5.0},{"damage":5.0,"enemies":"Looter","floor":12.0,"turns":3.0},{"damage":11.0,"enemies":"The Guardian","floor":16.0,"turns":14.0},{"damage":0.0,"enemies":"Chosen","floor":18.0,"turns":6.0},{"damage":0.0,"enemies":"Shell Parasite","floor":19.0,"turns":9.0},{"damage":24.0,"enemies":"Sentry and Sphere","floor":21.0,"turns":12.0},{"damage":12.0,"enemies":"Centurion and Healer","floor":24.0,"turns":7.0},{"damage":16.0,"enemies":"Cultist and Chosen","floor":29.0,"turns":9.0},{"damage":28,"enemies":"3 Cultists","floor":30,"turns":5},{"damage":41,"enemies":"Chosen and Byrds","floor":31,"turns":8}],"seed_played":"-4279527606450880861","potions_obtained":[{"floor":1.0,"key":"Weak Potion"},{"floor":7.0,"key":"Regen Potion"},{"floor":12.0,"key":"Explosive Potion"},{"floor":29,"key":"BlessingOfTheForge"},{"floor":30,"key":"Guardian:BlockOnCardUsePotion"}],"is_trial":false,"path_per_floor":["M","?","M","?","M","R","M","$","T","M","R","M","?","$","R","B",null,"M","M","?","M","$","R","M","?","T","$","R","M","M","M"],"character_chosen":"THE_SERVANT","items_purchased":["Orichalcum","expansioncontent:AwakenDeath","Revamp"],"campfire_rested":2,"item_purchase_floors":[8,22,27],"current_hp_per_floor":[65,65,65,65,65,65,62,62,62,46,46,41,41,41,60,49,65,65,65,65,56,56,56,44,44,44,44,63,47,19,0,0],"gold":52,"neow_bonus":"THREE_ENEMY_KILL","is_daily":false,"chose_seed":false,"campfire_upgraded":3,"win_rate":0.0,"timestamp":1610533431,"path_taken":["M","?","M","?","M","R","?","?","T","M","R","M","?","$","R","BOSS","M","M","?","M","$","R","?","?","T","$","R","M","M","M"],"items_purchased_type":["Relic","Card","Card"],"build_version":"2020-12-22","purchased_purges":0,"victory":false,"max_hp_per_floor":[65,65,65,65,65,65,65,65,65,65,65,65,65,65,65,65,65,65,65,65,65,65,65,65,65,65,65,65,65,65,65,65],"relic_stats":{"counters":[14,83],"Orichalcum":[144],"obtain_stats":[{"NeowsBlessing":0,"DemoMod:GlassGuonStoneRelic":1,"DemoMod:Relodestone":26,"Uniform":0,"GreatHeart":25,"Orichalcum":8,"Ancient Tea Set":9,"Runic Pyramid":17},{"NeowsBlessing":0,"DemoMod:GlassGuonStoneRelic":1,"DemoMod:Relodestone":11,"Uniform":0,"GreatHeart":11,"Orichalcum":4,"Ancient Tea Set":4,"Runic Pyramid":7},{"NeowsBlessing":0,"DemoMod:GlassGuonStoneRelic":1,"DemoMod:Relodestone":62,"Uniform":0,"GreatHeart":62,"Orichalcum":6,"Ancient Tea Set":6,"Runic Pyramid":28}]},"card_choices":[{"not_picked":["DoubleEdge","Starlight"],"picked":"Ricochet","floor":1.0},{"not_picked":["Spin","Replace"],"picked":"Ricochet","floor":3.0},{"not_picked":["Spin","Hightail"],"picked":"Snipe","floor":5.0},{"not_picked":["TimeWarp","FastForward"],"picked":"Rearm","floor":7.0},{"not_picked":["Starlight","Spin"],"picked":"FastForward","floor":10.0},{"not_picked":["Deny","BottledTime"],"picked":"Spin","floor":12.0},{"not_picked":[],"picked":"BottledTime","floor":13.0},{"not_picked":[],"picked":"Luminosity","floor":13.0},{"not_picked":[],"picked":"Revamp","floor":13.0},{"not_picked":[],"picked":"Barrier","floor":13.0},{"not_picked":[],"picked":"ReturningBlade","floor":13.0},{"not_picked":[],"picked":"TheWorld","floor":13.0},{"not_picked":["Deny","Duplication"],"picked":"Embodiment","floor":16.0},{"not_picked":["Desolation","BottledTime+1"],"picked":"Unruled","floor":18.0},{"not_picked":["Rearm","DoubleEdge"],"picked":"Barrier","floor":19.0},{"not_picked":["FastForward+1","Deny"],"picked":"ShatteredReality","floor":21.0},{"not_picked":["Moondial+1","Barrier"],"picked":"SurpressingFire+1","floor":24.0},{"not_picked":["Collapse+1","Reset"],"picked":"Ricochet+1","floor":29},{"not_picked":["ReturningBlade","Replace"],"picked":"Shuttle","floor":30}],"player_experience":75532,"relics_obtained":[{"floor":9.0,"key":"Ancient Tea Set"},{"floor":26.0,"key":"DemoMod:Relodestone"}],"event_choices":[{"damage_healed":0.0,"max_hp_gain":0.0,"max_hp_loss":0.0,"gold_gain":0.0,"event_name":"Golden Wing","player_choice":"Ignored","floor":2.0,"gold_loss":0.0,"damage_taken":0.0},{"cards_removed":["Ricochet"],"damage_healed":0.0,"max_hp_gain":0.0,"max_hp_loss":0.0,"gold_gain":0.0,"event_name":"Purifier","player_choice":"Purged","floor":4.0,"gold_loss":0.0,"damage_taken":0.0},{"damage_healed":0.0,"max_hp_gain":0.0,"max_hp_loss":0.0,"gold_gain":0.0,"event_name":"Match and Keep!","player_choice":"1 cards matched","floor":20.0,"gold_loss":0.0,"damage_taken":0.0,"cards_obtained":["Solidify"]}],"is_beta":false,"boss_relics":[{"not_picked":["Sozu","Empty Cage"],"picked":"Runic Pyramid"}],"items_purged_floors":[],"is_endless":false,"potions_floor_spawned":[1,7,12,29,30],"killed_by":"Chosen and Byrds","ascension_level":0}}