{"host":"9tdk3zzhmpo6o3dg","time":1610520004,"event":{"mods":["BaseMod","Downfall","Marisa£®ÏF”Í°°ƒß¿Ì…≥£©","Minty Spire (QoL Compilation)","Shop Mod","StSLib","The Cursed","The Servant 0.9.4"],"gold_per_floor":[112,130,145,160,172,204,279,294,294,308,308,308,308,321,321,424,424,444,456,60,73,73,73,86,86,86],"floor_reached":25,"language":"ZHS","playtime":1628,"items_purged":[],"score":209,"play_id":"3bf2d8b2-088a-4b4a-bc3d-62381ad8fe3c","local_time":"20210113144004","is_ascension_mode":false,"campfire_choices":[{"floor":11,"key":"REST"},{"data":"DoubleEdge","floor":13,"key":"SMITH"},{"data":"Alleviate","floor":15,"key":"SMITH"},{"data":"Apotheosis","floor":23,"key":"SMITH"}],"circlet_count":0,"master_deck":["Strike_S+1","Strike_S+1","Strike_S+1","Strike_S+1","Defend_S+1","Defend_S+1","Defend_S+1","Defend_S+1","KidneyShot","Exchange","Rearm","Potential","TimeWarp","Sabotage","Potential","TheWorld","Moonlight","DoubleEdge+1","Alleviate+1","FlawlessForm","CurseOfTheBell","SilverBlades+1","ReturningBlade","Apotheosis+1","Alleviate","WasteNot+1","PanicButton","Revamp","Luminosity+1","LightFlow"],"relics":["Uniform","Smiling Mask","Gremlin Horn","Ancient Tea Set","Frozen Egg 2","Thread and Needle","Membership Card","MerchantsRug"],"acts_visited":["Exordium","TheCity"],"potions_floor_usage":[8,8,21,25],"damage_taken":[{"damage":7,"enemies":"Small Slimes","floor":1,"turns":5},{"damage":1,"enemies":"Jaw Worm","floor":2,"turns":5},{"damage":0,"enemies":"2 Louse","floor":3,"turns":3},{"damage":8,"enemies":"Large Slime","floor":4,"turns":7},{"damage":13,"enemies":"Exordium Thugs","floor":5,"turns":4},{"damage":25,"enemies":"Lagavulin","floor":6,"turns":6},{"damage":15,"enemies":"Exordium Wildlife","floor":8,"turns":4},{"damage":0,"enemies":"Looter","floor":10,"turns":2},{"damage":6,"enemies":"Red Slaver","floor":14,"turns":2},{"damage":31,"enemies":"Hexaghost","floor":16,"turns":9},{"damage":11,"enemies":"Shell Parasite","floor":18,"turns":4},{"damage":23,"enemies":"Spheric Guardian","floor":19,"turns":6},{"damage":13,"enemies":"Centurion and Healer","floor":21,"turns":4},{"damage":0,"enemies":"3 Cultists","floor":24,"turns":4},{"damage":34,"enemies":"Cultist and Chosen","floor":25,"turns":5}],"seed_played":"4368196859219458438","potions_obtained":[{"floor":1,"key":"SkillPotion"},{"floor":2,"key":"SteroidPotion"},{"floor":4,"key":"FairyPotion"},{"floor":16,"key":"Block Potion"},{"floor":18,"key":"FearPotion"},{"floor":24,"key":"Regen Potion"}],"is_trial":false,"path_per_floor":["M","M","M","M","M","E","?","M","T","M","R","?","R","M","R","B",null,"M","M","$","M","?","R","M","M"],"character_chosen":"THE_SERVANT","items_purchased":["Membership Card","Apotheosis","Alleviate","WasteNot+1","MerchantsRug","PanicButton","Revamp"],"campfire_rested":1,"item_purchase_floors":[20,20,20,20,20,20,20],"current_hp_per_floor":[64,63,63,55,42,17,6,12,12,12,33,38,38,32,32,1,76,65,42,42,29,29,29,29,0,0],"gold":86,"neow_bonus":"TEN_PERCENT_HP_BONUS","is_daily":false,"chose_seed":false,"campfire_upgraded":3,"win_rate":0.0,"timestamp":1610520004,"path_taken":["M","M","M","M","M","E","?","M","T","M","R","?","R","M","R","BOSS","M","M","$","M","?","R","M","M"],"items_purchased_type":["Relic","Card","Card","Card","Relic","Card","Card"],"build_version":"2020-12-22","purchased_purges":0,"victory":false,"max_hp_per_floor":[71,71,71,71,71,71,71,71,71,71,71,76,76,76,76,76,76,76,76,76,76,76,76,76,76,76],"card_choices":[{"not_picked":["Rewind","StarChef"],"picked":"Rearm","floor":1},{"not_picked":["Gouge","BottledTime"],"picked":"Potential","floor":2},{"not_picked":["SpecialFormula","Alleviate"],"picked":"TimeWarp","floor":3},{"not_picked":["Rearm","Rewind"],"picked":"Sabotage","floor":4},{"not_picked":["Sabotage","Alleviate"],"picked":"Potential","floor":5},{"not_picked":["BestPractice","Contraction"],"picked":"TheWorld","floor":6},{"not_picked":["FastForward","Read"],"picked":"Moonlight","floor":8},{"not_picked":["Rewind","Rearm"],"picked":"DoubleEdge","floor":10},{"not_picked":["Revamp","ShatteredReality"],"picked":"Alleviate","floor":14},{"not_picked":["ForgedInTime","Duplication"],"picked":"FlawlessForm","floor":16},{"not_picked":["Hightail","Potential"],"picked":"SilverBlades+1","floor":18},{"not_picked":["Spin","Reset"],"picked":"ReturningBlade","floor":19},{"not_picked":["Ricochet","TimeWarp"],"picked":"Luminosity+1","floor":21},{"not_picked":["Spin","FastForward+1"],"picked":"LightFlow","floor":24}],"player_experience":86533,"relics_obtained":[{"floor":6,"key":"Smiling Mask"},{"floor":9,"key":"Gremlin Horn"},{"floor":17,"key":"Ancient Tea Set"},{"floor":17,"key":"Frozen Egg 2"},{"floor":17,"key":"Thread and Needle"}],"event_choices":[{"damage_healed":0,"gold_gain":75,"player_choice":"Gather Gold","damage_taken":11,"max_hp_gain":0,"max_hp_loss":0,"event_name":"World of Goop","floor":7,"gold_loss":0},{"damage_healed":0,"gold_gain":0,"player_choice":"Donut","damage_taken":0,"max_hp_gain":5,"max_hp_loss":0,"event_name":"Big Fish","floor":12,"gold_loss":0},{"damage_healed":0,"gold_gain":0,"player_choice":"Simplicity","damage_taken":0,"max_hp_gain":0,"max_hp_loss":0,"event_name":"Back to Basics","floor":22,"gold_loss":0,"cards_upgraded":["Strike_S","Strike_S","Strike_S","Strike_S","Defend_S","Defend_S","Defend_S","Defend_S"]}],"is_beta":false,"boss_relics":[{"not_picked":["Philosopher\u0027s Stone","Ectoplasm"],"picked":"Calling Bell"}],"items_purged_floors":[],"is_endless":false,"potions_floor_spawned":[1,2,4,16,18,24],"killed_by":"Cultist and Chosen","ascension_level":0}}