{"host":"sum4dy402bbv9y4o","time":1610560388,"event":{"mods":["Aspiration","BaseMod","Conspire","Highlight Path","Minty Spire (QoL Compilation)","StSLib"],"gold_per_floor":[115,129,12,12,31,31,62,74,99,24,24,50,50,69,69,145,145,103,103,3,3,3,3,76,76,101,126,126,126,136,155,155,229,229,248,248,26,26,41,69,69,69,69],"floor_reached":42,"language":"ENG","playtime":1638,"items_purged":["Defend_R","Strike_R"],"score":940,"play_id":"441acd0f-3e6f-4222-b1eb-76a4df43a6fc","local_time":"20210113205308","is_ascension_mode":true,"campfire_choices":[{"data":"Blood for Blood","floor":6,"key":"SMITH"},{"floor":13,"key":"REST"},{"data":"Rage","floor":15,"key":"SMITH"},{"floor":23,"key":"REST"},{"data":"Flame Barrier","floor":25,"key":"SMITH"},{"floor":29,"key":"REST"},{"floor":32,"key":"REST"},{"floor":41,"key":"REST"}],"circlet_count":0,"master_deck":["AscendersBane","Strike_R+1","Strike_R","Strike_R+1","Defend_R","Defend_R","Bash+1","Blood for Blood+1","Metallicize","True Grit+1","Headbutt","Clothesline","Rage+1","Wild Strike","Ghostly Armor","Flame Barrier+1","FlurryOfBlows","LessonLearned+1","Twin Strike+1","Armaments","Flying Knee"],"relics":["Burning Blood","aspiration:Nostalgia","PureWater","aspiration:FrozenJewel","Strawberry","StoneCalendar","Runic Pyramid","PrismaticShard","MutagenicStrength","aspiration:RitualStick","Pear","Ancient Tea Set","Happy Flower","Empty Cage","ClockworkSouvenir","Gremlin Horn"],"acts_visited":["Exordium","TheCity","TheBeyond"],"potions_floor_usage":[8,16,18,24,24,31,33,39,40],"damage_taken":[{"damage":2,"enemies":"Small Slimes","floor":1,"turns":6},{"damage":1,"enemies":"Cultist","floor":2,"turns":3},{"damage":2,"enemies":"Jaw Worm","floor":5,"turns":4},{"damage":38,"enemies":"3 Sentries","floor":7,"turns":8},{"damage":3,"enemies":"Exordium Thugs","floor":8,"turns":5},{"damage":30,"enemies":"Lagavulin","floor":12,"turns":5},{"damage":0,"enemies":"Red Slaver","floor":14,"turns":4},{"damage":26,"enemies":"Slime Boss","floor":16,"turns":7},{"damage":8,"enemies":"2 Thieves","floor":18,"turns":5},{"damage":22,"enemies":"Slavers","floor":24,"turns":7},{"damage":34,"enemies":"Book of Stabbing","floor":27,"turns":5},{"damage":0,"enemies":"Spheric Guardian","floor":30,"turns":5},{"damage":28,"enemies":"Cultist and Chosen","floor":31,"turns":5},{"damage":61,"enemies":"conspire:MysteriousRune","floor":33,"turns":13},{"damage":15,"enemies":"3 Shapes","floor":35,"turns":7},{"damage":0,"enemies":"Orb Walker","floor":39,"turns":3},{"damage":67,"enemies":"Reptomancer","floor":40,"turns":7},{"damage":40,"enemies":"Writhing Mass","floor":42,"turns":4}],"seed_played":"8278375601299220389","potions_obtained":[{"floor":5,"key":"ElixirPotion"},{"floor":7,"key":"Explosive Potion"},{"floor":12,"key":"AttackPotion"},{"floor":16,"key":"SkillPotion"},{"floor":18,"key":"ColorlessPotion"},{"floor":30,"key":"Fire Potion"},{"floor":31,"key":"ColorlessPotion"},{"floor":38,"key":"DuplicationPotion"},{"floor":39,"key":"FearPotion"},{"floor":40,"key":"LiquidBronze"}],"is_trial":false,"path_per_floor":["M","M","$","?","M","R","E","M","T","$","?","E","R","M","R","B",null,"M","?","$","?","?","R","E","R","T","E","?","R","M","M","R","B",null,"M","?","$","?","M","E","R","M"],"character_chosen":"IRONCLAD","items_purchased":["True Grit","Headbutt","ClockworkSouvenir","Block Potion"],"campfire_rested":5,"item_purchase_floors":[3,3,37,37],"current_hp_per_floor":[72,75,75,75,75,75,43,46,53,53,53,29,53,59,59,39,71,69,57,57,57,36,60,54,54,54,26,26,53,59,37,64,9,71,62,62,62,62,68,7,34,0,0],"gold":69,"neow_bonus":"NOSTALGIA","is_daily":false,"chose_seed":false,"campfire_upgraded":3,"win_rate":0.0,"timestamp":1610560388,"path_taken":["M","M","$","?","M","R","E","M","T","$","?","E","R","M","R","BOSS","M","?","$","?","?","R","E","R","T","E","?","R","?","M","R","BOSS","M","?","$","?","?","E","R","?"],"items_purchased_type":["Card","Card","Relic","Potion"],"build_version":"2020-12-22","purchased_purges":2,"victory":false,"max_hp_per_floor":[75,75,75,75,75,75,75,75,82,82,82,82,82,82,82,82,82,82,82,82,82,82,82,92,92,92,92,92,92,92,92,92,92,92,92,92,92,92,92,92,92,92,92],"card_choices":[{"not_picked":["Havoc","Flex"],"picked":"Blood for Blood","floor":1},{"not_picked":["Sword Boomerang","Shrug It Off"],"picked":"Metallicize","floor":2},{"not_picked":["Warcry","Reckless Charge"],"picked":"Clothesline","floor":5},{"not_picked":["Heavy Blade","Bludgeon"],"picked":"Rage","floor":7},{"not_picked":["Havoc","Burning Pact"],"picked":"Wild Strike","floor":8},{"not_picked":["Body Slam","Searing Blow"],"picked":"Ghostly Armor","floor":12},{"not_picked":["Armaments","Evolve","Perfected Strike"],"picked":"SKIP","floor":14},{"not_picked":["Thunderclap+1","Shrug It Off","Heavy Blade"],"picked":"SKIP","floor":18},{"not_picked":["Shockwave","Entrench"],"picked":"Flame Barrier","floor":19},{"not_picked":["Poisoned Stab","Deflect"],"picked":"FlurryOfBlows","floor":24},{"not_picked":["Quick Slash","EmptyFist","Pommel Strike"],"picked":"SKIP","floor":27},{"not_picked":["Fasting2","True Grit"],"picked":"LessonLearned","floor":30},{"not_picked":["conspire:SharedLibrary","Skim","Pommel Strike"],"picked":"SKIP","floor":31},{"not_picked":["Blade Dance","Havoc"],"picked":"Twin Strike+1","floor":35},{"not_picked":["Cloak And Dagger","Metallicize"],"picked":"Armaments","floor":39},{"not_picked":["Genetic Algorithm","Prepared+1"],"picked":"Flying Knee","floor":40}],"player_experience":2933800,"relics_obtained":[{"floor":7,"key":"aspiration:FrozenJewel"},{"floor":9,"key":"Strawberry"},{"floor":12,"key":"StoneCalendar"},{"floor":19,"key":"PrismaticShard"},{"floor":24,"key":"Pear"},{"floor":26,"key":"Ancient Tea Set"},{"floor":27,"key":"Happy Flower"},{"floor":40,"key":"Gremlin Horn"}],"event_choices":[{"damage_healed":0,"gold_gain":0,"player_choice":"Ignored","damage_taken":0,"max_hp_gain":0,"max_hp_loss":0,"event_name":"Liars Game","floor":4,"gold_loss":0},{"damage_healed":0,"gold_gain":0,"player_choice":"Forge","damage_taken":0,"max_hp_gain":0,"max_hp_loss":0,"event_name":"Accursed Blacksmith","floor":11,"gold_loss":0,"cards_upgraded":["True Grit"]},{"damage_healed":0,"gold_gain":0,"player_choice":"Inject Mutagens","damage_taken":0,"relics_obtained":["MutagenicStrength"],"max_hp_gain":0,"max_hp_loss":0,"event_name":"Drug Dealer","floor":21,"gold_loss":0},{"damage_healed":0,"gold_gain":0,"player_choice":"Ignored","damage_taken":0,"max_hp_gain":0,"max_hp_loss":0,"event_name":"Mysterious Sphere","floor":36,"gold_loss":0},{"damage_healed":0,"gold_gain":0,"player_choice":"Got Potions","damage_taken":0,"max_hp_gain":0,"max_hp_loss":0,"event_name":"Lab","floor":38,"gold_loss":0}],"is_beta":false,"boss_relics":[{"not_picked":["Runic Dome","Calling Bell"],"picked":"Runic Pyramid"},{"not_picked":["SlaversCollar","aspiration:PoetsPen"],"picked":"Empty Cage"}],"items_purged_floors":[10,20],"is_endless":false,"potions_floor_spawned":[5,7,12,14,16,18,30,31,39,40],"killed_by":"Writhing Mass","ascension_level":20}}