{"host":"hl2lcm3kcu0x5jvn","time":1610522320,"event":{"mods":["AchievementEnabler","BaseMod","Conspire","Downfall","Friendly Minions","Highlight Path","Hubris","Infinite Spire","Lobotomy","Minty Spire (QoL Compilation)","Replay The Spire","Shop Mod","StSLib","The Cursed","The Hierophant","everything is the same but u backflip on backflip","vexMod"],"gold_per_floor":[117,92,92,92,6,36,55,55,104,119,19,34,69,84,84,180,180,194,194,194,194,206,206,231,231,231,82,97,97,108,135,135,238,238,253,253,453,472,102,102,118,77,103,103,122,142,152,152,191,191],"floor_reached":51,"language":"ENG","playtime":3111,"items_purged":[],"score":845,"play_id":"d3472ea2-42ac-44f4-8222-575a6184d725","local_time":"20210113141840","is_ascension_mode":false,"campfire_choices":[{"floor":8,"key":"REST"},{"data":"Ghostly","floor":15,"key":"SMITH"},{"data":"conspire:Banana","floor":23,"key":"SMITH"},{"data":"Immolate","floor":29,"key":"SMITH"},{"floor":32,"key":"DIG"},{"data":"Whirlwind","floor":40,"key":"SMITH"},{"data":"Combust","floor":44,"key":"SMITH"}],"circlet_count":0,"master_deck":["Strike_R","Strike_R","Strike_R","Defend_R","Defend_R","Defend_R","Defend_R","Bash","OldLady","Cleave","Amnesia","conspire:Banana+1","MHz","Thunderclap","PunishingBird","Run Through","Scorched","Flex","Ghostly+1","Woodsman","conspire:ExplosiveBarrier","OSAHOGD","Shrug It Off","SpiderBud","Immolate+1","ShyLook","Reaper","WallGazer","Second Wind+1","Whirlwind+1","Wellcheers","Headbutt","Laetitia","Run Through+1","UniverseFragment","Bloodbath","Power Through","GreedKing","Reaper","Evolve+1","Corruption+1","Rampage+1","RedShoes","ReplayTheSpireMod:Stacked+1","Madness","Madness","Flash of Steel","Finesse","MeatLantern","Carnage","Parasite","QueenBee","Wild Strike+1","Combust+1","SnowQueen","Clothesline+1","LittleHelper","Clash","SilentOrchestra","Clash+1","ReplayTheSpireMod:Splinters","Perfected Strike","Clothesline+1"],"relics":["Burning Blood","CogitoBucket","Ring of Searing","Ring of Fury","vexMod:RedPlottingStone","vexMod:BarristanHead","ReplayTheSpireMod:Spearhead","Ginger","BackwardClock","Busted Crown","Replay:Rubber Ducky","Omamori","Calling Bell","Blood Vial","WingedGreaves","Replay:Bottled Snecko","Durian","hubris:EmptyBottle","Theresia","Bottled Lightning","Pondfish Scales","Astrolabe","WarpedTongs","Oddly Smooth Stone","AtMidnight","HellTrain","Charon\u0027s Ashes","Anchor","hubris:Icosahedron","Gremlin Horn"],"acts_visited":["Exordium","TheCity","TheBeyond"],"potions_floor_usage":[28,33,38,38,38,38,50,50],"damage_taken":[{"damage":1,"enemies":"Cultist","floor":1,"turns":3},{"damage":29,"enemies":"Gremlin Nob","floor":6,"turns":4},{"damage":11,"enemies":"Jaw Worm","floor":7,"turns":2},{"damage":7,"enemies":"2 Louse","floor":10,"turns":2},{"damage":17,"enemies":"Blue Slaver","floor":12,"turns":2},{"damage":44,"enemies":"Lagavulin","floor":13,"turns":4},{"damage":10,"enemies":"2 Fungi Beasts","floor":14,"turns":3},{"damage":63,"enemies":"Fading Forest","floor":16,"turns":11},{"damage":16,"enemies":"Chosen","floor":18,"turns":3},{"damage":32,"enemies":"Spheric Guardian","floor":22,"turns":3},{"damage":20,"enemies":"Book of Stabbing","floor":24,"turns":4},{"damage":26,"enemies":"Snake Plant","floor":28,"turns":4},{"damage":13,"enemies":"Centurion and Healer","floor":30,"turns":2},{"damage":22,"enemies":"conspire:Head Lice","floor":31,"turns":4},{"damage":78,"enemies":"conspire:MysteriousRune","floor":33,"turns":12},{"damage":25,"enemies":"3 Shapes","floor":35,"turns":3},{"damage":142,"enemies":"Orb Walker","floor":38,"turns":20},{"damage":16,"enemies":"Writhing Mass","floor":41,"turns":4},{"damage":33,"enemies":"Spire Growth","floor":45,"turns":4},{"damage":17,"enemies":"Sphere and 2 Shapes","floor":46,"turns":4},{"damage":4,"enemies":"3 Darklings","floor":47,"turns":2},{"damage":65,"enemies":"infinitespire:MassOfShapes","floor":50,"turns":5}],"seed_played":"6715869821953750664","potions_obtained":[{"floor":7,"key":"Flashbang"},{"floor":12,"key":"Weak Potion"},{"floor":13,"key":"sneckomod:MuddlingPotion"},{"floor":14,"key":"HeartOfIron"},{"floor":30,"key":"Fire Potion"},{"floor":35,"key":"champ:CounterPotion"},{"floor":45,"key":"Venom Potion"}],"is_trial":false,"path_per_floor":["M","?","?","T","$","E","M","R","T","M","?","M","E","M","R","B",null,"M","?","?","?","M","R","E","AVR","T","$","M","R","M","E","R","B",null,"M","?","?","M","$","R","M","$","T","R","M","M","M","?","R","B",null],"character_chosen":"IRONCLAD","items_purchased":["conspire:Banana","hubris:EmptyBottle","Charon\u0027s Ashes","Carnage","Combust"],"campfire_rested":1,"item_purchase_floors":[5,27,39,39,42],"current_hp_per_floor":[80,80,80,80,80,58,54,78,78,79,79,74,50,70,70,79,90,91,91,91,91,77,77,77,77,82,82,100,100,104,104,104,60,110,111,97,117,126,126,126,124,124,124,124,114,129,136,136,136,138],"gold":191,"neow_bonus":"","is_daily":false,"chose_seed":false,"campfire_upgraded":5,"win_rate":0.0,"timestamp":1610522320,"path_taken":["M","?","?","?","?","E","M","R","T","M","?","M","E","M","R","BOSS","M","?","?","?","?","R","E","AVR","T","?","M","R","M","E","R","BOSS","M","?","?","M","?","R","M","$","T","R","?","M","M","?","R","BOSS"],"items_purchased_type":["Card","Relic","Relic","Card","Card"],"build_version":"2020-12-22","purchased_purges":0,"victory":true,"max_hp_per_floor":[80,80,80,80,80,81,82,82,82,82,82,84,86,88,88,90,90,91,91,91,91,93,93,93,93,98,98,100,100,104,104,104,110,110,112,112,122,126,126,126,128,128,128,128,132,134,136,136,136,138],"card_choices":[{"not_picked":["FairyFestival","OSAHOGD"],"picked":"OldLady","floor":1},{"not_picked":["Clothesline","Armaments"],"picked":"Cleave","floor":1},{"not_picked":["FairyFestival","Murderer"],"picked":"MHz","floor":6},{"not_picked":["Pummel","Replay:Undeath\u0027s Touch"],"picked":"Thunderclap","floor":6},{"not_picked":["VoidDream","ShyLook"],"picked":"PunishingBird","floor":7},{"not_picked":["Sever Soul","Body Slam"],"picked":"Run Through","floor":7},{"not_picked":["CrumblingArmor","BeautyBeast"],"picked":"Scorched","floor":10},{"not_picked":["ReplayTheSpireMod:LeadingStrike","hubris:ReadiedAction"],"picked":"Flex","floor":10},{"not_picked":["WallGazer","Alriune"],"picked":"Woodsman","floor":12},{"not_picked":["Thunderclap","Body Slam"],"picked":"conspire:ExplosiveBarrier","floor":12},{"not_picked":["Yin","CherryBlossoms"],"picked":"OSAHOGD","floor":13},{"not_picked":["Armaments","Iron Wave"],"picked":"Shrug It Off","floor":13},{"not_picked":["Alriune","WhitesApple"],"picked":"SpiderBud","floor":14},{"not_picked":["Replay:Undeath\u0027s Touch","ReplayTheSpireMod:LeadingStrike"],"picked":"Immolate","floor":14},{"not_picked":["CherryBlossoms","NothingThere"],"picked":"ShyLook","floor":16},{"not_picked":["Replay:Many Hands","Corruption"],"picked":"Reaper","floor":16},{"not_picked":["BeautyBeast","QueenBee"],"picked":"WallGazer","floor":18},{"not_picked":[],"picked":"Second Wind+1","floor":18},{"not_picked":["QueenBee","RedShoes"],"picked":"Wellcheers","floor":22},{"not_picked":[],"picked":"Headbutt","floor":22},{"not_picked":["BigBird","Variant"],"picked":"Laetitia","floor":24},{"not_picked":[],"picked":"Seeing Red","floor":24},{"not_picked":[],"picked":"Run Through+1","floor":28},{"not_picked":["Bloodbath","WhitesApple"],"picked":"UniverseFragment","floor":28},{"not_picked":[],"picked":"Rage","floor":30},{"not_picked":["BeautyBeast","Funeral"],"picked":"Bloodbath","floor":31},{"not_picked":[],"picked":"Power Through","floor":31},{"not_picked":["Murderer","Funeral","CherryBlossoms"],"picked":"Singing Bowl","floor":33},{"not_picked":["BlackSwan","Rudolta"],"picked":"GreedKing","floor":33},{"not_picked":[],"picked":"Reaper","floor":33},{"not_picked":["Murderer","FairyFestival","LaLuna"],"picked":"Singing Bowl","floor":35},{"not_picked":["HappyTeddy","LaLuna"],"picked":"RedShoes","floor":35},{"not_picked":[],"picked":"ReplayTheSpireMod:Stacked+1","floor":35},{"not_picked":["WhitesApple","MeltingLove","LongBird"],"picked":"Singing Bowl","floor":38},{"not_picked":["FairyFestival","CrumblingArmor"],"picked":"MeatLantern","floor":38},{"not_picked":["Cleave+1"],"picked":"SKIP","floor":38},{"not_picked":["LongBird","LittlePrince"],"picked":"QueenBee","floor":41},{"not_picked":[],"picked":"Wild Strike+1","floor":41},{"not_picked":["LaLuna","NothingThere"],"picked":"SnowQueen","floor":45},{"not_picked":[],"picked":"Clothesline+1","floor":45},{"not_picked":["Alriune","NothingThere"],"picked":"LittleHelper","floor":46},{"not_picked":[],"picked":"Clash","floor":46},{"not_picked":["CENSORED","BlackSwan"],"picked":"SilentOrchestra","floor":47},{"not_picked":[],"picked":"Clash+1","floor":47},{"not_picked":[],"picked":"Perfected Strike","floor":49},{"not_picked":[],"picked":"Clothesline+1","floor":49}],"player_experience":114261,"relics_obtained":[{"floor":3,"key":"Ring of Searing"},{"floor":3,"key":"Ring of Fury"},{"floor":4,"key":"vexMod:RedPlottingStone"},{"floor":6,"key":"vexMod:BarristanHead"},{"floor":9,"key":"ReplayTheSpireMod:Spearhead"},{"floor":13,"key":"Ginger"},{"floor":25,"key":"Blood Vial"},{"floor":25,"key":"WingedGreaves"},{"floor":25,"key":"Replay:Bottled Snecko"},{"floor":26,"key":"Durian"},{"floor":31,"key":"Bottled Lightning"},{"floor":32,"key":"Pondfish Scales"},{"floor":38,"key":"AtMidnight"},{"floor":43,"key":"Anchor"},{"floor":49,"key":"Gremlin Horn"}],"event_choices":[{"damage_healed":0,"gold_gain":0,"player_choice":"Argue","damage_taken":0,"max_hp_gain":0,"max_hp_loss":0,"event_name":"conspire:LoneGhost","floor":11,"gold_loss":0},{"damage_healed":0,"gold_gain":0,"cards_transformed":["Strike_R"],"player_choice":"Transformed","damage_taken":0,"max_hp_gain":0,"max_hp_loss":0,"event_name":"Transmorgrifier","floor":21,"gold_loss":0,"cards_obtained":["Whirlwind"]},{"damage_healed":0,"gold_gain":0,"player_choice":"Embrace Madness","damage_taken":14,"max_hp_gain":0,"max_hp_loss":0,"event_name":"Winding Halls","floor":36,"gold_loss":0,"cards_obtained":["Madness","Madness"]},{"damage_healed":0,"gold_gain":0,"player_choice":"Rummage","damage_taken":0,"relics_obtained":["WarpedTongs"],"max_hp_gain":0,"max_hp_loss":0,"event_name":"Accursed Blacksmith","floor":37,"gold_loss":0,"cards_obtained":["Pain"]}],"is_beta":false,"boss_relics":[{"not_picked":["Cursed Key","hubris:VirtuousBlindfold"],"picked":"Busted Crown"},{"not_picked":["vexMod:RockOfEvil","Runic Pyramid"],"picked":"Astrolabe"}],"items_purged_floors":[],"is_endless":false,"potions_floor_spawned":[7,12,13,14,18,22,30,35,45],"ascension_level":0}}