{"host":"qyj10gxn865bn2jn","time":1610510463,"event":{"mods":["Act Like it!","BaseMod","Better-Laid Plans","Hallownest","Minty Spire (QoL Compilation)","Quick Restart","Relic Stats","Shop Mod","Spicy Shops","StSLib","The Bug Knight"],"gold_per_floor":[109,109,123,137,154,187,198,198,198,198,212,224,12,12,12,110,110,121,121,121,121,140,140,30,55,67,79,103,115,82,114,126,237,249,261,261],"floor_reached":35,"language":"ZHS","playtime":5449,"items_purged":[],"score":377,"play_id":"daf9bc3e-a729-45f6-9aff-f9abed30777e","local_time":"20210113120103","is_ascension_mode":false,"campfire_choices":[{"data":"HollowMod:GrimmsGift","floor":8.0,"key":"SMITH"},{"data":"HollowMod:theNailsmith","floor":10.0,"key":"SMITH"},{"data":"HollowMod:Grubsong","floor":15.0,"key":"SMITH"},{"data":"HollowMod:LifebloodCore","floor":23.0,"key":"SMITH"},{"data":"HollowMod:SoulEater","floor":27.0,"key":"SMITH"},{"floor":32.0,"key":"REST"}],"circlet_count":0,"master_deck":["HollowMod:NailStrikeStart","HollowMod:NailStrikeStart","HollowMod:NailStrikeStart+1","HollowMod:NailStrikeStart","HollowMod:QuickDashStart","HollowMod:QuickDashStart","HollowMod:QuickDashStart","HollowMod:QuickDashStart","HollowMod:FocusHealStart","HollowMod:PogoStrike","HollowMod:MonarchWings","HollowMod:DoubleDash","HollowMod:HuntersJournal","HollowMod:HowlingWraiths+1","HollowMod:GrimmsGift+1","HollowMod:theNailsmith+1","HollowMod:HuntersJournal","HollowMod:SoulSplash","HollowMod:Grubsong+1","HollowMod:HowlingWraiths","HollowMod:SiblingsSouls","HollowMod:DashSlash","HollowMod:LifebloodCore+1","CurseOfTheBell","HollowMod:CloakDash+1","HollowMod:DashSlash+1","HollowMod:SoulEater+1","HollowMod:AwokenDreamNail","HollowMod:BaldurShell","HollowMod:DashSlash+1","HollowMod:theNailsmith"],"relics":["HollowMod:VesselMask","NeowsBlessing","Hallownest:DreamNailRelic","Whetstone","Calling Bell","Regal Pillow","HollowMod:LumaflyLanternRelic","Mango","TungstenRod","MawBank","Smiling Mask","Busted Crown"],"acts_visited":["Hallownest:Greenpath","Hallownest:CityofTears","Hallownest:KingdomsEdge"],"potions_floor_usage":[],"damage_taken":[{"damage":0.0,"enemies":"2_ Uuma","floor":1.0,"turns":1.0},{"damage":0.0,"enemies":"Hallownest:2_MossCreeps","floor":3.0,"turns":1.0},{"damage":0.0,"enemies":"Hallownest:monsterHuskGuard","floor":4.0,"turns":1.0},{"damage":5.0,"enemies":"Hallownest:Wandering_and_Horned","floor":5.0,"turns":8.0},{"damage":26.0,"enemies":"Hallownest:eliteCrystalGuardian","floor":6.0,"turns":8.0},{"damage":9.0,"enemies":"Hallownest:2_Tiktiks_1_Baldur_1_Crawlid","floor":7.0,"turns":5.0},{"damage":0.0,"enemies":"Hallownest:MossCreep_and_Mosskin","floor":11.0,"turns":4.0},{"damage":0.0,"enemies":"Hallownest:Wandering_and_Horned","floor":12.0,"turns":6.0},{"damage":55.0,"enemies":"Hallownest:BossFalseKnight","floor":16.0,"turns":9.0},{"damage":19.0,"enemies":"Hallownest:Flukemon_and_Top","floor":18.0,"turns":6.0},{"damage":32.0,"enemies":"Hallownest:Guard_and_Sentry","floor":22.0,"turns":7.0},{"damage":18.0,"enemies":"Hallownest:Nosk","floor":25.0,"turns":11.0},{"damage":0.0,"enemies":"Hallownest:Warrior_and_Youth","floor":28.0,"turns":3.0},{"damage":8.0,"enemies":"Hallownest:monsterShrumalOgre","floor":31.0,"turns":9.0},{"damage":22.0,"enemies":"Hallownest:BossMantisLord","floor":33.0,"turns":9.0},{"damage":48,"enemies":"Hallownest:3_Siblings","floor":35,"turns":6}],"seed_played":"1544231137472803423","potions_obtained":[{"floor":1.0,"key":"LiquidMemories"},{"floor":3.0,"key":"GamblersBrew"},{"floor":4.0,"key":"Energy Potion"},{"floor":16.0,"key":"Weak Potion"},{"floor":18.0,"key":"AttackPotion"},{"floor":25.0,"key":"DuplicationPotion"}],"is_trial":false,"path_per_floor":["M","?","M","M","M","E","M","R","T","R","M","M","$","?","R","B",null,"M","?","?","?","M","R","$","E","T","R","M","$","?","M","R","B",null,"M"],"character_chosen":"THE_BUGKNIGHT","items_purchased":["HollowMod:Grubsong","HollowMod:HowlingWraiths","HollowMod:SiblingsSouls","HollowMod:DashSlash","TungstenRod","HollowMod:SoulEater"],"campfire_rested":1,"item_purchase_floors":[13,13,13,13,24,24],"current_hp_per_floor":[75,75,75,75,75,55,52,52,52,52,58,64,64,64,64,15,89,70,89,89,89,63,63,63,57,57,57,57,57,57,55,89,67,89,47,47],"gold":261,"neow_bonus":"THREE_ENEMY_KILL","is_daily":false,"chose_seed":false,"campfire_upgraded":5,"win_rate":0.0,"timestamp":1610510463,"path_taken":["M","?","?","?","M","E","M","R","T","R","M","M","?","?","R","BOSS","M","?","?","?","?","R","$","E","T","R","?","$","?","M","R","BOSS","M"],"items_purchased_type":["Card","Card","Card","Card","Relic","Card"],"build_version":"2020-12-22","purchased_purges":0,"victory":false,"max_hp_per_floor":[75,75,75,75,75,75,75,75,75,75,75,75,75,75,75,75,89,89,89,89,89,89,89,89,89,89,89,89,89,89,89,89,89,89,89,89],"relic_stats":{"Regal Pillow":8,"Busted Crown":0,"counters":[16,94],"Whetstone":["HollowMod:NailStrikeStart","HollowMod:HowlingWraiths"],"MawBank":120,"Smiling Mask":0,"obtain_stats":[{"Calling Bell":17,"Regal Pillow":17,"Busted Crown":34,"NeowsBlessing":0,"HollowMod:LumaflyLanternRelic":17,"HollowMod:VesselMask":0,"Mango":17,"Hallownest:DreamNailRelic":2,"Whetstone":6,"MawBank":25,"Smiling Mask":26,"TungstenRod":24},{"Calling Bell":9,"Regal Pillow":9,"Busted Crown":15,"NeowsBlessing":0,"HollowMod:LumaflyLanternRelic":9,"HollowMod:VesselMask":0,"Mango":9,"Hallownest:DreamNailRelic":1,"Whetstone":5,"MawBank":12,"Smiling Mask":12,"TungstenRod":11},{"Calling Bell":43,"Regal Pillow":43,"Busted Crown":88,"NeowsBlessing":0,"HollowMod:LumaflyLanternRelic":43,"HollowMod:VesselMask":0,"Mango":43,"Hallownest:DreamNailRelic":1,"Whetstone":19,"MawBank":67,"Smiling Mask":67,"TungstenRod":56}],"TungstenRod":15},"card_choices":[{"not_picked":["HollowMod:PureNailStrike","HollowMod:HeavyBlow"],"picked":"HollowMod:MonarchWings","floor":1.0},{"not_picked":["HollowMod:AbyssShriek","HollowMod:GrimmsGift"],"picked":"HollowMod:DoubleDash","floor":3.0},{"not_picked":["HollowMod:SoulStrike","HollowMod:ShapeofUnn"],"picked":"HollowMod:HuntersJournal","floor":4.0},{"not_picked":["HollowMod:NewLittleFool","HollowMod:HeavyBlow"],"picked":"HollowMod:HowlingWraiths","floor":5.0},{"not_picked":["HollowMod:SoulShaman","HollowMod:InfectedAttack"],"picked":"HollowMod:GrimmsGift","floor":6.0},{"not_picked":["HollowMod:BlackTendrils","HollowMod:MawleksShell"],"picked":"HollowMod:theNailsmith","floor":7.0},{"not_picked":["HollowMod:VengefulVoid","HollowMod:DescendingDark"],"picked":"HollowMod:HuntersJournal","floor":11.0},{"not_picked":["HollowMod:SiblingsShadow","HollowMod:LifebloodCocoon"],"picked":"HollowMod:SoulSplash","floor":12.0},{"not_picked":["HollowMod:ZotesMagnificence","HollowMod:AwokenDreamNail"],"picked":"HollowMod:LifebloodCore","floor":16.0},{"not_picked":["HollowMod:GoodIntentions+1","HollowMod:FallenFury+1"],"picked":"HollowMod:CloakDash+1","floor":18.0},{"not_picked":["HollowMod:GoodIntentions","HollowMod:VengefulSpirit+1"],"picked":"HollowMod:DashSlash+1","floor":22.0},{"not_picked":["HollowMod:AbyssShriek+1","HollowMod:MothsMistake"],"picked":"HollowMod:AwokenDreamNail","floor":25.0},{"not_picked":["HollowMod:SharpenedShadows","HollowMod:DescendingDark"],"picked":"HollowMod:BaldurShell","floor":28.0},{"not_picked":["HollowMod:CycloneSlash","HollowMod:ShadowDash"],"picked":"HollowMod:DashSlash+1","floor":31.0},{"not_picked":["HollowMod:AwokenDreamNail","HollowMod:ZotesMagnificence"],"picked":"HollowMod:theNailsmith","floor":33.0}],"player_experience":83188,"relics_obtained":[{"floor":6.0,"key":"Whetstone"},{"floor":17.0,"key":"Regal Pillow"},{"floor":17.0,"key":"HollowMod:LumaflyLanternRelic"},{"floor":17.0,"key":"Mango"},{"floor":25.0,"key":"MawBank"},{"floor":26.0,"key":"Smiling Mask"}],"event_choices":[],"is_beta":false,"boss_relics":[{"not_picked":["Fusion Hammer","Coffee Dripper"],"picked":"Calling Bell"},{"not_picked":["Tiny House","Philosopher\u0027s Stone"],"picked":"Busted Crown"}],"items_purged_floors":[],"is_endless":false,"potions_floor_spawned":[1,3,4,16,18,25,33],"killed_by":"Hallownest:3_Siblings","ascension_level":0}}