{"host":"z9nhqy1wc0bvpk1o","time":1610579299,"event":{"mods":["BaseMod","Downfall","Minty Spire (QoL Compilation)","StSLib"],"gold_per_floor":[112,112,112,131,141,170,23,34,34,34,49,66,80,80,80,175,175,175,175,175,175,175,175,90,90,90,90,90,0,0,0],"floor_reached":30,"language":"ENG","playtime":1788,"items_purged":[],"score":252,"play_id":"0bc752f8-7b7e-4044-8616-4381599b735a","local_time":"20210113230819","is_ascension_mode":false,"campfire_choices":[{"floor":10,"key":"REST"},{"floor":15,"key":"REST"},{"floor":23,"key":"REST"},{"floor":27,"key":"DIG"}],"circlet_count":0,"master_deck":["Strike_B","Strike_B","Strike_B","Strike_B","Defend_B","Defend_B","Zap","Dualcast","Ball Lightning","Conserve Battery","Chaos","Ball Lightning","Redo","Double Energy","Injury","Chaos","Machine Learning+1","Melter","Thunder Strike","Static Discharge","Ball Lightning","Decay","Tempest","Decay","Defragment"],"relics":["Cursed Key","Oddly Smooth Stone","Lantern","Sundial","Ectoplasm","Shovel","Boot","Potion Belt","Omamori"],"acts_visited":["Exordium","TheCity"],"potions_floor_usage":[6,6,16,16,25,28,30],"damage_taken":[{"damage":1,"enemies":"Jaw Worm","floor":1,"turns":3},{"damage":0,"enemies":"2 Louse","floor":4,"turns":2},{"damage":0,"enemies":"Cultist","floor":5,"turns":2},{"damage":12,"enemies":"Lagavulin","floor":6,"turns":4},{"damage":13,"enemies":"Lots of Slimes","floor":8,"turns":3},{"damage":8,"enemies":"Red Slaver","floor":11,"turns":3},{"damage":8,"enemies":"3 Louse","floor":12,"turns":4},{"damage":9,"enemies":"2 Fungi Beasts","floor":13,"turns":3},{"damage":28,"enemies":"Hexaghost","floor":16,"turns":8},{"damage":0,"enemies":"Spheric Guardian","floor":18,"turns":2},{"damage":14,"enemies":"Shell Parasite","floor":20,"turns":5},{"damage":10,"enemies":"Centurion and Healer","floor":21,"turns":6},{"damage":32,"enemies":"Slavers","floor":25,"turns":4},{"damage":33,"enemies":"Cultist and Chosen","floor":28,"turns":5},{"damage":0,"enemies":"Snake Plant","floor":30,"turns":1}],"seed_played":"-7462725870211355149","potions_obtained":[{"floor":4,"key":"EssenceOfSteel"},{"floor":5,"key":"Fire Potion"},{"floor":6,"key":"champ:CounterPotion"},{"floor":12,"key":"Swift Potion"},{"floor":16,"key":"SneckoOil"},{"floor":21,"key":"Strength Potion"},{"floor":25,"key":"AttackPotion"}],"is_trial":false,"path_per_floor":["M","?","?","M","M","E","$","M","T","R","M","M","M","?","R","B",null,"M","?","M","M","?","R","?","E","T","R","M","?","M"],"character_chosen":"DEFECT","items_purchased":["Lantern"],"campfire_rested":3,"item_purchase_floors":[7],"current_hp_per_floor":[74,67,67,67,67,55,55,42,42,64,56,48,39,39,61,33,75,75,68,54,44,44,66,66,34,34,34,1,1,1,1],"gold":0,"neow_bonus":"BOSS_RELIC","is_daily":false,"chose_seed":false,"campfire_upgraded":0,"win_rate":0.0,"timestamp":1610579299,"path_taken":["M","?","?","M","?","E","?","M","T","R","?","M","M","?","R","BOSS","M","?","?","M","?","R","?","E","T","R","M","?","?"],"items_purchased_type":["Relic"],"build_version":"2020-12-22","purchased_purges":0,"victory":false,"max_hp_per_floor":[75,75,75,75,75,75,75,75,75,75,75,75,75,75,75,75,75,75,75,75,75,75,75,75,75,75,75,75,75,75,75],"card_choices":[{"not_picked":["Redo","Doom and Gloom"],"picked":"Ball Lightning","floor":1},{"not_picked":["Heatsinks","Barrage"],"picked":"Chaos","floor":4},{"not_picked":["Leap","Beam Cell"],"picked":"Ball Lightning","floor":5},{"not_picked":["Double Energy","Barrage"],"picked":"Redo","floor":6},{"not_picked":["Coolheaded","Hologram"],"picked":"Double Energy","floor":8},{"not_picked":["Steam Power","Coolheaded"],"picked":"Chaos","floor":11},{"not_picked":["Steam","Coolheaded"],"picked":"Machine Learning","floor":12},{"not_picked":["Streamline","Stack"],"picked":"Melter","floor":13},{"not_picked":["Reboot","Fission"],"picked":"Thunder Strike","floor":16},{"not_picked":["Steam","Barrage","Stack+1"],"picked":"SKIP","floor":18},{"not_picked":["Defragment","Force Field"],"picked":"Static Discharge","floor":20},{"not_picked":["Stack","Coolheaded"],"picked":"Ball Lightning","floor":21},{"not_picked":["Undo","Biased Cognition"],"picked":"Tempest","floor":25},{"not_picked":["Storm","Blizzard"],"picked":"Defragment","floor":28}],"player_experience":15204,"relics_obtained":[{"floor":6,"key":"Oddly Smooth Stone"},{"floor":9,"key":"Sundial"},{"floor":25,"key":"Boot"},{"floor":26,"key":"Potion Belt"},{"floor":27,"key":"Omamori"}],"event_choices":[{"cards_removed":["Defend_B"],"damage_healed":0,"gold_gain":0,"player_choice":"Card Removal","damage_taken":7,"max_hp_gain":0,"max_hp_loss":0,"event_name":"Golden Wing","floor":2,"gold_loss":0},{"damage_healed":0,"gold_gain":0,"cards_transformed":["Defend_B"],"player_choice":"Transformed","damage_taken":0,"max_hp_gain":0,"max_hp_loss":0,"event_name":"Transmorgrifier","floor":3,"gold_loss":0,"cards_obtained":["Conserve Battery"]},{"damage_healed":0,"gold_gain":0,"player_choice":"Grow","damage_taken":0,"max_hp_gain":0,"max_hp_loss":0,"event_name":"Living Wall","floor":14,"gold_loss":0,"cards_upgraded":["Machine Learning"]},{"damage_healed":0,"gold_gain":0,"player_choice":"Damaged","damage_taken":7,"max_hp_gain":0,"max_hp_loss":0,"event_name":"Wheel of Change","floor":19,"gold_loss":0},{"damage_healed":0,"gold_gain":0,"player_choice":"Smashed Altar","damage_taken":0,"max_hp_gain":0,"max_hp_loss":0,"event_name":"Forgotten Altar","floor":22,"gold_loss":0,"cards_obtained":["Decay"]},{"damage_healed":0,"gold_gain":0,"player_choice":"Obtained Relic","damage_taken":0,"relics_obtained":["Shovel"],"max_hp_gain":0,"max_hp_loss":0,"event_name":"Addict","floor":24,"gold_loss":85},{"damage_healed":0,"gold_gain":0,"player_choice":"Paid Fearfully","damage_taken":0,"max_hp_gain":0,"max_hp_loss":0,"event_name":"Masked Bandits","floor":29,"gold_loss":90}],"is_beta":false,"boss_relics":[{"not_picked":["Nuclear Battery","SlaversCollar"],"picked":"Ectoplasm"}],"items_purged_floors":[],"is_endless":false,"potions_floor_spawned":[4,5,6,12,16,21,25],"killed_by":"Snake Plant","ascension_level":0}}