{"host":"u7y6mp3waw4jt65j","time":1610548756,"event":{"mods":["ATMod(°¢èªMod)","Aspiration","BaseMod","Minty Spire (QoL Compilation)","Replay The Spire","StSLib","¡¾ÒÅÎï¿¨ÅÆ¡¿REMEMod"],"gold_per_floor":[113,131,131,148,44,77,77,93,93,165,93,93,155,175,175,276,276,294,344,394,444,456,456,482,482,482],"floor_reached":25,"language":"ZHS","playtime":1420,"items_purged":[],"score":332,"play_id":"5cff28fb-8a3a-4125-a962-aa78fe05b22a","local_time":"20210113223916","is_ascension_mode":true,"campfire_choices":[{"data":"AT_EssenceShift","floor":7.0,"key":"SMITH"},{"floor":15.0,"key":"REST"},{"data":"Feed","floor":23,"key":"SMITH"}],"circlet_count":0,"master_deck":["AscendersBane","Strike_R","Strike_R","Strike_R","Strike_R","Strike_R","Defend_R","Defend_R","Defend_R","Defend_R","Bash","AT_EssenceShift+1","Immolate","Pummel","Replay:Undeath\u0027s Touch","Bloodletting","Bloodletting","Thunderclap","Seeing Red","AT_ShrugMaster","Flex","Flex","Rampage+1","Heavy Blade","Feed+1","Reaper","Anger","Whirlwind","Pain","Body Slam+1","Iron Wave"],"relics":["Burning Blood","AT_ATBox","REME_ComplimentaryCards","NeowsBlessing","Blue Doll","AT_ImmortalShieldbow","SsserpentHead","SacredBark","MutagenicStrength","WarpedTongs","Peace Pipe"],"acts_visited":["Exordium","TheCity"],"potions_floor_usage":[24],"damage_taken":[{"damage":0.0,"enemies":"Jaw Worm","floor":1.0,"turns":1.0},{"damage":0.0,"enemies":"Cultist","floor":2.0,"turns":1.0},{"damage":0.0,"enemies":"2 Louse","floor":4.0,"turns":1.0},{"damage":50.0,"enemies":"Replay:BlueRogue","floor":6.0,"turns":5.0},{"damage":11.0,"enemies":"Lots of Slimes","floor":8.0,"turns":2.0},{"damage":19.0,"enemies":"Large Slime","floor":13.0,"turns":5.0},{"damage":3.0,"enemies":"2 Fungi Beasts","floor":14.0,"turns":1.0},{"damage":24.0,"enemies":"Slime Boss","floor":16.0,"turns":6.0},{"damage":53,"enemies":"2 Thieves","floor":18,"turns":4},{"damage":16,"enemies":"Chosen","floor":22,"turns":4},{"damage":62,"enemies":"Slavers","floor":24,"turns":23},{"damage":0,"enemies":"Centurion and Healer","floor":25,"turns":1}],"seed_played":"8794046100505895850","potions_obtained":[{"floor":2.0,"key":"Elixir"},{"floor":6.0,"key":"ElixirPotion"},{"floor":14.0,"key":"Adrenaline Potion"},{"floor":24,"key":"SkillPotion"}],"is_trial":false,"path_per_floor":["M","M","?","M","$","E","R","M","T","?","$","?","M","M","R","B",null,"M","?","?","?","M","R","E","M"],"character_chosen":"IRONCLAD","items_purchased":["Bloodletting","Thunderclap","Flex","Rampage+1"],"campfire_rested":1,"item_purchase_floors":[5,5,11,11],"current_hp_per_floor":[78,80,80,80,80,36,36,31,31,31,31,31,22,46,70,52,73,33,33,33,33,50,50,14,14,14],"gold":482,"neow_bonus":"THREE_ENEMY_KILL","is_daily":false,"chose_seed":false,"campfire_upgraded":2,"win_rate":0.0,"timestamp":1610548756,"path_taken":["M","M","?","?","$","E","R","M","T","?","$","?","?","M","R","BOSS","BOSS","M","?","?","?","M","R","E","M"],"items_purchased_type":["Card","Card","Card","Card"],"build_version":"2020-12-22","purchased_purges":0,"victory":false,"max_hp_per_floor":[80,80,80,80,80,80,80,80,80,80,80,80,80,80,80,80,80,80,80,80,80,80,80,84,84,84],"card_choices":[{"not_picked":["Cleave","Clothesline"],"picked":"Pummel","floor":1.0},{"not_picked":["Perfected Strike","Havoc"],"picked":"REME_FearOfPain","floor":2.0},{"not_picked":["Sword Boomerang","Shrug It Off"],"picked":"Replay:Undeath\u0027s Touch","floor":4.0},{"not_picked":["Replay:Undeath\u0027s Touch","Metallicize"],"picked":"Seeing Red","floor":6.0},{"not_picked":["Shockwave","Run Through"],"picked":"AT_ShrugMaster","floor":8.0},{"not_picked":["True Grit","Headbutt"],"picked":"Heavy Blade","floor":13.0},{"not_picked":["ReplayTheSpireMod:Strike From Hell","ReplayTheSpireMod:Corrosion Curse"],"picked":"Feed","floor":14.0},{"not_picked":["REME_TheLastStrike","Corruption"],"picked":"Reaper","floor":16},{"not_picked":["Rage","Clothesline"],"picked":"Anger","floor":18},{"not_picked":["Shockwave","Dual Wield"],"picked":"Body Slam+1","floor":22},{"not_picked":["Eclipse","Feel No Pain"],"picked":"Iron Wave","floor":24}],"player_experience":117959,"relics_obtained":[{"floor":6.0,"key":"Blue Doll"},{"floor":9.0,"key":"AT_ImmortalShieldbow"},{"floor":24,"key":"Peace Pipe"}],"event_choices":[{"cards_removed":["REME_FearOfPain"],"damage_healed":0.0,"max_hp_gain":0.0,"max_hp_loss":0.0,"gold_gain":0.0,"event_name":"Wheel of Change","player_choice":"Card Removal","floor":3.0,"gold_loss":0.0,"damage_taken":0.0},{"damage_healed":0.0,"max_hp_gain":0.0,"max_hp_loss":0.0,"gold_gain":72.0,"event_name":"Golden Wing","player_choice":"Gained Gold","floor":10.0,"gold_loss":0.0,"damage_taken":0.0},{"damage_healed":0.0,"max_hp_gain":0.0,"max_hp_loss":0.0,"gold_gain":0.0,"event_name":"FaceTrader","player_choice":"Trade","floor":12.0,"gold_loss":0.0,"damage_taken":0.0,"relics_obtained":["SsserpentHead"]},{"damage_healed":0,"gold_gain":0,"player_choice":"Inject Mutagens","damage_taken":0,"relics_obtained":["MutagenicStrength"],"max_hp_gain":0,"max_hp_loss":0,"event_name":"Drug Dealer","floor":19,"gold_loss":0},{"damage_healed":0,"gold_gain":0,"player_choice":"Read","damage_taken":0,"max_hp_gain":0,"max_hp_loss":0,"event_name":"The Library","floor":20,"gold_loss":0,"cards_obtained":["Whirlwind"]},{"damage_healed":0,"gold_gain":0,"player_choice":"Rummage","damage_taken":0,"relics_obtained":["WarpedTongs"],"max_hp_gain":0,"max_hp_loss":0,"event_name":"Accursed Blacksmith","floor":21,"gold_loss":0,"cards_obtained":["Pain"]}],"is_beta":false,"boss_relics":[{"not_picked":["Astrolabe","Busted Crown"],"picked":"SacredBark"}],"items_purged_floors":[],"is_endless":false,"potions_floor_spawned":[2,6,14,24],"killed_by":"Centurion and Healer","ascension_level":10}}