{"host":"5padt50u07xd1iby","time":1610542053,"event":{"mods":["AchievementEnabler","Aspiration","BaseMod","Colored Map","Colored Powertips","Conspire","Dark Map","Downfall","Hubris","Minty Spire (QoL Compilation)","Replay The Spire","Retaliation","Shop Mod","StSLib","SuperFastMode","The Blue Laboratory","everything is the same but u backflip on backflip"],"gold_per_floor":[113,125,139,153,166,194,208,208,208,236,311,346,346,363,363,363,363],"floor_reached":16,"language":"ENG","playtime":2517,"items_purged":[],"score":124,"play_id":"3d6850df-15c1-4682-b1fe-e584fe604bed","local_time":"20210113134733","is_ascension_mode":false,"campfire_choices":[{"data":"ReplayTheSpireMod:LeadingStrike","floor":8,"key":"SMITH"}],"circlet_count":0,"master_deck":["Strike_R","Strike_R","Strike_R","Strike_R","Strike_R","Defend_R","Defend_R","Defend_R","Defend_R","Bash","Warcry","conspire:Charge","ReplayTheSpireMod:LeadingStrike+1","Clash","Run Through","Reaper","Infernal Blade","Injury","DDmod:SpikedSkill+1","champ:BerserkersShout+1"],"relics":["Burning Blood","aspiration:SeaSaltIceCream","aspiration:Nostalgia","m_IronCrown","HornCleat","Bottled Flame","hubris:PeanutButter","Toxic Egg 2"],"acts_visited":["Exordium"],"potions_floor_usage":[6,12],"damage_taken":[{"damage":5,"enemies":"Cultist","floor":1,"turns":4},{"damage":8,"enemies":"Jaw Worm","floor":2,"turns":4},{"damage":17,"enemies":"Small Slimes","floor":3,"turns":5},{"damage":21,"enemies":"2 Fungi Beasts","floor":4,"turns":4},{"damage":0,"enemies":"Large Slime","floor":5,"turns":5},{"damage":21,"enemies":"3 Sentries","floor":6,"turns":7},{"damage":3,"enemies":"3 Louse","floor":7,"turns":3},{"damage":18,"enemies":"Lagavulin","floor":10,"turns":5},{"damage":12,"enemies":"3 Sentries","floor":12,"turns":6},{"damage":0,"enemies":"Red Slaver","floor":14,"turns":3},{"damage":100,"enemies":"Fading Forest","floor":16,"turns":9}],"seed_played":"-4080337842682790484","potions_obtained":[{"floor":1,"key":"SpeedPotion"},{"floor":4,"key":"hexamod:EctoCoolerPotion"},{"floor":7,"key":"blueLaboratory:LouseDecoction"},{"floor":10,"key":"champ:CounterPotion"}],"is_trial":false,"path_per_floor":["M","M","M","M","M","E","M","R","T","E","?","E","?","M","R_BF","B"],"character_chosen":"IRONCLAD","items_purchased":[],"campfire_rested":0,"item_purchase_floors":[],"current_hp_per_floor":[88,86,75,60,66,51,60,60,60,54,43,55,55,71,71,0,0],"gold":363,"neow_bonus":"TEN_PERCENT_HP_BONUS","is_daily":false,"chose_seed":false,"campfire_upgraded":1,"win_rate":0.0,"timestamp":1610542053,"path_taken":["M","M","?","M","M","E","M","R","T","E","?","E","?","M","R_BF","BOSS"],"items_purchased_type":[],"build_version":"2020-12-22","purchased_purges":0,"victory":false,"max_hp_per_floor":[88,88,88,88,88,88,88,88,88,88,88,88,88,88,88,88,88],"card_choices":[{"not_picked":["ReplayTheSpireMod:Corrosion Curse","Iron Wave"],"picked":"Warcry","floor":1},{"not_picked":["Reckless Charge","Replay:Undeath\u0027s Touch"],"picked":"hubris:ReadiedAction","floor":2},{"not_picked":["Life Link","Anger"],"picked":"conspire:Charge","floor":3},{"not_picked":["Pommel Strike","hubris:ReadiedAction"],"picked":"ReplayTheSpireMod:LeadingStrike","floor":4},{"not_picked":["DDmod:UnstoppableAttack","DDmod:ScaleUpSkill"],"picked":"Clash","floor":5},{"not_picked":["hubris:ReadiedAction","Wild Strike","DDmod:CallousedSkill"],"picked":"SKIP","floor":6},{"not_picked":["conspire:ExplosiveBarrier","Perfected Strike"],"picked":"Run Through","floor":7},{"not_picked":["Eclipse","Disarm"],"picked":"Reaper","floor":10},{"not_picked":["Fire Breathing","Ghostly Armor"],"picked":"Infernal Blade","floor":12},{"not_picked":["Intimidate+1","Thunderclap"],"picked":"DDmod:SpikedSkill+1","floor":14}],"player_experience":72819,"relics_obtained":[{"floor":6,"key":"aspiration:SeaSaltIceCream"},{"floor":9,"key":"HornCleat"},{"floor":10,"key":"Bottled Flame"},{"floor":12,"key":"hubris:PeanutButter"}],"event_choices":[{"damage_healed":0,"gold_gain":75,"player_choice":"Gather Gold","damage_taken":11,"max_hp_gain":0,"max_hp_loss":0,"event_name":"World of Goop","floor":11,"gold_loss":0}],"is_beta":false,"boss_relics":[],"items_purged_floors":[],"is_endless":false,"potions_floor_spawned":[1,4,7,10],"killed_by":"Fading Forest","ascension_level":0}}