{"host":"f7ig0n19ugxy95hc","time":1610518341,"event":{"mods":["BaseMod","Minty Spire (QoL Compilation)","StSLib"],"gold_per_floor":[115,128,146,31,47,47,47,47,70,93,119,145,168,199,211,319,331,359,7,7,7,0,0,0,0,0,11,23,23,23],"floor_reached":29,"language":"ENG","playtime":2622,"items_purged":["Strike_P"],"score":219,"play_id":"bdbeeb93-361d-4659-b105-4785bf9fdd02","local_time":"20210113071221","is_ascension_mode":false,"campfire_choices":[{"floor":6,"key":"REST"},{"data":"SignatureMove","floor":8,"key":"SMITH"},{"floor":15,"key":"REST"},{"data":"MasterReality","floor":23,"key":"SMITH"}],"circlet_count":0,"master_deck":["Strike_P","Strike_P","Strike_P","Defend_P","Defend_P","Defend_P","Eruption","Vigilance","BattleHymn","Conclude","SignatureMove+1","DeceiveReality","Study","SashWhip","BowlingBash","FlyingSleeves","EmptyFist","Crescendo","InnerPeace","MasterReality+1","CurseOfTheBell","Protect+1","FollowUp+1","WaveOfTheHand"],"relics":["PureWater","MawBank","Calling Bell","Strawberry","Pantograph","Torii","Potion Belt","Nunchaku","Boot","Vajra"],"acts_visited":["Exordium","TheCity"],"potions_floor_usage":[13,14,16,28],"damage_taken":[{"damage":5,"enemies":"Jaw Worm","floor":1,"turns":4},{"damage":2,"enemies":"Cultist","floor":2,"turns":3},{"damage":0,"enemies":"2 Louse","floor":3,"turns":3},{"damage":20,"enemies":"Looter","floor":5,"turns":3},{"damage":11,"enemies":"Large Slime","floor":10,"turns":6},{"damage":1,"enemies":"3 Louse","floor":11,"turns":2},{"damage":9,"enemies":"Red Slaver","floor":12,"turns":4},{"damage":8,"enemies":"Exordium Thugs","floor":13,"turns":4},{"damage":14,"enemies":"Large Slime","floor":14,"turns":5},{"damage":42,"enemies":"Slime Boss","floor":16,"turns":10},{"damage":21,"enemies":"Spheric Guardian","floor":18,"turns":5},{"damage":22,"enemies":"2 Thieves","floor":27,"turns":5},{"damage":55,"enemies":"Shelled Parasite and Fungi","floor":28,"turns":5},{"damage":9,"enemies":"Snake Plant","floor":29,"turns":4}],"seed_played":"-964716274654473806","potions_obtained":[{"floor":1,"key":"SpeedPotion"},{"floor":5,"key":"Strength Potion"},{"floor":12,"key":"Block Potion"},{"floor":14,"key":"StancePotion"},{"floor":27,"key":"DuplicationPotion"}],"is_trial":false,"path_per_floor":["M","M","M","$","M","R","?","R","T","M","M","M","M","M","R","B",null,"M","$","$","?","?","R","?","?","T","M","M","M"],"character_chosen":"WATCHER","items_purchased":["DeceiveReality","Study","Potion Belt","Nunchaku"],"campfire_rested":2,"item_purchase_floors":[4,4,19,19],"current_hp_per_floor":[74,72,72,72,52,75,75,75,75,64,63,54,46,32,55,13,86,65,65,65,86,86,86,86,86,86,64,9,0,0],"gold":23,"neow_bonus":"TEN_PERCENT_HP_BONUS","is_daily":false,"chose_seed":false,"campfire_upgraded":2,"win_rate":0.0,"timestamp":1610518341,"path_taken":["M","M","M","$","M","R","?","R","T","M","M","M","M","M","R","BOSS","M","?","$","?","?","R","?","?","T","M","M","M"],"items_purchased_type":["Card","Card","Relic","Relic"],"build_version":"2020-12-22","purchased_purges":1,"victory":false,"max_hp_per_floor":[79,79,79,79,79,79,79,79,79,79,79,79,79,79,79,79,86,86,86,86,86,86,86,86,86,86,86,86,86,86],"card_choices":[{"not_picked":["Pray","Sanctity"],"picked":"BattleHymn","floor":1},{"not_picked":["EmptyMind","Indignation"],"picked":"Conclude","floor":2},{"not_picked":["Perseverance","EmptyFist"],"picked":"SignatureMove","floor":3},{"not_picked":["ThirdEye","CutThroughFate"],"picked":"SashWhip","floor":5},{"not_picked":["Halt","BattleHymn"],"picked":"BowlingBash","floor":10},{"not_picked":["JustLucky","WindmillStrike"],"picked":"FlyingSleeves","floor":11},{"not_picked":["JustLucky","Swivel"],"picked":"EmptyFist","floor":12},{"not_picked":["JustLucky","WindmillStrike"],"picked":"Crescendo","floor":13},{"not_picked":["EmptyMind","Crescendo"],"picked":"InnerPeace","floor":14},{"not_picked":["Scrawl","DevaForm"],"picked":"MasterReality","floor":16},{"not_picked":["Fasting2","ThirdEye+1"],"picked":"Protect+1","floor":18},{"not_picked":["FlyingSleeves","SandsOfTime"],"picked":"FollowUp+1","floor":27},{"not_picked":["Tantrum","EmptyFist"],"picked":"WaveOfTheHand","floor":28}],"player_experience":155935,"relics_obtained":[{"floor":9,"key":"MawBank"},{"floor":17,"key":"Strawberry"},{"floor":17,"key":"Pantograph"},{"floor":17,"key":"Torii"},{"floor":26,"key":"Vajra"}],"event_choices":[{"cards_removed":["Defend_P"],"damage_healed":0,"gold_gain":0,"player_choice":"Purged","damage_taken":0,"max_hp_gain":0,"max_hp_loss":0,"event_name":"Purifier","floor":7,"gold_loss":0},{"damage_healed":28,"gold_gain":0,"player_choice":"Heal","damage_taken":0,"max_hp_gain":0,"max_hp_loss":0,"event_name":"The Library","floor":21,"gold_loss":0},{"damage_healed":0,"gold_gain":0,"player_choice":"Paid Fearfully","damage_taken":0,"max_hp_gain":0,"max_hp_loss":0,"event_name":"Masked Bandits","floor":22,"gold_loss":7},{"damage_healed":0,"gold_gain":0,"player_choice":"Ignored","damage_taken":0,"max_hp_gain":0,"max_hp_loss":0,"event_name":"Ghosts","floor":24,"gold_loss":0},{"damage_healed":0,"gold_gain":0,"player_choice":"Gave Potion","damage_taken":0,"relics_obtained":["Boot"],"max_hp_gain":0,"max_hp_loss":0,"event_name":"WeMeetAgain","floor":25,"gold_loss":0}],"is_beta":false,"boss_relics":[{"not_picked":["Ectoplasm","Black Star"],"picked":"Calling Bell"}],"items_purged_floors":[19],"is_endless":false,"potions_floor_spawned":[1,5,12,14,27],"killed_by":"Snake Plant","ascension_level":0}}