{"host":"usrgk25etjl0nf5i","time":1610508948,"event":{"mods":["2.2 Compatiblity","BaseMod","Downfall","Hubris","Minty Spire (QoL Compilation)","StSLib","SuperFastMode"],"gold_per_floor":[112,122,122,33,46,79,79,89,89,89,89],"floor_reached":10,"language":"ENG","playtime":388,"items_purged":[],"score":165,"play_id":"fb7b6629-9190-4950-8c15-503047aeee0e","local_time":"20210112193548","is_ascension_mode":true,"campfire_choices":[],"circlet_count":0,"master_deck":["AscendersBane","Strike_B","Strike_B","Strike_B","Strike_B","Defend_B","Defend_B","Defend_B","Defend_B","Zap","Dualcast","Fusion","Turbo","Scrape","Beam Cell","Aggregate","Conserve Battery","Hologram"],"relics":["Cracked Core","hubris:CrystalStatue","Mango","Regal Pillow","Cables"],"acts_visited":["Exordium"],"potions_floor_usage":[6],"damage_taken":[{"damage":0,"enemies":"2 Louse","floor":1,"turns":3},{"damage":11,"enemies":"Small Slimes","floor":2,"turns":5},{"damage":0,"enemies":"Cultist","floor":5,"turns":3},{"damage":6,"enemies":"Gremlin Nob","floor":6,"turns":2},{"damage":31,"enemies":"Large Slime","floor":8,"turns":7},{"damage":30,"enemies":"3 Sentries","floor":10,"turns":4}],"seed_played":"3143229593457413448","potions_obtained":[{"floor":1,"key":"ColorlessPotion"},{"floor":6,"key":"SmokeBomb"}],"is_trial":false,"path_per_floor":["M","M","?","$","M","E","?","M","T","E"],"character_chosen":"DEFECT","items_purchased":["Scrape","Beam Cell"],"campfire_rested":0,"item_purchase_floors":[4,4],"current_hp_per_floor":[75,64,52,52,52,60,60,29,29,0,0],"gold":89,"neow_bonus":"TEN_PERCENT_HP_BONUS","is_daily":false,"chose_seed":false,"campfire_upgraded":0,"win_rate":0.0,"timestamp":1610508948,"path_taken":["M","M","?","$","M","E","?","M","T","E"],"items_purchased_type":["Card","Card"],"build_version":"2020-12-22","purchased_purges":0,"victory":false,"max_hp_per_floor":[82,82,82,82,82,96,96,96,96,96,96],"card_choices":[{"not_picked":["Lockon","Stack"],"picked":"Fusion","floor":1},{"not_picked":["Cold Snap","Coolheaded"],"picked":"Turbo","floor":2},{"not_picked":["Static Discharge","Storm"],"picked":"Aggregate","floor":5},{"not_picked":["Leap","Cold Snap"],"picked":"Conserve Battery","floor":6},{"not_picked":["Redo","Sweeping Beam"],"picked":"Hologram","floor":8}],"player_experience":632087,"relics_obtained":[{"floor":6,"key":"Mango"},{"floor":9,"key":"Cables"}],"event_choices":[{"damage_healed":0,"gold_gain":0,"player_choice":"Success","damage_taken":12,"relics_obtained":["hubris:CrystalStatue"],"max_hp_gain":0,"max_hp_loss":0,"event_name":"Scrap Ooze","floor":3,"gold_loss":0},{"damage_healed":0,"gold_gain":0,"player_choice":"Gave Potion","damage_taken":0,"relics_obtained":["Regal Pillow"],"max_hp_gain":0,"max_hp_loss":0,"event_name":"WeMeetAgain","floor":7,"gold_loss":0}],"is_beta":false,"boss_relics":[],"items_purged_floors":[],"is_endless":false,"potions_floor_spawned":[1,6],"killed_by":"3 Sentries","ascension_level":10}}