{"host":"bbdwwpc15nggbv3k","time":1610497539,"event":{"mods":["AchievementEnabler","Aspiration","BaseMod","BetterRewards","Colored Map","Colored Powertips","Conspire","Hermit","Hubris","Minty Spire (QoL Compilation)","StSLib","The Jungle"],"gold_per_floor":[117,44,59,9,9,9,43,43,67,92,92,41,41,58,58,154,154,171,171,171,186,201,201,201,221,267,297,297,313,313,333,333,438,438,455,455,455,472,491,491,508,528,528,221,221,234,246,261,261,261,261],"floor_reached":50,"language":"ENG","playtime":1881,"items_purged":[],"score":549,"play_id":"9bb16867-1652-4cc1-b15a-e3d3e3ae987a","local_time":"20210113002539","is_ascension_mode":false,"campfire_choices":[{"data":"Armaments","floor":6,"key":"SMITH"},{"data":"Inflame","floor":8,"key":"SMITH"},{"data":"Enlightenment","floor":13,"key":"SMITH"},{"data":"Pommel Strike","floor":15,"key":"SMITH"},{"data":"Heavy Blade","floor":23,"key":"SMITH"},{"floor":30,"key":"REST"},{"floor":32,"key":"REST"},{"floor":40,"key":"REST"},{"floor":45,"key":"REST"},{"data":"Bloodletting","floor":49,"key":"SMITH"}],"circlet_count":0,"master_deck":["Inflame+1","Strike_R","Strike_R","Strike_R","Strike_R","Strike_R","Defend_R","Defend_R","Bash","Inflame","Infernal Blade+1","Inflame+1","Armaments+1","Twin Strike","Enlightenment+1","Reaper","Cleave","Pommel Strike+1","Sword Boomerang+1","Heavy Blade+1","Thunderclap+1","Bloodletting+1","Demon Form","Cleave","Rampage+1","Flex","Uppercut+1","Parasite","Armaments+1"],"relics":["Burning Blood","Bag of Preparation","Vajra","MealTicket","Runic Pyramid","Strawberry","War Paint","aspiration:RitualDagger","Gremlin Horn","Sling","Centennial Puzzle"],"acts_visited":["Exordium","TheCity","TheBeyond"],"potions_floor_usage":[21,29,33,33,35,42,46,47],"damage_taken":[{"damage":13,"enemies":"Jaw Worm","floor":1,"turns":4},{"damage":5,"enemies":"Small Slimes","floor":3,"turns":4},{"damage":27,"enemies":"Lagavulin","floor":7,"turns":6},{"damage":6,"enemies":"Gremlin Nob","floor":10,"turns":3},{"damage":6,"enemies":"Cultist","floor":14,"turns":3},{"damage":0,"enemies":"Slime Boss","floor":16,"turns":6},{"damage":5,"enemies":"Chosen","floor":18,"turns":4},{"damage":44,"enemies":"3 Byrds","floor":21,"turns":6},{"damage":24,"enemies":"Centurion and Healer","floor":22,"turns":4},{"damage":17,"enemies":"Sentry and Sphere","floor":25,"turns":4},{"damage":46,"enemies":"Book of Stabbing","floor":27,"turns":4},{"damage":15,"enemies":"3 Cultists","floor":29,"turns":3},{"damage":15,"enemies":"Snecko","floor":31,"turns":3},{"damage":84,"enemies":"Automaton","floor":33,"turns":7},{"damage":60,"enemies":"3 Darklings","floor":35,"turns":3},{"damage":44,"enemies":"3 Shapes","floor":38,"turns":3},{"damage":25,"enemies":"Transient","floor":39,"turns":5},{"damage":41,"enemies":"3 Darklings","floor":41,"turns":4},{"damage":53,"enemies":"Maw","floor":42,"turns":6},{"damage":42,"enemies":"Writhing Mass","floor":46,"turns":4},{"damage":63,"enemies":"Jaw Worm Horde","floor":47,"turns":4},{"damage":83,"enemies":"Maw","floor":48,"turns":7},{"damage":195,"enemies":"Awakened One","floor":50,"turns":7}],"seed_played":"-3417868737915869222","potions_obtained":[{"floor":3,"key":"FairyPotion"},{"floor":7,"key":"Ancient Potion"},{"floor":14,"key":"Regen Potion"},{"floor":27,"key":"Swift Potion"},{"floor":29,"key":"LiquidMemories"},{"floor":31,"key":"Weak Potion"},{"floor":33,"key":"DistilledChaos"},{"floor":39,"key":"FearPotion"},{"floor":42,"key":"Weak Potion"},{"floor":46,"key":"BlessingOfTheForge"}],"is_trial":false,"path_per_floor":["M","$","M","?","$","R","E","R","T","E","?","$","R","M","R","B",null,"M","$","?","M","M","R","?","M","T","E","?","M","R","M","R","B",null,"M","?","?","M","M","R","M","M","T","$","R","M","M","M","R","B"],"character_chosen":"IRONCLAD","items_purchased":["Inflame","Cleave","Sling","Centennial Puzzle"],"campfire_rested":4,"item_purchase_floors":[2,12,44,44],"current_hp_per_floor":[73,73,74,74,74,74,53,53,53,53,53,68,68,68,68,74,80,80,80,80,61,56,56,56,45,52,26,18,29,55,46,72,8,87,33,33,33,37,37,63,42,8,8,23,49,19,14,78,78,0,0],"gold":261,"neow_bonus":"THREE_CARDS","is_daily":false,"chose_seed":false,"campfire_upgraded":6,"win_rate":0.0,"timestamp":1610497539,"path_taken":["M","$","M","?","$","R","E","R","T","E","?","$","R","?","R","BOSS","M","$","?","M","M","R","?","?","T","E","?","M","R","M","R","BOSS","M","?","?","M","M","R","M","M","T","?","R","M","M","M","R","BOSS"],"items_purchased_type":["Card","Card","Relic","Relic"],"build_version":"2020-12-22","purchased_purges":0,"victory":false,"max_hp_per_floor":[80,80,80,80,80,80,80,80,80,80,80,80,80,80,80,80,80,80,80,80,80,80,80,80,80,87,87,87,87,87,87,87,87,87,87,87,87,87,87,87,87,87,87,87,87,87,87,87,87,87,87],"card_choices":[{"not_picked":["Sever Soul","Uppercut"],"picked":"Inflame","floor":0},{"not_picked":["Warcry","Anger"],"picked":"Infernal Blade","floor":1},{"not_picked":["True Grit","Entrench"],"picked":"Armaments","floor":3},{"not_picked":["hubris:SharpeningStone","Anger"],"picked":"Twin Strike","floor":7},{"not_picked":["Anger","Body Slam","Warcry"],"picked":"SKIP","floor":10},{"not_picked":["Searing Blow","Ghostly Armor"],"picked":"Pommel Strike","floor":14},{"not_picked":["Feel No Pain","Warcry","Battle Trance"],"picked":"SKIP","floor":18},{"not_picked":["Dark Embrace","Anger"],"picked":"Sword Boomerang+1","floor":21},{"not_picked":["Headbutt+1","Clothesline"],"picked":"Heavy Blade","floor":22},{"not_picked":["Clothesline","Heavy Blade"],"picked":"Thunderclap+1","floor":25},{"not_picked":["Uppercut","True Grit+1","conspire:ExplosiveBarrier"],"picked":"SKIP","floor":27},{"not_picked":["Perfected Strike","True Grit"],"picked":"Bloodletting","floor":28},{"not_picked":["Armaments","Burning Pact","True Grit"],"picked":"SKIP","floor":29},{"not_picked":["Dropkick+1","hubris:CleavingFinish","Power Through"],"picked":"SKIP","floor":31},{"not_picked":["Juggernaut","Barricade"],"picked":"Demon Form","floor":33},{"not_picked":["Anger+1","Perfected Strike+1","Iron Wave+1"],"picked":"SKIP","floor":35},{"not_picked":["Metallicize","Headbutt+1"],"picked":"Cleave","floor":38},{"not_picked":["Anger+1","conspire:Charge"],"picked":"Rampage+1","floor":39},{"not_picked":["Armaments+1","Intimidate"],"picked":"Flex","floor":41},{"not_picked":["Headbutt","hubris:SharpeningStone+1"],"picked":"Uppercut+1","floor":42},{"not_picked":["Headbutt+1","Carnage+1","True Grit+1"],"picked":"SKIP","floor":46},{"not_picked":["Reckless Charge+1","Rage"],"picked":"Armaments+1","floor":47},{"not_picked":["hubris:CleavingFinish+1","Metallicize","Headbutt"],"picked":"SKIP","floor":48}],"player_experience":1966,"relics_obtained":[{"floor":7,"key":"Bag of Preparation"},{"floor":9,"key":"Vajra"},{"floor":10,"key":"MealTicket"},{"floor":26,"key":"Strawberry"},{"floor":27,"key":"War Paint"},{"floor":43,"key":"Gremlin Horn"}],"event_choices":[{"cards_removed":["Defend_R"],"damage_healed":0,"gold_gain":0,"player_choice":"Card Removal","damage_taken":0,"max_hp_gain":0,"max_hp_loss":0,"event_name":"The Cleric","floor":4,"gold_loss":50},{"damage_healed":0,"gold_gain":0,"player_choice":"2 cards matched","damage_taken":0,"max_hp_gain":0,"max_hp_loss":0,"event_name":"Match and Keep!","floor":11,"gold_loss":0,"cards_obtained":["Enlightenment","Reaper"]},{"damage_healed":0,"gold_gain":0,"player_choice":"Leave","damage_taken":0,"max_hp_gain":0,"max_hp_loss":0,"event_name":"conspire:Investor","floor":20,"gold_loss":0},{"damage_healed":0,"gold_gain":0,"player_choice":"Ignored","damage_taken":0,"max_hp_gain":0,"max_hp_loss":0,"event_name":"Tomb of Lord Red Mask","floor":36,"gold_loss":0},{"cards_removed":["Defend_R"],"damage_healed":0,"gold_gain":0,"player_choice":"Removed Skill","damage_taken":0,"max_hp_gain":0,"max_hp_loss":0,"event_name":"Falling","floor":37,"gold_loss":0}],"is_beta":false,"boss_relics":[{"not_picked":["Coffee Dripper","Runic Dome"],"picked":"Runic Pyramid"},{"not_picked":["Runic Cube","aspiration:WatcherSkillbook"],"picked":"aspiration:RitualDagger"}],"items_purged_floors":[],"is_endless":false,"potions_floor_spawned":[3,7,14,27,29,31,33,39,42,46],"killed_by":"Awakened One","ascension_level":0}}