{"host":"ilhhjx796p2x2wmd","time":1610518938,"event":{"mods":["AchievementEnabler","BaseMod","BetterRewards","Colored Map","Colored Powertips","DeckTracker","Highlight Path","Minty Spire (QoL Compilation)","Permanent Neow","Rare Cards Sparkle","Shop Mod"],"gold_per_floor":[119,135,153,103,117,148,158,158,158],"floor_reached":8,"language":"KOR","playtime":599,"items_purged":[],"score":66,"play_id":"8329ca35-88ac-4305-8f4f-7bf367fc44c0","local_time":"20210113152218","is_ascension_mode":true,"campfire_choices":[],"circlet_count":0,"master_deck":["Strike_G","Strike_G","Strike_G","Strike_G","Defend_G","Defend_G","Defend_G","Defend_G","Defend_G","Survivor","Neutralize","Glass Knife","Prepared","Quick Slash","Poisoned Stab","Dagger Spray","Corpse Explosion"],"relics":["Ring of the Snake","Potion Belt"],"acts_visited":["Exordium"],"potions_floor_usage":[5,8],"damage_taken":[{"damage":0,"enemies":"Jaw Worm","floor":1,"turns":5},{"damage":0,"enemies":"Small Slimes","floor":2,"turns":2},{"damage":6,"enemies":"Cultist","floor":3,"turns":3},{"damage":0,"enemies":"2 Fungi Beasts","floor":5,"turns":2},{"damage":38,"enemies":"3 Sentries","floor":6,"turns":9},{"damage":20,"enemies":"Exordium Thugs","floor":7,"turns":5},{"damage":0,"enemies":"Lagavulin","floor":8,"turns":2}],"seed_played":"2821289594069870471","potions_obtained":[{"floor":1,"key":"Explosive Potion"},{"floor":7,"key":"Dexterity Potion"}],"is_trial":false,"path_per_floor":["M","M","M","?","M","E","M","E"],"character_chosen":"THE_SILENT","items_purchased":[],"campfire_rested":0,"item_purchase_floors":[],"current_hp_per_floor":[70,70,64,64,64,26,6,6,6],"gold":158,"neow_bonus":"ONE_RANDOM_RARE_CARD","is_daily":false,"chose_seed":false,"campfire_upgraded":0,"win_rate":0.0,"timestamp":1610518938,"path_taken":["M","M","M","?","M","E","M","E"],"items_purchased_type":[],"build_version":"2020-12-22","purchased_purges":0,"victory":false,"max_hp_per_floor":[70,70,70,70,70,70,70,70,70],"card_choices":[{"not_picked":["Caltrops","Flechettes","Skewer"],"picked":"SKIP","floor":1},{"not_picked":["Choke","Concentrate"],"picked":"Prepared","floor":2},{"not_picked":["Backflip","Flying Knee"],"picked":"Quick Slash","floor":3},{"not_picked":["Eviscerate","Blade Dance"],"picked":"Poisoned Stab","floor":5},{"not_picked":["Noxious Fumes","Prepared"],"picked":"Dagger Spray","floor":6},{"not_picked":["Crippling Poison","Poisoned Stab"],"picked":"Corpse Explosion","floor":7}],"player_experience":294518,"relics_obtained":[{"floor":6,"key":"Potion Belt"}],"event_choices":[{"cards_removed":["Strike_G"],"damage_healed":0,"gold_gain":0,"player_choice":"Card Removal","damage_taken":0,"max_hp_gain":0,"max_hp_loss":0,"event_name":"The Cleric","floor":4,"gold_loss":50}],"is_beta":false,"boss_relics":[],"items_purged_floors":[],"is_endless":false,"potions_floor_spawned":[1,7],"killed_by":"Lagavulin","ascension_level":2}}