{"host":"126yiuos2nq86se7","time":1610506385,"event":{"mods":["AchievementEnabler","Act Like it!","BaseMod","Colored Map","Colored Powertips","Downfall","Friendly Minions","Halation","Highlight Path","Jorbs\u0027s Wanderer Trilogy","Marisa????????","Minty Spire (QoL Compilation)","Replay The Spire","StSLib","SuperFastMode","The Animator","The Hierophant"],"gold_per_floor":[115,115,115,129,147,147,222,222,222,222,233,233,267,267,267,365,365,378,2,14,14,14,14,46,46,46,62,62,62,72,85,85,181,181,195,245,245,13,13,13,13],"floor_reached":40,"language":"ENG","playtime":1548,"items_purged":["stsjorbsmod:TinyHut","stsjorbsmod:Strike_Wanderer"],"score":708,"play_id":"a97be300-0693-472f-bc35-cf4287027bd8","local_time":"20210113135305","is_ascension_mode":true,"campfire_choices":[{"data":"stsjorbsmod:MistyStep","floor":6,"key":"SMITH"},{"data":"stsjorbsmod:FreshAdventure","floor":8,"key":"SMITH"},{"data":"stsjorbsmod:EyeOfTheStorm","floor":12,"key":"SMITH"},{"floor":15,"key":"REST"},{"data":"stsjorbsmod:ArcaneForm","floor":23,"key":"SMITH"},{"data":"stsjorbsmod:ArcaneWeapon","floor":25,"key":"SMITH"},{"data":"stsjorbsmod:ArcaneWeapon","floor":28,"key":"SMITH"},{"floor":32,"key":"REST"}],"circlet_count":0,"master_deck":["stsjorbsmod:ForbiddenGrimoire+1","stsjorbsmod:Strike_Wanderer","stsjorbsmod:Strike_Wanderer","stsjorbsmod:Defend_Wanderer","stsjorbsmod:Defend_Wanderer","stsjorbsmod:Defend_Wanderer+1","stsjorbsmod:Defend_Wanderer","stsjorbsmod:FreshAdventure+1","stsjorbsmod:EyeOfTheStorm+1","stsjorbsmod:ParryingBlow","stsjorbsmod:MistyStep+1","stsjorbsmod:Mindworm","stsjorbsmod:WanderingMind","stsjorbsmod:FindFamiliar","stsjorbsmod:ArcaneForm+1","stsjorbsmod:Patron","stsjorbsmod:Prepare","stsjorbsmod:ArcaneWeapon+1","stsjorbsmod:ArcaneWeapon+1","stsjorbsmod:BlackTentacles","stsjorbsmod:ArcaneWeapon+1","stsjorbsmod:HedgeWizard+1","stsjorbsmod:Withdraw","stsjorbsmod:Prestidigitation+1","stsjorbsmod:WanderingMind+1","stsjorbsmod:ArcaneWeapon","expansioncontent:DonusPower","ReplayTheSpireMod:Brewmster"],"relics":["stsjorbsmod:GrimoireRelic","Potion Belt","Ornamental Fan","Regal Pillow","Sundial","Cursed Key","Anchor","halation:Diary","Chameleon Ring","Peace Pipe","halation:PinkSoulGem"],"acts_visited":["Exordium","TheCity","TheBeyond"],"potions_floor_usage":[13,33,33,33,33,40],"damage_taken":[{"damage":6,"enemies":"Cultist","floor":1,"turns":3},{"damage":0,"enemies":"Small Slimes","floor":4,"turns":3},{"damage":0,"enemies":"2 Louse","floor":5,"turns":3},{"damage":0,"enemies":"Looter","floor":11,"turns":4},{"damage":13,"enemies":"Gremlin Nob","floor":13,"turns":3},{"damage":38,"enemies":"The Guardian","floor":16,"turns":9},{"damage":20,"enemies":"Spheric Guardian","floor":18,"turns":5},{"damage":0,"enemies":"Shell Parasite","floor":20,"turns":5},{"damage":28,"enemies":"Replay:Snechameleon","floor":24,"turns":7},{"damage":0,"enemies":"Snake Plant","floor":27,"turns":5},{"damage":1,"enemies":"3 Cultists","floor":30,"turns":4},{"damage":0,"enemies":"Chosen and Byrds","floor":31,"turns":5},{"damage":13,"enemies":"Pondfish","floor":33,"turns":7},{"damage":25,"enemies":"Orb Walker","floor":35,"turns":4},{"damage":5,"enemies":"Mind Bloom Boss Battle","floor":36,"turns":7},{"damage":56,"enemies":"Reptomancer","floor":40,"turns":2}],"seed_played":"7983806100409080505","potions_obtained":[{"floor":5,"key":"Elixir"},{"floor":11,"key":"Fire Potion"},{"floor":18,"key":"Weak Potion"},{"floor":24,"key":"Adrenaline Potion"},{"floor":31,"key":"LifebloodPotion"},{"floor":35,"key":"stsjorbsmod:BurningPotion"}],"is_trial":false,"path_per_floor":["M","?","?","M","M","R","?","R","T","?","M","R","E","?","R","B",null,"M","$","M","?","$","R","E","R","T","M","R","T","M","M","R","B",null,"M","?","?","$","?","E"],"character_chosen":"WANDERER","items_purchased":["Anchor","halation:Diary","stsjorbsmod:Prepare","stsjorbsmod:ArcaneWeapon","expansioncontent:DonusPower"],"campfire_rested":2,"item_purchase_floors":[19,19,19,38,38],"current_hp_per_floor":[62,67,67,68,69,69,58,58,58,55,56,56,44,44,73,35,73,59,59,66,66,66,66,38,38,38,42,42,42,46,51,73,60,73,52,52,52,52,52,0,0],"gold":13,"neow_bonus":"RANDOM_COMMON_RELIC","is_daily":false,"chose_seed":false,"campfire_upgraded":6,"win_rate":0.0,"timestamp":1610506385,"path_taken":["M","?","?","M","?","R","?","R","T","?","M","R","E","?","R","BOSS","M","$","M","?","$","R","E","R","T","M","R","?","M","M","R","BOSS","M","?","?","$","?","E"],"items_purchased_type":["Relic","Relic","Card","Card","Card"],"build_version":"2020-12-22","purchased_purges":2,"victory":false,"max_hp_per_floor":[68,73,73,73,73,73,73,73,73,73,73,73,73,73,73,73,73,73,73,73,73,73,73,73,73,73,73,73,73,73,73,73,73,73,73,73,73,73,73,73,73],"card_choices":[{"not_picked":["stsjorbsmod:SchoolsOfMagic","stsjorbsmod:Will"],"picked":"stsjorbsmod:ParryingBlow","floor":1},{"not_picked":["stsjorbsmod:Channel","stsjorbsmod:SmithingStrike"],"picked":"stsjorbsmod:Mindworm","floor":4},{"not_picked":["stsjorbsmod:FracturedMind","stsjorbsmod:Hurt"],"picked":"stsjorbsmod:WanderingMind","floor":5},{"not_picked":["stsjorbsmod:Message","stsjorbsmod:BurningFlask"],"picked":"stsjorbsmod:FindFamiliar","floor":11},{"not_picked":["stsjorbsmod:FindFamiliar","stsjorbsmod:Banish"],"picked":"stsjorbsmod:TinyHut","floor":13},{"not_picked":["stsjorbsmod:GatherPower","stsjorbsmod:PurgeMind"],"picked":"stsjorbsmod:ArcaneForm","floor":16},{"not_picked":["stsjorbsmod:Firebolt+1","stsjorbsmod:Will+1"],"picked":"stsjorbsmod:Patron","floor":18},{"not_picked":["stsjorbsmod:TrueStrike","stsjorbsmod:Mania"],"picked":"stsjorbsmod:ArcaneWeapon","floor":20},{"not_picked":["stsjorbsmod:ParryingBlow","stsjorbsmod:Firebolt"],"picked":"stsjorbsmod:ArcaneWeapon","floor":24},{"not_picked":["stsjorbsmod:UnseenServant+1","stsjorbsmod:Firebolt+1"],"picked":"stsjorbsmod:BlackTentacles","floor":27},{"not_picked":["stsjorbsmod:ChatteringStrike","stsjorbsmod:Firebolt"],"picked":"stsjorbsmod:ArcaneWeapon+1","floor":30},{"not_picked":["stsjorbsmod:WeightOfMemory+1","stsjorbsmod:TinyHut"],"picked":"stsjorbsmod:HedgeWizard+1","floor":31},{"not_picked":["stsjorbsmod:ArcaneForm","stsjorbsmod:MirrorImage"],"picked":"stsjorbsmod:Withdraw","floor":33},{"not_picked":["stsjorbsmod:FracturedMind+1","stsjorbsmod:LoseGrip"],"picked":"stsjorbsmod:Prestidigitation+1","floor":35},{"not_picked":["stsjorbsmod:Will+1","stsjorbsmod:Introspection"],"picked":"stsjorbsmod:WanderingMind+1","floor":36},{"not_picked":["Midas Touch","Replay:SS_hec_1"],"picked":"ReplayTheSpireMod:Brewmster","floor":39}],"player_experience":1702554,"relics_obtained":[{"floor":9,"key":"Ornamental Fan"},{"floor":13,"key":"Sundial"},{"floor":24,"key":"Chameleon Ring"},{"floor":36,"key":"Peace Pipe"}],"event_choices":[{"damage_healed":0,"gold_gain":0,"player_choice":"Donut","damage_taken":0,"max_hp_gain":5,"max_hp_loss":0,"event_name":"Big Fish","floor":2,"gold_loss":0},{"damage_healed":0,"gold_gain":0,"cards_transformed":["stsjorbsmod:Strike_Wanderer"],"player_choice":"Transformed","damage_taken":0,"max_hp_gain":0,"max_hp_loss":0,"event_name":"Transmorgrifier","floor":3,"gold_loss":0,"cards_obtained":["stsjorbsmod:MistyStep"]},{"damage_healed":0,"gold_gain":75,"player_choice":"Gather Gold","damage_taken":11,"max_hp_gain":0,"max_hp_loss":0,"event_name":"World of Goop","floor":7,"gold_loss":0},{"damage_healed":0,"gold_gain":0,"player_choice":"Success","damage_taken":3,"relics_obtained":["Regal Pillow"],"max_hp_gain":0,"max_hp_loss":0,"event_name":"Scrap Ooze","floor":10,"gold_loss":0},{"damage_healed":0,"gold_gain":0,"player_choice":"Searched \u00270\u0027 times","damage_taken":0,"max_hp_gain":0,"max_hp_loss":0,"event_name":"Dead Adventurer","floor":14,"gold_loss":0},{"damage_healed":0,"gold_gain":0,"player_choice":"Fight","damage_taken":0,"max_hp_gain":0,"max_hp_loss":0,"event_name":"MindBloom","floor":36,"gold_loss":0},{"damage_healed":0,"gold_gain":0,"player_choice":"Memory 1","damage_taken":0,"max_hp_gain":0,"max_hp_loss":0,"event_name":"SensoryStone","floor":39,"gold_loss":0}],"is_beta":false,"boss_relics":[{"not_picked":["halation:HeavySnake","ReplayTheSpireMod:DimensionalGlitch"],"picked":"Cursed Key"},{"not_picked":["Astrolabe","Kintsugi","Velvet Choker"]}],"items_purged_floors":[19,38],"is_endless":false,"potions_floor_spawned":[5,11,18,24,31,35],"killed_by":"Reptomancer","ascension_level":1}}