{"host":"rupmf8lnk599ormj","time":1610496454,"event":{"mods":["2.2 Compatiblity","AchievementEnabler","BaseMod","Better Match","Better Third Choice","BetterRewards","ChefMod","Colored Map","Colored Powertips","Conspire","Downfall","Evolution","Gold Saver","Googly Eyes","GungeonMod","Hero for Fun","Hubris","Minty Spire (QoL Compilation)","Quick Restart","Rare Cards Sparkle","Replay The Spire","Spicy Shops","StSLib","The Cursed","The Poker Player"],"gold_per_floor":[530,78,78,88,106,106,140,140,140,171,171,191,291,308,308,409,409,425,425,57,73,16,16,42,42,42,42,42,62,62,79,79,79,79],"floor_reached":33,"language":"ENG","playtime":2473,"items_purged":[],"score":298,"play_id":"2d29c686-e18c-41d1-8091-66fc26bc2e75","local_time":"20210112190734","is_ascension_mode":false,"campfire_choices":[{"floor":6,"key":"RECALL"},{"floor":8,"key":"REST"},{"floor":11,"key":"REST"},{"data":"DemoMod:MachoBrace","floor":23,"key":"SMITH"},{"data":"DemoMod:SAA","floor":25,"key":"SMITH"},{"data":"DemoMod:PotionOfGunFriendShip","floor":27,"key":"SMITH"}],"circlet_count":0,"master_deck":["DemoMod:Strike_Huntress","DemoMod:Strike_Huntress","DemoMod:Strike_Huntress","DemoMod:Defend_Huntress","DemoMod:Defend_Huntress","DemoMod:Defend_Huntress","DemoMod:Defend_Huntress","DemoMod:Roll","DemoMod:ManualReload","DemoMod:RustySidearm","DemoMod:CrossBow","DemoMod:FastSwitch+1","DemoMod:SAA","DemoMod:SAA","DemoMod:PotionOfGunFriendShip+1","DemoMod:BoxingGlove","DemoMod:AbyssalTentacle","DemoMod:GunslingerForm","DemoMod:StickyCrossBow","DemoMod:SniperShot","DemoMod:TeaPot","DemoMod:ConditionalReflex","DemoMod:FullFirepower","DemoMod:ProbeStrike+1","DemoMod:SAA+1","DemoMod:MachoBrace+1","DemoMod:CursedBullets","DemoMod:Polaris+1","DemoMod:MegaHand","DemoMod:TripleGun","DemoMod:FortunesFavor","hexamod:Haunted"],"relics":["DemoMod:Dog","EVO:Axolotl","DemoMod:GnawedKey","hubris:Reverence","Shuriken","Potion Belt","The Courier","DemoMod:WhiteGuonStone","hubris:ScarierMask","DemoMod:GlassGuonStoneRelic","hubris:BottledHeart","DemoMod:SilverBullets","Gremlin Horn","Replay:Bottled Flurry","hubris:Towel","Darkstone Periapt"],"acts_visited":["Exordium","TheCity"],"potions_floor_usage":[10,14,33,33,33,33],"damage_taken":[{"damage":0,"enemies":"Small Slimes","floor":1,"turns":3},{"damage":3,"enemies":"2 Louse","floor":4,"turns":3},{"damage":9,"enemies":"Jaw Worm","floor":5,"turns":4},{"damage":39,"enemies":"3 Sentries","floor":7,"turns":7},{"damage":19,"enemies":"Lagavulin","floor":10,"turns":6},{"damage":6,"enemies":"3 Louse","floor":12,"turns":4},{"damage":0,"enemies":"Exordium Thugs","floor":14,"turns":2},{"damage":55,"enemies":"Hexaghost","floor":16,"turns":10},{"damage":39,"enemies":"Spheric Guardian","floor":18,"turns":6},{"damage":0,"enemies":"3 Byrds","floor":21,"turns":4},{"damage":0,"enemies":"conspire:Head Lice","floor":24,"turns":11},{"damage":0,"enemies":"Cultist and Chosen","floor":29,"turns":4},{"damage":0,"enemies":"Snake Plant","floor":31,"turns":4},{"damage":7,"enemies":"Collector","floor":33,"turns":7}],"seed_played":"4907706616921539002","potions_obtained":[{"floor":1,"key":"Toxic Potion"},{"floor":5,"key":"AttackPotion"},{"floor":14,"key":"Fire Potion"},{"floor":16,"key":"BlessingOfTheForge"},{"floor":24,"key":"PowerPotion"}],"is_trial":false,"path_per_floor":["M","$","?","M","M","R","E","R","T","E","R","M","?","M","R_BF","B",null,"M","?","$","M","$","R","E","R","T","R","?","M","?","M","R_BF","B"],"character_chosen":"HUNTRESS","items_purchased":["DemoMod:GnawedKey","hubris:Reverence","DemoMod:SAA","DemoMod:PotionOfGunFriendShip","DemoMod:SilverBullets","DemoMod:SAA","DemoMod:MachoBrace","DemoMod:CursedBullets","DemoMod:MegaHand"],"campfire_rested":2,"item_purchase_floors":[2,2,2,2,20,20,20,20,22],"current_hp_per_floor":[77,77,70,67,58,58,19,42,42,23,46,40,40,40,63,8,77,38,1,1,1,1,1,1,1,1,1,1,1,1,1,1,0,0],"gold":79,"neow_bonus":"TEN_PERCENT_HP_BONUS","is_daily":false,"chose_seed":false,"campfire_upgraded":3,"win_rate":0.0,"timestamp":1610496454,"path_taken":["M","$","?","M","M","R","E","R","T","E","R","M","?","M","R_BF","BOSS","M","?","$","M","$","R","E","R","T","R","?","?","?","M","R_BF","BOSS"],"items_purchased_type":["Relic","Relic","Card","Card","Relic","Card","Card","Card","Card"],"build_version":"2020-12-22","purchased_purges":0,"victory":false,"max_hp_per_floor":[77,77,77,77,77,77,77,77,77,77,77,77,77,77,77,77,77,77,1,1,1,1,1,1,1,1,1,1,1,1,1,1,1,1],"card_choices":[{"not_picked":["DemoMod:PotionOfGunFriendShip","DemoMod:HardPowerCard"],"picked":"DemoMod:FastSwitch","floor":1},{"not_picked":["DemoMod:HuntsMan","DemoMod:SAA"],"picked":"DemoMod:BoxingGlove","floor":4},{"not_picked":["DemoMod:FeignSurrender","DemoMod:CombinedRifle"],"picked":"DemoMod:AbyssalTentacle","floor":5},{"not_picked":["DemoMod:Ejector","DemoMod:PracticeMakesPerfect"],"picked":"DemoMod:GunslingerForm","floor":7},{"not_picked":["DemoMod:Slinger","DemoMod:ChanceBullets"],"picked":"DemoMod:StickyCrossBow","floor":10},{"not_picked":["DemoMod:FastSwitch","DemoMod:BoxingGlove"],"picked":"DemoMod:SniperShot","floor":12},{"not_picked":["DemoMod:JK47","DemoMod:Camera"],"picked":"DemoMod:TeaPot","floor":12},{"not_picked":["DemoMod:JK47","DemoMod:Purify"],"picked":"DemoMod:ConditionalReflex","floor":14},{"not_picked":["DemoMod:Elimentaler","DemoMod:GunslingerForm"],"picked":"DemoMod:FullFirepower","floor":16},{"not_picked":["DemoMod:SAA+1","DemoMod:EasyReloadBullets+1"],"picked":"DemoMod:ProbeStrike+1","floor":18},{"not_picked":["DemoMod:TeaPot","DemoMod:AC15"],"picked":"DemoMod:Polaris+1","floor":21},{"not_picked":["DemoMod:DirectionalPad","DemoMod:SniperShot+1"],"picked":"DemoMod:TripleGun","floor":24},{"not_picked":["DemoMod:AbyssalTentacle","DemoMod:BlankBullets","DemoMod:MegaHand"],"picked":"SKIP","floor":29},{"not_picked":["DemoMod:ConditionalReflex+1","DemoMod:BoxingGlove+1"],"picked":"DemoMod:FortunesFavor","floor":31}],"player_experience":203130,"relics_obtained":[{"floor":7,"key":"Potion Belt"},{"floor":9,"key":"The Courier"},{"floor":10,"key":"DemoMod:WhiteGuonStone"},{"floor":24,"key":"Gremlin Horn"},{"floor":26,"key":"Replay:Bottled Flurry"}],"event_choices":[{"damage_healed":0,"gold_gain":0,"player_choice":"Relic ","damage_taken":7,"max_hp_gain":0,"max_hp_loss":0,"event_name":"betterThird:BetterScrap","floor":3,"gold_loss":0,"cards_obtained":["ReplayTheSpireMod:System Scan"]},{"damage_healed":0,"gold_gain":100,"player_choice":"Pray","damage_taken":0,"max_hp_gain":0,"max_hp_loss":0,"event_name":"Golden Shrine","floor":13,"gold_loss":0},{"damage_healed":0,"gold_gain":0,"player_choice":"Ignored","damage_taken":0,"max_hp_gain":0,"max_hp_loss":0,"event_name":"NoteForYourself","floor":28,"gold_loss":0}],"is_beta":false,"boss_relics":[{"not_picked":["Pandora\u0027s Box","hubris:CrackedHourglass"],"picked":"hubris:ScarierMask"}],"items_purged_floors":[],"is_endless":false,"potions_floor_spawned":[1,5,14,16,24,31],"killed_by":"Collector","ascension_level":0}}