{"host":"fuszjwm6fqgjjp4d","time":1610521292,"event":{"mods":["BaseMod","Bestiary","Colored Map","DeckTracker","Minty Spire (QoL Compilation)","Permanent Neow","Relic Sorter","Relic Stats","StSLib"],"gold_per_floor":[112,130,130,149,149,149,149,149],"floor_reached":7,"language":"ENG","playtime":135,"items_purged":[],"score":74,"play_id":"3fbe9b00-8c56-4239-a071-01cedca0052e","local_time":"20210113010132","is_ascension_mode":true,"campfire_choices":[{"data":"Eruption","floor":6,"key":"SMITH"}],"circlet_count":0,"master_deck":["AscendersBane","Strike_P","Strike_P","Strike_P","Strike_P","Defend_P","Defend_P","Defend_P","Defend_P","Eruption+1","Vigilance","FlyingSleeves","ThirdEye","CutThroughFate"],"relics":["PureWater","CloakClasp","Happy Flower","Pantograph"],"acts_visited":["Exordium"],"potions_floor_usage":[],"damage_taken":[{"damage":0.0,"enemies":"2 Louse","floor":1.0,"turns":2.0},{"damage":0.0,"enemies":"Jaw Worm","floor":2.0,"turns":2.0},{"damage":0,"enemies":"Small Slimes","floor":4,"turns":2},{"damage":39,"enemies":"Lagavulin","floor":7,"turns":3}],"seed_played":"301708678174780721","potions_obtained":[],"is_trial":false,"path_per_floor":["M","M","?","M","T","R","E"],"character_chosen":"WATCHER","items_purchased":[],"campfire_rested":0,"item_purchase_floors":[],"current_hp_per_floor":[43,43,32,32,32,32,0,0],"gold":149,"neow_bonus":"ONE_RARE_RELIC","is_daily":false,"chose_seed":false,"campfire_upgraded":1,"win_rate":0.0,"timestamp":1610521292,"path_taken":["M","M","?","M","?","R","E"],"items_purchased_type":[],"build_version":"2020-12-22","purchased_purges":0,"victory":false,"max_hp_per_floor":[68,68,68,68,68,68,68,68],"relic_stats":{"Happy Flower":[1],"counters":[4,9],"Pantograph":0,"CloakClasp":[17],"obtain_stats":[{"Happy Flower":3,"Pantograph":5,"CloakClasp":0,"PureWater":0},{"Happy Flower":2,"Pantograph":3,"CloakClasp":0,"PureWater":0},{"Happy Flower":4,"Pantograph":6,"CloakClasp":0,"PureWater":0}]},"card_choices":[{"not_picked":["Consecrate","EmptyFist"],"picked":"FlyingSleeves","floor":1.0},{"not_picked":["EmptyBody","PathToVictory"],"picked":"ThirdEye","floor":2},{"not_picked":["Consecrate","LikeWater"],"picked":"CutThroughFate","floor":4}],"player_experience":1284288,"relics_obtained":[{"floor":5,"key":"Pantograph"}],"event_choices":[{"damage_healed":0,"gold_gain":0,"player_choice":"Success","damage_taken":11,"relics_obtained":["Happy Flower"],"max_hp_gain":0,"max_hp_loss":0,"event_name":"Scrap Ooze","floor":3,"gold_loss":0}],"is_beta":false,"boss_relics":[],"items_purged_floors":[],"is_endless":false,"potions_floor_spawned":[],"killed_by":"Lagavulin","ascension_level":16}}