{"host":"w2kjv12xyhtt0cv2","time":1610552962,"event":{"mods":["Act Like it!","BaseMod","Colored Map","Friendly Minions","Gensokyo","Highlight Path","Hubris","Kiyohime（清姬）","Marisa（F雨　魔理沙）","Minty Spire (QoL Compilation)","Quick Restart","Reimu（博丽灵梦）","Relic Stats","Replay The Spire","RumiaBox-露米娅的神秘盒子","Shop Mod","Spicy Shops","StSLib","The Cursed","The Servant 0.9.4","UnlockEverythingMod","Waifu the Spire","[功能]功能增强和修复MOD","vexMod","【功能Mod】Neow奖励","【遗物卡牌】REMEMod","没有小屋子和绿帽子啦"],"gold_per_floor":[119,137,137,117,137,171,189,215,239,239,239,115,147,147,147,248,248,259,273,291,305,29,62,62,92,163,231,308,308,81,110,110,207,207,220,220,220,9,9,136,246,376,400,426,441,573,583,597,597,597,597,597,339,372,372],"floor_reached":56,"playtime":3433,"items_purged":["Doubt","Parasite"],"score":2304,"play_id":"58cca7c7-1540-41a4-b60e-1d60e2974219","local_time":"20210113234922","is_ascension_mode":true,"campfire_choices":[{"data":"FloweringNight","floor":10.0,"key":"SMITH"},{"data":"KiyohimeMod:FlameKiss","floor":15.0,"key":"SMITH"},{"data":"KiyohimeMod:Track","floor":29.0,"key":"SMITH"},{"data":"KiyohimeMod:ImaginaryNumberMagecraft","floor":32.0,"key":"SMITH"},{"floor":49.0,"key":"RECALL"},{"data":"Apotheosis","floor":52.0,"key":"SMITH"}],"circlet_count":0,"master_deck":["AscendersBane","KiyohimeMod:Strike+1","KiyohimeMod:Strike+1","KiyohimeMod:Strike+1","KiyohimeMod:Strike+1","KiyohimeMod:Defend","KiyohimeMod:Track+1","KiyohimeMod:FlameKiss+1","KiyohimeMod:Shapeshift","FloweringNight+1","KiyohimeMod:CommandCard_Buster+1","KiyohimeMod:CommandCard_Buster+1","KiyohimeMod:BeastOfBillows+1","KiyohimeMod:CelestialInvertedMoon","KiyohimeMod:CelestialInvertedMoon","KiyohimeMod:ImaginaryNumberMagecraft+1","KiyohimeMod:HotSpringOfTheMoon+1","KiyohimeMod:Destruction+1","KiyohimeMod:DragonVein","KiyohimeMod:DivineConstruct+1","KiyohimeMod:GoldenCarpFigure","KiyohimeMod:ImaginaryNumberMagecraft","Panache","Apotheosis+1","Jack Of All Trades","Chrysalis","REME_BattleFury","REME_BattleFury","KiyohimeMod:Projection","Good Instincts+1","Metamorphosis","REME_BattleFury"],"relics":["REME_ComplimentaryCards","Astrolabe","REME_LimitBreaker","Blue Doll","vexMod:BarristanHead","Simple Rune","vexMod:RedPlottingStone","RedLine:ReiMu","Whetstone","Nunchaku","ReplayTheSpireMod:Ring of Addiction","ReplayTheSpireMod:Ring of Challenge","Toy Ornithopter","Chameleon Ring","Quantum Egg","CrazyTorch:ReiMu","REME_HourglassOfDeath","Bag of Preparation","Replay:Bottled Eggs","ReplayTheSpireMod:TigerMarble","EasyGame_NEW","hubris:Icosahedron","TungstenRod","CeramicFish","hubris:MysteriousPyramids","Blue Candle","Replay:Mystery Machine","hubris:Zylophone","REME_CardOfGreed","hubris:NiceRug","Replay:Baseball","ReplayTheSpireMod:Lightbulb","Centennial Puzzle","Boot","DollysMirror","vexMod:FocusSash"],"acts_visited":["Exordium","TheCity","TheBeyond","TheEnding"],"potions_floor_usage":[55],"damage_taken":[{"damage":0.0,"enemies":"Jaw Worm","floor":1.0,"turns":1.0},{"damage":0.0,"enemies":"Cultist","floor":2.0,"turns":2.0},{"damage":2.0,"enemies":"2 Louse","floor":5.0,"turns":2.0},{"damage":2.0,"enemies":"Replay:BlueRogue","floor":6.0,"turns":3.0},{"damage":0.0,"enemies":"Lots of Slimes","floor":7.0,"turns":2.0},{"damage":0.0,"enemies":"Gremlin Nob","floor":8.0,"turns":2.0},{"damage":5.0,"enemies":"3 Sentries","floor":13.0,"turns":2.0},{"damage":0.0,"enemies":"Slime Boss","floor":16.0,"turns":2.0},{"damage":0.0,"enemies":"3 Byrds","floor":18.0,"turns":2.0},{"damage":0.0,"enemies":"2 Thieves","floor":19.0,"turns":2.0},{"damage":0.0,"enemies":"Snecko","floor":20.0,"turns":2.0},{"damage":5.0,"enemies":"Chosen and Byrds","floor":21.0,"turns":2.0},{"damage":3.0,"enemies":"Book of Stabbing","floor":23.0,"turns":3.0},{"damage":2.0,"enemies":"Replay:Snechameleon","floor":25.0,"turns":3.0},{"damage":43.0,"enemies":"Slavers","floor":28.0,"turns":2.0},{"damage":0.0,"enemies":"REME_1_Revenger","floor":31.0,"turns":2.0},{"damage":0.0,"enemies":"Automaton","floor":33.0,"turns":3.0},{"damage":0.0,"enemies":"3 Darklings","floor":35.0,"turns":1.0},{"damage":0.0,"enemies":"Giant Head","floor":40.0,"turns":3.0},{"damage":3.0,"enemies":"3 Shapes","floor":41.0,"turns":2.0},{"damage":0.0,"enemies":"Reptomancer","floor":42.0,"turns":2.0},{"damage":0.0,"enemies":"Giant Head","floor":44.0,"turns":4.0},{"damage":0.0,"enemies":"Transient","floor":45.0,"turns":5.0},{"damage":0.0,"enemies":"R_Hoarder","floor":46.0,"turns":3.0},{"damage":0.0,"enemies":"Maw","floor":47.0,"turns":3.0},{"damage":0.0,"enemies":"Sphere and 2 Shapes","floor":48.0,"turns":3.0},{"damage":21.0,"enemies":"hubris:GrandSnecko","floor":50.0,"turns":7.0},{"damage":16.0,"enemies":"hubris:Merchant","floor":53.0,"turns":3.0},{"damage":3,"enemies":"Shield and Spear","floor":54,"turns":2},{"damage":10,"enemies":"The Heart","floor":55,"turns":3}],"seed_played":"-1661612653057475080","potions_obtained":[{"floor":4.0,"key":"EntropicBrew"},{"floor":5.0,"key":"Dexterity Potion"},{"floor":6.0,"key":"Adrenaline Potion"},{"floor":16.0,"key":"Adrenaline Potion"},{"floor":18.0,"key":"Block Potion"},{"floor":20.0,"key":"LiquidBronze"},{"floor":24.0,"key":"BlessingOfTheForge"},{"floor":24.0,"key":"Explosive Potion"},{"floor":24.0,"key":"ZuzhouPotion:ReiMu"},{"floor":28.0,"key":"SkillPotion"},{"floor":31.0,"key":"Energy Potion"},{"floor":35.0,"key":"FearPotion"},{"floor":45.0,"key":"Regen Potion"},{"floor":48.0,"key":"Dexterity Potion"},{"floor":53.0,"key":"Explosive Potion"},{"floor":53.0,"key":"Death Potion"},{"floor":53.0,"key":"LiquidMemories"}],"is_trial":false,"path_per_floor":["M","M","?","?","M","E","M","E","T","R","?","$","E","?","R","B",null,"M","M","M","M","$","E","?","E","T","T","E","R","$","E","R","B",null,"M","?","?","$","?","E","M","E","T","E","M","E","M","M","R","B",null,"R","$","E","B",null],"character_chosen":"Kiyohime","items_purchased":["Simple Rune","Whetstone","Nunchaku","Replay:Bottled Eggs","TungstenRod","Panache","hubris:Zylophone","REME_CardOfGreed","REME_BattleFury","Replay:Baseball"],"campfire_rested":0,"item_purchase_floors":[12,22,22,30,38,38,53,53,53,53],"current_hp_per_floor":[54,54,54,54,52,50,50,50,50,50,50,50,45,70,70,70,70,70,70,70,65,65,62,62,60,60,60,22,22,22,22,22,27,54,54,54,54,54,45,45,42,47,47,47,47,52,52,52,52,58,59,59,43,40,35],"gold":372,"neow_bonus":"BOSS_RELIC","is_daily":false,"chose_seed":false,"campfire_upgraded":5,"win_rate":0.0,"timestamp":1610552962,"path_taken":["M","M","?","?","?","E","M","E","T","R","?","$","E","?","R_BF","BOSS","M","M","?","?","$","E","?","E","T","?","E","R","$","E","R","BOSS","M","?","?","?","?","E","?","E","T","E","M","E","?","M","R","BOSS","R","$","E","BOSS"],"items_purchased_type":["Relic","Relic","Relic","Relic","Relic","Card","Relic","Relic","Card","Relic"],"build_version":"2020-12-22","purchased_purges":2,"victory":true,"max_hp_per_floor":[60,60,60,60,60,60,60,60,60,60,60,60,60,70,70,70,70,70,70,70,70,67,67,67,67,67,67,65,65,65,65,63,63,63,63,63,61,61,61,61,59,59,59,59,59,59,59,59,59,59,59,59,59,59,59],"relic_stats":{"Nunchaku":[17],"Centennial Puzzle":[7],"counters":[30,78],"Astrolabe":["KiyohimeMod:CommandCard_Buster","KiyohimeMod:CommandCard_Buster","KiyohimeMod:BeastOfBillows"],"CeramicFish":54,"Blue Candle":[0],"Bag of Preparation":[30],"Whetstone":["KiyohimeMod:Strike","KiyohimeMod:Destruction"],"Boot":[12],"obtain_stats":[{"CeramicFish":40,"Blue Doll":8,"Bag of Preparation":28,"Whetstone":22,"hubris:MysteriousPyramids":42,"Replay:Mystery Machine":46,"Boot":53,"RedLine:ReiMu":17,"KiyohimeMod:FireDragon":0,"Nunchaku":22,"Centennial Puzzle":53,"Chameleon Ring":24,"hubris:Icosahedron":37,"DollysMirror":53,"vexMod:RedPlottingStone":13,"Replay:Bottled Eggs":30,"Astrolabe":0,"ReplayTheSpireMod:Ring of Addiction":24,"Quantum Egg":25,"Blue Candle":44,"vexMod:FocusSash":54,"REME_LimitBreaker":6,"hubris:Zylophone":53,"Replay:Baseball":53,"vexMod:BarristanHead":9,"REME_HourglassOfDeath":27,"CrazyTorch:ReiMu":26,"Simple Rune":12,"ReplayTheSpireMod:TigerMarble":31,"REME_CardOfGreed":53,"ReplayTheSpireMod:Ring of Challenge":24,"ReplayTheSpireMod:Lightbulb":53,"Toy Ornithopter":24,"EasyGame_NEW":34,"TungstenRod":38,"REME_ComplimentaryCards":0,"hubris:NiceRug":53},{"CeramicFish":19,"Blue Doll":6,"Bag of Preparation":15,"Whetstone":12,"hubris:MysteriousPyramids":21,"Replay:Mystery Machine":24,"Boot":28,"RedLine:ReiMu":8,"KiyohimeMod:FireDragon":0,"Nunchaku":12,"Centennial Puzzle":28,"Chameleon Ring":13,"hubris:Icosahedron":18,"DollysMirror":28,"vexMod:RedPlottingStone":7,"Replay:Bottled Eggs":15,"Astrolabe":0,"ReplayTheSpireMod:Ring of Addiction":13,"Quantum Egg":14,"Blue Candle":22,"vexMod:FocusSash":29,"REME_LimitBreaker":4,"hubris:Zylophone":27,"Replay:Baseball":28,"vexMod:BarristanHead":6,"REME_HourglassOfDeath":14,"CrazyTorch:ReiMu":14,"Simple Rune":6,"ReplayTheSpireMod:TigerMarble":16,"REME_CardOfGreed":27,"ReplayTheSpireMod:Ring of Challenge":13,"ReplayTheSpireMod:Lightbulb":28,"Toy Ornithopter":13,"EasyGame_NEW":17,"TungstenRod":18,"REME_ComplimentaryCards":0,"hubris:NiceRug":28},{"CeramicFish":41,"Blue Doll":12,"Bag of Preparation":32,"Whetstone":24,"hubris:MysteriousPyramids":45,"Replay:Mystery Machine":57,"Boot":73,"RedLine:ReiMu":16,"KiyohimeMod:FireDragon":0,"Nunchaku":24,"Centennial Puzzle":73,"Chameleon Ring":27,"hubris:Icosahedron":38,"DollysMirror":73,"vexMod:RedPlottingStone":14,"Replay:Bottled Eggs":32,"Astrolabe":0,"ReplayTheSpireMod:Ring of Addiction":27,"Quantum Egg":30,"Blue Candle":49,"vexMod:FocusSash":75,"REME_LimitBreaker":8,"hubris:Zylophone":70,"Replay:Baseball":73,"vexMod:BarristanHead":12,"REME_HourglassOfDeath":30,"CrazyTorch:ReiMu":30,"Simple Rune":12,"ReplayTheSpireMod:TigerMarble":34,"REME_CardOfGreed":70,"ReplayTheSpireMod:Ring of Challenge":27,"ReplayTheSpireMod:Lightbulb":73,"Toy Ornithopter":27,"EasyGame_NEW":37,"TungstenRod":38,"REME_ComplimentaryCards":0,"hubris:NiceRug":73}],"Toy Ornithopter":32,"TungstenRod":48},"card_choices":[{"not_picked":["KiyohimeMod:Preemptive","KiyohimeMod:SteelTraining","KiyohimeMod:CommandCard_Buster"],"picked":"SKIP","floor":1.0},{"not_picked":["KiyohimeMod:RedBlackKey","KiyohimeMod:GreenBlackKey","KiyohimeMod:HydraDagger"],"picked":"SKIP","floor":2.0},{"not_picked":["KiyohimeMod:DivineConstruct","KiyohimeMod:SteelTraining","KiyohimeMod:BlueBlackKey"],"picked":"SKIP","floor":5.0},{"not_picked":["KiyohimeMod:HydraDagger","KiyohimeMod:GreenBlackKey"],"picked":"KiyohimeMod:Servant_Osakabehime","floor":6.0},{"not_picked":["KiyohimeMod:Projection","KiyohimeMod:LimitedZeroOver"],"picked":"KiyohimeMod:CelestialInvertedMoon","floor":7.0},{"not_picked":["KiyohimeMod:SteelTraining","KiyohimeMod:GreenBlackKey","KiyohimeMod:CommandCard_Quick"],"picked":"SKIP","floor":8.0},{"not_picked":["KiyohimeMod:ImaginaryAround","KiyohimeMod:ExSpicyMapoTofu"],"picked":"KiyohimeMod:CelestialInvertedMoon","floor":13.0},{"not_picked":["KiyohimeMod:JeweledSword","KiyohimeMod:PrismaCosmos"],"picked":"KiyohimeMod:ImaginaryNumberMagecraft","floor":16.0},{"not_picked":["KiyohimeMod:Berserker","KiyohimeMod:HydraDagger"],"picked":"KiyohimeMod:HotSpringOfTheMoon+1","floor":18.0},{"not_picked":["KiyohimeMod:Preemptive","KiyohimeMod:RedBlackKey","KiyohimeMod:AndSoTheShipConquers"],"picked":"SKIP","floor":19.0},{"not_picked":["KiyohimeMod:Preemptive","KiyohimeMod:GreenBlackKey","KiyohimeMod:BlueBlackKey"],"picked":"SKIP","floor":20.0},{"not_picked":["KiyohimeMod:FormalCraft","KiyohimeMod:WaterTurn"],"picked":"KiyohimeMod:Destruction","floor":21.0},{"not_picked":["KiyohimeMod:AndSoTheShipConquers","KiyohimeMod:Fragarach"],"picked":"KiyohimeMod:DragonVein","floor":23.0},{"not_picked":["KiyohimeMod:Berserker","KiyohimeMod:CommandCard_Buster","KiyohimeMod:CommandCard_Quick"],"picked":"SKIP","floor":25.0},{"not_picked":["KiyohimeMod:AndSoTheShipConquers","KiyohimeMod:SteelTraining"],"picked":"KiyohimeMod:DivineConstruct+1","floor":28.0},{"not_picked":["KiyohimeMod:AVerseOfBurningLoveStory","KiyohimeMod:DragonVein"],"picked":"KiyohimeMod:GoldenCarpFigure","floor":31.0},{"not_picked":["KiyohimeMod:Servant_TamamoNoMae","KiyohimeMod:GoldenCarpFigure"],"picked":"KiyohimeMod:ImaginaryNumberMagecraft","floor":33.0},{"not_picked":["KiyohimeMod:GreenBlackKey+1","KiyohimeMod:DragonVein","KiyohimeMod:Berserker+1"],"picked":"SKIP","floor":35.0},{"not_picked":["hubris:EnhanceAbility","Good Instincts"],"picked":"Apotheosis","floor":39.0},{"not_picked":["vexMod:EmailVexCard","REME_TheoryOfElimination"],"picked":"Jack Of All Trades","floor":39.0},{"not_picked":["vexMod:EmailVexCard","HandOfGreedLower"],"picked":"Chrysalis","floor":39.0},{"not_picked":["KiyohimeMod:FormalCraft+1","KiyohimeMod:SteelTraining+1","KiyohimeMod:BlueBlackKey+1"],"picked":"SKIP","floor":40.0},{"not_picked":["KiyohimeMod:SteelTraining","KiyohimeMod:Preemptive","KiyohimeMod:AndSoTheShipConquers"],"picked":"SKIP","floor":41.0},{"not_picked":["KiyohimeMod:Tenacious+1","KiyohimeMod:SteelTraining","KiyohimeMod:WaterTurn+1"],"picked":"SKIP","floor":42.0},{"not_picked":["KiyohimeMod:AndSoTheShipConquers","KiyohimeMod:LimitedZeroOver","KiyohimeMod:GreenBlackKey"],"picked":"SKIP","floor":44.0},{"not_picked":["KiyohimeMod:AndSoTheShipConquers+1","KiyohimeMod:Grimoire","KiyohimeMod:GreenBlackKey+1"],"picked":"SKIP","floor":45.0},{"not_picked":["KiyohimeMod:RealityMarble","KiyohimeMod:BlueBlackKey+1","KiyohimeMod:Preemptive+1"],"picked":"SKIP","floor":46.0},{"not_picked":["KiyohimeMod:Tenacious","KiyohimeMod:SteelTraining","KiyohimeMod:WaterTurn+1"],"picked":"SKIP","floor":47.0},{"not_picked":["KiyohimeMod:HydraDagger","KiyohimeMod:BlueBlackKey+1","KiyohimeMod:EatSoul"],"picked":"SKIP","floor":48.0},{"not_picked":[],"picked":"KiyohimeMod:Projection","floor":53.0},{"not_picked":[],"picked":"Good Instincts+1","floor":53.0},{"not_picked":[],"picked":"Metamorphosis","floor":53.0},{"not_picked":["KiyohimeMod:RedBlackKey"],"picked":"SKIP","floor":53.0},{"not_picked":["KiyohimeMod:GreenBlackKey"],"picked":"SKIP","floor":53.0},{"not_picked":["KiyohimeMod:EatSoul"],"picked":"SKIP","floor":53.0},{"not_picked":["KiyohimeMod:Berserker"],"picked":"SKIP","floor":53.0},{"not_picked":["KiyohimeMod:WaterTurn","KiyohimeMod:GreenBlackKey","KiyohimeMod:CommandCard_Quick+1"],"picked":"SKIP","floor":54}],"player_experience":140893,"relics_obtained":[{"floor":6.0,"key":"REME_LimitBreaker"},{"floor":8.0,"key":"Blue Doll"},{"floor":9.0,"key":"vexMod:BarristanHead"},{"floor":13.0,"key":"vexMod:RedPlottingStone"},{"floor":24.0,"key":"ReplayTheSpireMod:Ring of Addiction"},{"floor":24.0,"key":"ReplayTheSpireMod:Ring of Challenge"},{"floor":24.0,"key":"Toy Ornithopter"},{"floor":24.0,"key":"Chameleon Ring"},{"floor":25.0,"key":"Quantum Egg"},{"floor":26.0,"key":"CrazyTorch:ReiMu"},{"floor":27.0,"key":"REME_HourglassOfDeath"},{"floor":28.0,"key":"Bag of Preparation"},{"floor":31.0,"key":"ReplayTheSpireMod:TigerMarble"},{"floor":40.0,"key":"CeramicFish"},{"floor":42.0,"key":"hubris:MysteriousPyramids"},{"floor":44.0,"key":"Blue Candle"},{"floor":46.0,"key":"Replay:Mystery Machine"},{"floor":53.0,"key":"ReplayTheSpireMod:Lightbulb"},{"floor":53.0,"key":"Centennial Puzzle"},{"floor":53.0,"key":"Boot"},{"floor":53.0,"key":"DollysMirror"},{"floor":54,"key":"vexMod:FocusSash"}],"event_choices":[{"damage_healed":0.0,"max_hp_gain":0.0,"max_hp_loss":0.0,"gold_gain":0.0,"event_name":"The Woman in Blue","player_choice":"Bought 1 Potion","floor":4.0,"gold_loss":0.0,"damage_taken":0.0},{"damage_healed":0.0,"max_hp_gain":0.0,"max_hp_loss":0.0,"gold_gain":0.0,"event_name":"The Cleric","player_choice":"Leave","floor":11.0,"gold_loss":0.0,"damage_taken":0.0},{"cards_removed":["KiyohimeMod:Servant_Osakabehime"],"damage_healed":15.0,"max_hp_gain":10.0,"max_hp_loss":0.0,"gold_gain":0.0,"event_name":"Bonfire Elementals","player_choice":"Offered Rare","floor":14.0,"gold_loss":0.0,"damage_taken":0.0},{"damage_healed":0.0,"max_hp_gain":0.0,"max_hp_loss":0.0,"gold_gain":0.0,"event_name":"Tomb of Lord Red Mask","player_choice":"Ignored","floor":36.0,"gold_loss":0.0,"damage_taken":0.0},{"damage_healed":0.0,"max_hp_gain":0.0,"max_hp_loss":0.0,"gold_gain":0.0,"event_name":"SensoryStone","player_choice":"Memory 3","floor":39.0,"gold_loss":0.0,"damage_taken":10.0}],"is_beta":false,"boss_relics":[{"not_picked":["Replay:Drink Me","Philosopher\u0027s Stone"],"picked":"RedLine:ReiMu"},{"not_picked":["Replay:Bronze Core","Sozu"],"picked":"EasyGame_NEW"}],"items_purged_floors":[12,22],"is_endless":false,"potions_floor_spawned":[5,6,16,18,20,28,31,35,40,45,48],"ascension_level":10}}