{"host":"fnk117zi8wf5078t","time":1610556144,"event":{"mods":["AchievementEnabler","BaseMod","Colored Map","Minty Spire (QoL Compilation)","Rare Cards Sparkle","SuperFastMode","everything is the same but u backflip on backflip"],"gold_per_floor":[115,115,27,37,48,48,48,58,84,9,159,8,8,17,17,91,91,111,36,37,37,37,37,52,64,87,87,87,87,87,87,87],"floor_reached":31,"language":"KOR","playtime":777,"items_purged":["Doubt"],"score":466,"play_id":"dc2d6ba0-6c15-4bd8-90a0-b39e656de38e","local_time":"20210114014224","is_ascension_mode":true,"campfire_choices":[{"data":"Fire Breathing","floor":7,"key":"SMITH"},{"data":"Fire Breathing","floor":13,"key":"SMITH"},{"data":"Barricade","floor":15,"key":"SMITH"},{"floor":23,"key":"REST"},{"data":"Corruption","floor":28,"key":"SMITH"}],"circlet_count":0,"master_deck":["AscendersBane","Strike_R","Strike_R","Strike_R","Strike_R","Strike_R","Defend_R","Defend_R","Defend_R","Defend_R","Bash","Fire Breathing+1","Power Through","Shrug It Off","Battle Trance","Flame Barrier","Barricade+1","Fire Breathing+1","Wild Strike","Corruption+1","Body Slam","Dark Embrace","Fire Breathing+1","Shrug It Off","Dual Wield","Pain","Normality"],"relics":["Burning Blood","Bag of Marbles","Toy Ornithopter","Cursed Key","MealTicket","Question Card"],"acts_visited":["Exordium","TheCity"],"potions_floor_usage":[6,24],"damage_taken":[{"damage":2,"enemies":"2 Louse","floor":1,"turns":3},{"damage":0,"enemies":"Cultist","floor":4,"turns":4},{"damage":10,"enemies":"Small Slimes","floor":5,"turns":4},{"damage":0,"enemies":"Lagavulin","floor":6,"turns":1},{"damage":18,"enemies":"Exordium Wildlife","floor":8,"turns":5},{"damage":11,"enemies":"Exordium Thugs","floor":14,"turns":5},{"damage":38,"enemies":"Slime Boss","floor":16,"turns":6},{"damage":21,"enemies":"Shell Parasite","floor":18,"turns":5},{"damage":21,"enemies":"2 Thieves","floor":20,"turns":4},{"damage":8,"enemies":"Snake Plant","floor":24,"turns":4},{"damage":8,"enemies":"3 Cultists","floor":25,"turns":4},{"damage":36,"enemies":"Colosseum Slavers","floor":30,"turns":5},{"damage":45,"enemies":"Gremlin Leader","floor":31,"turns":4}],"seed_played":"5890817140267821020","potions_obtained":[{"floor":5,"key":"SmokeBomb"},{"floor":8,"key":"Ancient Potion"},{"floor":14,"key":"DistilledChaos"},{"floor":20,"key":"CultistPotion"},{"floor":25,"key":"Fire Potion"}],"is_trial":false,"path_per_floor":["M","?","$","M","M","E","R","M","T","$","?","$","R","M","R","B",null,"M","$","M","$","?","R","M","M","T","$","R","T","?","E"],"character_chosen":"IRONCLAD","items_purchased":["Power Through","Barricade","Fire Breathing","Dark Embrace"],"campfire_rested":1,"item_purchase_floors":[3,10,12,19],"current_hp_per_floor":[72,75,75,75,71,75,75,63,63,63,63,63,63,58,58,26,63,48,48,33,33,33,55,58,56,56,71,71,71,41,0,0],"gold":87,"neow_bonus":"RANDOM_COMMON_RELIC","is_daily":false,"chose_seed":false,"campfire_upgraded":4,"win_rate":0.0,"timestamp":1610556144,"path_taken":["M","?","$","M","M","E","R","M","T","?","?","$","R","M","R","BOSS","M","$","M","$","?","R","M","M","T","?","R","?","?","E"],"items_purchased_type":["Card","Card","Card","Card"],"build_version":"2020-12-22","purchased_purges":1,"victory":false,"max_hp_per_floor":[75,75,75,75,75,75,75,75,75,75,75,75,75,75,75,75,75,75,75,75,75,75,75,75,75,75,75,75,75,75,75,75],"card_choices":[{"not_picked":["Cleave","Body Slam"],"picked":"Fire Breathing","floor":1},{"not_picked":["Cleave","Flex"],"picked":"Shrug It Off","floor":4},{"not_picked":["Metallicize","Thunderclap"],"picked":"Battle Trance","floor":5},{"not_picked":["Shrug It Off","Warcry"],"picked":"Flame Barrier","floor":8},{"not_picked":["Rupture","Sever Soul"],"picked":"Wild Strike","floor":14},{"not_picked":["Immolate","Demon Form"],"picked":"Corruption","floor":16},{"not_picked":["Infernal Blade","Thunderclap+1"],"picked":"Body Slam","floor":18},{"not_picked":["Rage","Metallicize","Uppercut"],"picked":"SKIP","floor":20},{"not_picked":["Rupture","Armaments"],"picked":"Shrug It Off","floor":24},{"not_picked":["Combust","Pommel Strike"],"picked":"Dual Wield","floor":25}],"player_experience":394341,"relics_obtained":[{"floor":9,"key":"Toy Ornithopter"},{"floor":26,"key":"MealTicket"},{"floor":29,"key":"Question Card"}],"event_choices":[{"damage_healed":3,"gold_gain":0,"player_choice":"Full Heal","damage_taken":0,"max_hp_gain":0,"max_hp_loss":0,"event_name":"Wheel of Change","floor":2,"gold_loss":0},{"damage_healed":0,"gold_gain":150,"player_choice":"AGREE","damage_taken":0,"max_hp_gain":0,"max_hp_loss":0,"event_name":"Liars Game","floor":11,"gold_loss":0,"cards_obtained":["Doubt"]},{"damage_healed":0,"gold_gain":0,"player_choice":"Copied","damage_taken":0,"max_hp_gain":0,"max_hp_loss":0,"event_name":"Duplicator","floor":22,"gold_loss":0,"cards_obtained":["Fire Breathing"]},{"damage_healed":0,"gold_gain":0,"player_choice":"Fight","damage_taken":0,"max_hp_gain":0,"max_hp_loss":0,"event_name":"Colosseum","floor":30,"gold_loss":0},{"damage_healed":0,"gold_gain":0,"player_choice":"Fled From Nobs","damage_taken":0,"max_hp_gain":0,"max_hp_loss":0,"event_name":"Colosseum","floor":30,"gold_loss":0}],"is_beta":false,"boss_relics":[{"not_picked":["SlaversCollar","Ectoplasm"],"picked":"Cursed Key"}],"items_purged_floors":[12],"is_endless":false,"potions_floor_spawned":[5,8,14,20,25,30],"killed_by":"Gremlin Leader","ascension_level":20}}