{"host":"rvofswtrkybk7ok8","time":1610540829,"event":{"mods":["BaseMod","Card Filter","Colored Map","Minty Spire (QoL Compilation)","Quick Restart","StSLib","Yakumo Yukari mod"],"gold_per_floor":[133,153,103,121,196,196,226,226,226,259,269,287,287,306,306,403,403,422,177,196,259,278,310,310,328,328,328,170,85,85,103,103,207,207,219,235,16,27,77,110,0,0,0,14,14,30,65,43,43,43,43,43,23,55,55],"floor_reached":56,"language":"ZHS","playtime":3052,"items_purged":["Boundary_DreamRealityDamnation_purple","Realm_recovery_purpleEX"],"score":1737,"play_id":"d577bb9a-636d-44bb-99d3-6dfef96ebd60","local_time":"20210113202709","is_ascension_mode":false,"campfire_choices":[{"data":"OmniscientAndOmnipotent_Monster_purple","floor":6.0,"key":"SMITH"},{"data":"MeetDecomposer_purple","floor":8.0,"key":"SMITH"},{"data":"WorldDissolvedintheRealm_purple","floor":13,"key":"SMITH"},{"data":"CommonSense_AntiCommonSense_purple","floor":15,"key":"SMITH"},{"data":"Theboundaryofcreation_purpleEX","floor":24,"key":"SMITH"},{"data":"Monsters_DoubleDeathButterfly_purple","floor":32,"key":"SMITH"},{"data":"RuleDissolution_purple","floor":42,"key":"SMITH"},{"floor":45,"key":"RECALL"},{"data":"Price_of_realm_purpleEX","floor":49,"key":"SMITH"},{"data":"1","floor":52,"key":"LIFT"}],"circlet_count":0,"master_deck":["Observe_purple_1+1","Observe_purple_2+1","RuleDissolution_purple+1","Mirror_FourBoundary_purple","OmniscientAndOmnipotent_Monster_purple+1","MeetDecomposer_purple+1","Mirror_WaveAndshot_purple","WorldDissolvedintheRealm_purple+1","CommonSense_AntiCommonSense_purple+1","Monsters_DoubleDeathButterfly_purple+1","WatchEChange_purple","Mirror_Drifter_purple","Line_surface_state_purple","ButterflyHabitatTemple_purple+1","StretchesForeverDream_purple","MeetDecomposer_purple","OmniscientAndOmnipotent_Monster_purple+1","Shallow_ocean_purpleEX","Photoelasticity_Doppler_Effect_purple+1","Boundary_of_Extermination_purpleEX+1","CommonSense_AntiCommonSense_purple+1","Fantasy_PerpetualMotionMachine_purple+1","Boundary_of_Extermination_purpleEX+1","CommonSense_AntiCommonSense_purple+1","Boundary_of_Extermination_purpleEX+1","Price_of_realm_purpleEX+1","Theboundaryofcreation_purpleEX+1","ExternalForce_HighSpeedFlying_purple+1","SharpContractionReality_purple+1","Charmbait_purple+1","MNeedle_purple+1","OmniscientAndOmnipotent_Monster_purple+1","ContainerChange_purple+1","MetroBOOM_purple+1","PurpleNeedle_purple+1","Monsters_DoubleDeathButterfly_purple+1","Computing_the_future_purpleEX+1","Boundary_of_Extermination_purpleEX+1","Boundary_of_Extermination_purpleEX+1","CommonSense_AntiCommonSense_purple+1","Fantasy_PerpetualMotionMachine_purple+1","Boundary_of_Extermination_purpleEX+1","WatchEChange_purple+1","StateErode_purple+1","RuptureOfTimeAndSpace_purple+1"],"relics":["Boundary_crack","Memoryfragments_purpleEX","NeowsBlessing","Pantograph","The Courier","Pandora\u0027s Box","Thread and Needle","Tiny Chest","Art of War","StoneCalendar","Shuriken","Bird Faced Urn","Frozen Egg 2","ThegodofHakurei_purpleEX","Girya","Question Card","Letter Opener","Orichalcum","Bottled Flame","Whetstone","TheEssenceOfRealm","Antimatter_spacedebris","Mercury Hourglass","Vajra","Matryoshka","Ornamental Fan","Bottled Lightning","Eternal Feather","Potion Belt","Centennial Puzzle","Juzu Bracelet","Incense Burner","StrikeDummy","Anchor","Sundial","Gremlin Horn","Molten Egg 2","Ginger","Bronze Scales","Singing Bowl","Happy Flower","Regal Pillow","Blood Vial","Lantern","Kunai","Bag of Preparation","Strange Spoon","Meat on the Bone","PreservedInsect","Boot","Dream Catcher","Pen Nib","Bottled Tornado","SlaversCollar","Ice Cream","Blue Candle","Oddly Smooth Stone","ClockworkSouvenir","Pear","Toy Ornithopter","Omamori","Nunchaku","Lizard Tail","War Paint","Red Mask","Mummified Hand","InkBottle","Toxic Egg 2","Akabeko","Bag of Marbles","Parasol_purpleEX","Turnip"],"acts_visited":["Exordium","TheCity","TheBeyond","TheEnding"],"potions_floor_usage":[38,55,55,55,55,55,55,55],"damage_taken":[{"damage":0.0,"enemies":"Small Slimes","floor":1.0,"turns":1.0},{"damage":0.0,"enemies":"Jaw Worm","floor":2.0,"turns":1.0},{"damage":0.0,"enemies":"Cultist","floor":4.0,"turns":1.0},{"damage":39.0,"enemies":"Lagavulin","floor":7.0,"turns":8.0},{"damage":16.0,"enemies":"3 Sentries","floor":10.0,"turns":10.0},{"damage":4,"enemies":"Red Slaver","floor":11,"turns":4},{"damage":0,"enemies":"3 Louse","floor":12,"turns":2},{"damage":0,"enemies":"2 Fungi Beasts","floor":14,"turns":1},{"damage":17,"enemies":"Hexaghost","floor":16,"turns":8},{"damage":4,"enemies":"Shell Parasite","floor":18,"turns":3},{"damage":0,"enemies":"Spheric Guardian","floor":20,"turns":1},{"damage":0,"enemies":"Chosen and Byrds","floor":22,"turns":4},{"damage":22,"enemies":"Slavers","floor":23,"turns":1},{"damage":0,"enemies":"Centurion and Healer","floor":25,"turns":2},{"damage":0,"enemies":"Shelled Parasite and Fungi","floor":31,"turns":1},{"damage":0,"enemies":"Champ","floor":33,"turns":4},{"damage":2,"enemies":"Orb Walker","floor":35,"turns":2},{"damage":0,"enemies":"3 Darklings","floor":36,"turns":1},{"damage":0,"enemies":"Transient","floor":38,"turns":5},{"damage":0,"enemies":"Mind Bloom Boss Battle","floor":39,"turns":2},{"damage":0,"enemies":"Giant Head","floor":40,"turns":3},{"damage":0,"enemies":"Spire Growth","floor":44,"turns":1},{"damage":0,"enemies":"Sphere and 2 Shapes","floor":46,"turns":1},{"damage":0,"enemies":"Reptomancer","floor":47,"turns":1},{"damage":0,"enemies":"Awakened One","floor":50,"turns":3},{"damage":0,"enemies":"Shield and Spear","floor":54,"turns":1},{"damage":0,"enemies":"The Heart","floor":55,"turns":3}],"seed_played":"4315064334439238390","potions_obtained":[{"floor":4.0,"key":"EssenceOfSteel"},{"floor":7.0,"key":"Weak Potion"},{"floor":16,"key":"EssenceOfSteel"},{"floor":20,"key":"Fire Potion"},{"floor":22,"key":"DuplicationPotion"},{"floor":38,"key":"EntropicBrew"},{"floor":46,"key":"Dexterity Potion"}],"is_trial":false,"path_per_floor":["M","M","?","M","?","R","E","R","T","E","M","M","R","M","R","B",null,"M","$","M","$","M","E","R","M","T","?","$","?","T","M","R","B",null,"M","M","$","M","?","E","?","R","T","M","R","M","E","$","R","B",null,"R","$","E","B",null],"character_chosen":"Youkari","items_purchased":["Shallow_ocean_purpleEX","Thread and Needle","Tiny Chest","Art of War","StoneCalendar","Shuriken","Bird Faced Urn","Frozen Egg 2","ThegodofHakurei_purpleEX","Girya","Question Card","Letter Opener","Orichalcum","Bottled Flame","Whetstone","TheEssenceOfRealm","Antimatter_spacedebris","Mercury Hourglass","Vajra","Matryoshka","Ornamental Fan","Bottled Lightning","Boundary_of_Extermination_purpleEX+1","CommonSense_AntiCommonSense_purple+1","Fantasy_PerpetualMotionMachine_purple+1","Boundary_of_Extermination_purpleEX+1","CommonSense_AntiCommonSense_purple+1","Boundary_of_Extermination_purpleEX+1","Price_of_realm_purpleEX","Eternal Feather","Potion Belt","Centennial Puzzle","Juzu Bracelet","Incense Burner","StrikeDummy","Anchor","Sundial","Gremlin Horn","Molten Egg 2","Ginger","Bronze Scales","Singing Bowl","Lantern","Kunai","Bag of Preparation","Strange Spoon","Meat on the Bone","PreservedInsect","Boot","SharpContractionReality_purple+1","Charmbait_purple+1","MNeedle_purple+1","OmniscientAndOmnipotent_Monster_purple+1","Ice Cream","Blue Candle","Oddly Smooth Stone","ClockworkSouvenir","Pear","Toy Ornithopter","Omamori","Nunchaku","Toxic Egg 2","Akabeko","Bag of Marbles","Parasol_purpleEX","Boundary_of_Extermination_purpleEX+1","Boundary_of_Extermination_purpleEX+1","CommonSense_AntiCommonSense_purple+1","Fantasy_PerpetualMotionMachine_purple+1","Boundary_of_Extermination_purpleEX+1","WatchEChange_purple+1","StateErode_purple+1"],"campfire_rested":0,"item_purchase_floors":[19,19,19,19,19,19,19,19,19,19,19,19,19,19,19,21,21,21,21,21,21,21,21,21,21,21,21,21,21,21,21,21,21,21,21,21,21,21,21,21,21,21,28,28,28,28,28,28,28,28,28,28,28,37,37,37,37,37,37,37,37,48,48,48,48,48,48,48,48,48,48,53],"current_hp_per_floor":[70,70,70,70,59,59,25,25,25,13,14,18,18,18,18,31,70,70,70,70,70,72,51,66,72,72,50,50,50,50,63,74,74,74,74,78,88,88,90,90,90,90,90,90,90,92,92,92,92,92,92,92,92,92,92],"gold":55,"neow_bonus":"THREE_ENEMY_KILL","is_daily":false,"chose_seed":false,"campfire_upgraded":8,"win_rate":0.0,"timestamp":1610540829,"path_taken":["M","M","?","M","?","R","E","R","T","E","?","M","R","M","R","BOSS","M","$","M","?","M","E","R","M","T","?","$","?","?","M","R","BOSS","M","M","$","M","?","E","?","R","T","M","R","M","E","$","R","BOSS","R","$","E","BOSS"],"items_purchased_type":["Card","Relic","Relic","Relic","Relic","Relic","Relic","Relic","Relic","Relic","Relic","Relic","Relic","Relic","Relic","Relic","Relic","Relic","Relic","Relic","Relic","Relic","Card","Card","Card","Card","Card","Card","Card","Relic","Relic","Relic","Relic","Relic","Relic","Relic","Relic","Relic","Relic","Relic","Relic","Relic","Relic","Relic","Relic","Relic","Relic","Relic","Relic","Card","Card","Card","Card","Relic","Relic","Relic","Relic","Relic","Relic","Relic","Relic","Relic","Relic","Relic","Relic","Card","Card","Card","Card","Card","Card","Card"],"build_version":"2020-12-22","purchased_purges":2,"victory":true,"max_hp_per_floor":[70,70,70,70,70,70,70,70,70,70,70,70,70,70,70,70,70,70,70,70,70,72,72,72,72,72,72,72,72,72,74,74,74,74,76,78,88,88,90,90,90,90,90,90,90,92,92,92,92,92,92,92,92,92,92],"card_choices":[{"not_picked":["Realm_recovery_purpleEX","Line_surface_state_purple"],"picked":"RuleDissolution_purple","floor":1.0},{"not_picked":["WatchEChange_purple","RealityDreamConfluencek_purple"],"picked":"Mirror_FourBoundary_purple","floor":2.0},{"not_picked":["Worldmountain_purple","Mirror_FourBoundary_purple"],"picked":"OmniscientAndOmnipotent_Monster_purple","floor":4.0},{"not_picked":["Worldmountain_purple","ExistenceContinue_purple"],"picked":"MeetDecomposer_purple","floor":7.0},{"not_picked":["WeekHit_purple","Charmbait_purple"],"picked":"Mirror_WaveAndshot_purple","floor":10.0},{"not_picked":["MonsterNeedle_purple","PositiveMatter_Antimatter_Universe_purple"],"picked":"WorldDissolvedintheRealm_purple","floor":11},{"not_picked":["RuptureOfTimeAndSpace_purple","SharpContractionReality_purple"],"picked":"Boundary_DreamRealityDamnation_purple","floor":12},{"not_picked":["DimensionStaggered_purple","AdvanceAttack_purple"],"picked":"CommonSense_AntiCommonSense_purple","floor":14},{"not_picked":["BarrageBoundary_PipeDream_purple","LoveAcrossDimensions_purple"],"picked":"Monsters_DoubleDeathButterfly_purple","floor":16},{"not_picked":["RuleDissolution_purple","MeetDecomposer_purple"],"picked":"OmniscientAndOmnipotent_Monster_purple","floor":18},{"not_picked":["Bait_Toxicbait_purple","Boundary_ObjectiveBoundary_purple+1","RuleDissolution_purple"],"picked":"Photoelasticity_Doppler_Effect_purple+1","floor":20},{"not_picked":["StateErode_purple+1","Extrememeaning_purpleEX+1","StateDuplicate_purple+1","Umbrella_purple+1"],"picked":"Singing Bowl","floor":22},{"not_picked":["OmniscientAndOmnipotent_Monster_purple+1","RuleDissolution_purple","Umbrella_purple+1"],"picked":"Theboundaryofcreation_purpleEX","floor":23},{"not_picked":["Photoelasticity_Doppler_Effect_purple+1","Realm_recovery_purpleEX","ExistenceContinue_purple+1"],"picked":"ExternalForce_HighSpeedFlying_purple+1","floor":25},{"not_picked":["Mirror_FormAndEmptin_purple","Line_surface_state_purple+1","ExistenceContinue_purple+1","SfantasyHide_purple+1"],"picked":"Singing Bowl","floor":31},{"not_picked":["Human_Monster_Realm_purple","Know_ledgeAbilityRealm_purple+1","Price_of_realm_purpleEX"],"picked":"ContainerChange_purple+1","floor":33},{"not_picked":["Umbrella_purple+1","Boundary_DynamicStaticEquilibrium_purple+1","Shallow_ocean_purpleEX+1","Charmbait_purple+1"],"picked":"Singing Bowl","floor":35},{"not_picked":["Worldmountain_purple+1","MNeedle_purple+1","Boundary_DreamRealityDamnation_purple+1","ExistenceContinue_purple+1"],"picked":"Singing Bowl","floor":36},{"not_picked":["ExternalForce_HighSpeedFlying_purple+1","DimensionStaggered_purple+1","Mirror_FormAndEmptin_purple"],"picked":"MetroBOOM_purple+1","floor":38},{"not_picked":["MNeedle_purple+1","Umbrella_purple+1","RuleDissolution_purple","Mirror_FormAndEmptin_purple+1"],"picked":"Singing Bowl","floor":39},{"not_picked":["RuptureOfTimeAndSpace_purple+1","OmniscientAndOmnipotent_Monster_purple+1","ButterflyHabitatTemple_purple"],"picked":"PurpleNeedle_purple+1","floor":40},{"not_picked":["Boundary_LightAndDark_purple","RuleDissolution_purple+1","Charmbait_purple+1"],"picked":"Monsters_DoubleDeathButterfly_purple+1","floor":44},{"not_picked":["Shallow_ocean_purpleEX+1","SfantasyHide_purple+1","WatchEChange_purple","AdvanceAttack_purple+1"],"picked":"Singing Bowl","floor":46},{"not_picked":["OpenedBox_purple+1","ExistenceContinue_purple+1","PurpleNeedle_purple+1"],"picked":"Computing_the_future_purpleEX+1","floor":47},{"not_picked":["Mirror_FormAndEmptin_purple+1","StateDuplicate_purple+1","RuleDissolution_purple+1"],"picked":"RuptureOfTimeAndSpace_purple+1","floor":54}],"player_experience":588157,"relics_obtained":[{"floor":7.0,"key":"Pantograph"},{"floor":10.0,"key":"The Courier"},{"floor":23,"key":"Happy Flower"},{"floor":26,"key":"Regal Pillow"},{"floor":26,"key":"Blood Vial"},{"floor":30,"key":"Pen Nib"},{"floor":30,"key":"Bottled Tornado"},{"floor":39,"key":"Lizard Tail"},{"floor":40,"key":"War Paint"},{"floor":43,"key":"Mummified Hand"},{"floor":47,"key":"InkBottle"},{"floor":54,"key":"Turnip"}],"event_choices":[{"cards_removed":["AT_purpleEX"],"damage_healed":0.0,"max_hp_gain":0.0,"max_hp_loss":0.0,"gold_gain":0.0,"event_name":"The Cleric","player_choice":"Card Removal","floor":3.0,"gold_loss":50.0,"damage_taken":0.0},{"damage_healed":0.0,"max_hp_gain":0.0,"max_hp_loss":0.0,"gold_gain":75.0,"event_name":"World of Goop","player_choice":"Gather Gold","floor":5.0,"gold_loss":0.0,"damage_taken":11.0},{"damage_healed":0,"gold_gain":0,"player_choice":"Obtained Relic","damage_taken":0,"relics_obtained":["Dream Catcher"],"max_hp_gain":0,"max_hp_loss":0,"event_name":"Addict","floor":29,"gold_loss":85},{"damage_healed":0,"gold_gain":0,"player_choice":"Fight","damage_taken":0,"max_hp_gain":0,"max_hp_loss":0,"event_name":"MindBloom","floor":39,"gold_loss":0},{"damage_healed":0,"gold_gain":0,"player_choice":"Paid","damage_taken":0,"relics_obtained":["Red Mask"],"max_hp_gain":0,"max_hp_loss":0,"event_name":"Tomb of Lord Red Mask","floor":41,"gold_loss":110}],"is_beta":false,"boss_relics":[{"not_picked":["Tiny House","Runic Pyramid"],"picked":"Pandora\u0027s Box"},{"not_picked":["Empty Cage","Black Star"],"picked":"SlaversCollar"}],"items_purged_floors":[19,21],"is_endless":false,"potions_floor_spawned":[4,7,16,20,22,38,46],"ascension_level":0}}