{"host":"0jile2yd1dg679g0","time":1610508362,"event":{"mods":["AchievementEnabler","Act Like it!","BaseMod","Better Third Choice","Colored Map","Colored Powertips","Gensokyo","Hermit","Luminous","Marisa????????","Minty Spire (QoL Compilation)","Random Character Button","Spicy Shops","StSLib","The Servant 0.9.4","Transform Curses","Waifu the Spire"],"gold_per_floor":[115,27,27,44,58,93,93,93,93],"floor_reached":8,"language":"ENG","playtime":713,"items_purged":[],"score":70,"play_id":"c09aea87-8a43-4e18-abee-2d3ee08006d1","local_time":"20210112222602","is_ascension_mode":true,"campfire_choices":[{"data":"Storm of Steel","floor":7,"key":"SMITH"}],"circlet_count":0,"master_deck":["Strike_G","Strike_G","Strike_G","Strike_G","Strike_G","Defend_G","Defend_G","Defend_G","Defend_G","Defend_G","Survivor","Neutralize","Shame","Crippling Poison+1","Bandage Up","Backflip","Dodge and Roll","Storm of Steel+1"],"relics":["Ring of the Snake","Ginger","Turnip"],"acts_visited":["Exordium"],"potions_floor_usage":[6,6],"damage_taken":[{"damage":0.0,"enemies":"Small Slimes","floor":1.0,"turns":4.0},{"damage":4.0,"enemies":"Cultist","floor":4.0,"turns":4.0},{"damage":6,"enemies":"2 Louse","floor":5,"turns":2},{"damage":23,"enemies":"3 Sentries","floor":6,"turns":12},{"damage":54,"enemies":"Lagavulin","floor":8,"turns":6}],"seed_played":"3545199984670479443","potions_obtained":[{"floor":1.0,"key":"ColorlessPotion"},{"floor":5,"key":"CunningPotion"}],"is_trial":false,"path_per_floor":["M","$","?","M","M","E","R","E"],"character_chosen":"THE_SILENT","items_purchased":["Bandage Up"],"campfire_rested":0,"item_purchase_floors":[2],"current_hp_per_floor":[70,70,70,66,60,41,41,0,0],"gold":93,"neow_bonus":"ONE_RARE_RELIC","is_daily":false,"chose_seed":false,"campfire_upgraded":1,"win_rate":0.0,"timestamp":1610508362,"path_taken":["M","$","?","?","M","E","R","E"],"items_purchased_type":["Card"],"build_version":"2020-12-22","purchased_purges":0,"victory":false,"max_hp_per_floor":[70,70,70,70,70,70,70,70,70],"card_choices":[{"not_picked":["Setup","Underhanded Strike"],"picked":"Crippling Poison","floor":1.0},{"not_picked":["Sucker Punch","Slice"],"picked":"Backflip","floor":4},{"not_picked":["Acrobatics","Expertise"],"picked":"Dodge and Roll","floor":5},{"not_picked":["Underhanded Strike","Terror"],"picked":"Storm of Steel","floor":6}],"player_experience":275263,"relics_obtained":[{"floor":6,"key":"Turnip"}],"event_choices":[{"damage_healed":0.0,"max_hp_gain":0.0,"max_hp_loss":0.0,"gold_gain":0.0,"event_name":"Accursed Blacksmith","player_choice":"Forge","floor":3.0,"gold_loss":0.0,"damage_taken":0.0,"cards_upgraded":["Crippling Poison"]}],"is_beta":false,"boss_relics":[],"items_purged_floors":[],"is_endless":false,"potions_floor_spawned":[1,5],"killed_by":"Lagavulin","ascension_level":5}}