{"host":"y9jgkjnf95sujozk","time":1610550644,"event":{"mods":["2.2 Compatiblity","AchievementEnabler","Act Like it!","BaseMod","Block Reminder","Colored Map","Colored Powertips","Decade(王小明)","Downfall","Friendly Minions","Gensokyo","GifTheSpireLib","Hallownest","Hermit","Highlight Path","HololiveMod","Hubris","Infinite Spire","Jorbs\u0027s Wanderer Trilogy","Koishi","Marisa（霧雨　魔理沙）","Minty Spire (QoL Compilation)","Quick Restart","Random Character Button","Rare Cards Sparkle","Reimu（博??梦）","Remilia（蕾米莉?）","Replay The Spire","Shop Mod","StSLib","SuperFastMode","The Animator","The Bug Knight","The Cursed","The Disciple","The Hierophant","The Jungle","The Senshi","The Servant 0.9.4"],"gold_per_floor":[115,115,5,19,35,35,35,35,89,89,89,112,112,132,132,144,144],"floor_reached":16,"language":"ENG","playtime":450,"items_purged":[],"score":90,"play_id":"ab1a6049-9316-41af-b378-6e70970d8056","local_time":"20210113161044","is_ascension_mode":false,"campfire_choices":[{"data":"AlternateTimeline","floor":8,"key":"SMITH"},{"data":"Echoward","floor":10,"key":"SMITH"},{"floor":13,"key":"REST"},{"floor":15,"key":"REST"}],"circlet_count":0,"master_deck":["Strike_Br","Strike_Br","Strike_Br","Strike_Br","Defend_Br","Defend_Br","Defend_Br","Defend_Br","SecondHand","PatternShift","DaylightSavings","Echoward+1","AlternateTimeline+1","Regret","Stagnate","PrimeTime"],"relics":["Chronometer","NeowsBlessing","hubris:Icosahedron","Replay:Bandana","ScarletDevilRocket","ReplayTheSpireMod:Shallot"],"acts_visited":["Exordium"],"potions_floor_usage":[],"damage_taken":[{"damage":0.0,"enemies":"Cultist","floor":1.0,"turns":1.0},{"damage":0,"enemies":"2 Louse","floor":4,"turns":1},{"damage":0,"enemies":"infinitespire:Voidling","floor":5,"turns":1},{"damage":36,"enemies":"Gremlin Gang","floor":12,"turns":12},{"damage":18,"enemies":"3 Louse","floor":14,"turns":9},{"damage":56,"enemies":"Hexaghost","floor":16,"turns":12}],"seed_played":"-666134271428174883","potions_obtained":[{"floor":14,"key":"GamblersBrew"}],"is_trial":false,"path_per_floor":["M","?","?","M","M","$","?","R","T","R","?","M","R","M","R","B"],"character_chosen":"CHRONO_CLASS","items_purchased":[],"campfire_rested":2,"item_purchase_floors":[],"current_hp_per_floor":[65,65,65,65,65,65,65,65,65,65,65,29,48,30,49,0,0],"gold":144,"neow_bonus":"THREE_ENEMY_KILL","is_daily":false,"chose_seed":false,"campfire_upgraded":2,"win_rate":0.0,"timestamp":1610550644,"path_taken":["M","?","?","?","M","?","?","R","T","R","?","M","R","M","R","BOSS"],"items_purchased_type":[],"build_version":"2020-12-22","purchased_purges":0,"victory":false,"max_hp_per_floor":[65,65,65,65,65,65,65,65,65,65,65,65,65,65,65,65,65],"card_choices":[{"not_picked":["PrimeTime","ExoVibe"],"picked":"DaylightSavings","floor":1.0},{"not_picked":["Facsimile","Backlash"],"picked":"Echoward","floor":4},{"not_picked":["EscortCommand","LockedAnchor"],"picked":"AlternateTimeline","floor":5},{"not_picked":["HandsUpB","Parity"],"picked":"Stagnate","floor":12},{"not_picked":["AlternateTimeline","LockedFlame"],"picked":"PrimeTime","floor":14}],"player_experience":145295,"relics_obtained":[{"floor":9,"key":"ScarletDevilRocket"}],"event_choices":[{"damage_healed":0,"gold_gain":0,"player_choice":"Paid Gold","damage_taken":0,"relics_obtained":["Replay:Bandana"],"max_hp_gain":0,"max_hp_loss":0,"event_name":"WeMeetAgain","floor":3,"gold_loss":110},{"damage_healed":0,"gold_gain":0,"player_choice":"Ignored","damage_taken":0,"max_hp_gain":0,"max_hp_loss":0,"event_name":"Golden Wing","floor":7,"gold_loss":0},{"damage_healed":0,"gold_gain":0,"player_choice":"Box","damage_taken":0,"relics_obtained":["ReplayTheSpireMod:Shallot"],"max_hp_gain":0,"max_hp_loss":0,"event_name":"Big Fish","floor":11,"gold_loss":0,"cards_obtained":["Regret"]}],"is_beta":false,"boss_relics":[],"items_purged_floors":[],"is_endless":false,"potions_floor_spawned":[14],"killed_by":"Hexaghost","ascension_level":0}}