{"host":"guwca93h2ke9l2g3","time":1610515477,"event":{"mods":["100% Spire Juice","2.2 Compatiblity","Act Like it!","Arknights The Spire","Aspiration","BaseMod","Better Skull","ChefMod","Colored Powertips","Conspire","Dark Map","Downfall","Fox Events","GungeonMod","Halation","Hallownest","HololiveMod","Hubris","Infinite Spire","Lobotomy","LobotomyExtend","Marked Mod","Minty Spire (QoL Compilation)","Permanent Neow","Potionbrewer","Prisma Mod","Quick Restart","Relic Sorter","Relic Stats","Replay The Spire","Robot Space Explorer","Shade Mod","Spicy Shops","StSLib","The Alterego","The Animator","The Bug Knight","The Cursed","The Marked","The Mystic","The Necromancer","The Poker Player","TheVacant","TheWitcher","Waifu the Spire","WarShipGirlsR/????R mod","Yakumo Yukari mod","Yuri Mod","vexMod"],"gold_per_floor":[116,116,1,49,64,98,38,38,186,286,286,315,315,348,348,448,548,548,101,101,120,156,156,156,169,169,169,169,169],"floor_reached":28,"language":"ENG","playtime":2304,"items_purged":["DemoMod:Strike_Huntress"],"score":330,"play_id":"beccc02e-7568-4526-9099-3dd485f6a65d","local_time":"20210112232437","is_ascension_mode":false,"campfire_choices":[{"data":"DemoMod:Polaris","floor":8,"key":"SMITH"},{"floor":13,"key":"RECALL"},{"data":"DemoMod:CrossBow","floor":15,"key":"SMITH"},{"data":"DemoMod:HungryBullets","floor":23,"key":"SMITH"},{"floor":27,"key":"REST"}],"circlet_count":0,"master_deck":["DemoMod:Strike_Huntress","DemoMod:Defend_Huntress","DemoMod:Defend_Huntress","DemoMod:Defend_Huntress","DemoMod:Defend_Huntress","DemoMod:Roll","DemoMod:ManualReload","DemoMod:CrossBow+1","DemoMod:Polaris+1","DemoMod:SkilledReload+1","DemoMod:BlankBullets","DemoMod:StrategicReserve","DemoMod:HungryBullets+1","DemoMod:PotionOfGunFriendShip"],"relics":["DemoMod:Dog","hubris:Icosahedron","aspiration:Nostalgia","HonorFeather","mysticmod:SpellBook","LetterFromLob","foxEvents:LuckyCharm","DemoMod:CrisisStone","Mirror","potionbrewer:ToyAutogyro","HollowMod:PaleOreRelic","conspire:SeveredTorchhead","infinitespire:Lucky Rock","Lee\u0027s Waffle","DemoMod:GlassGuonStoneRelic"],"acts_visited":["Exordium","TheCity","TheCity"],"potions_floor_usage":[12,18,18],"damage_taken":[{"damage":0,"enemies":"2 Louse","floor":1,"turns":2},{"damage":16,"enemies":"Colosseum Slavers","floor":4,"turns":3},{"damage":4,"enemies":"Cultist","floor":5,"turns":4},{"damage":16,"enemies":"3 Sentries","floor":6,"turns":8},{"damage":0,"enemies":"Lagavulin","floor":12,"turns":2},{"damage":0,"enemies":"Gremlin Nob","floor":14,"turns":2},{"damage":0,"enemies":"Slime Boss","floor":16,"turns":2},{"damage":47,"enemies":"3 Byrds","floor":18,"turns":2},{"damage":1,"enemies":"3 Byrds","floor":21,"turns":4},{"damage":0,"enemies":"conspire:FuzzyDice","floor":22,"turns":2},{"damage":6,"enemies":"Centurion and Healer","floor":25,"turns":5},{"damage":10,"enemies":"DemoMod:Veteran_shot_gun_kin_and_bullet_kin","floor":28,"turns":2}],"seed_played":"-1830067729476287280","potions_obtained":[{"floor":6,"key":"Energy Potion"},{"floor":14,"key":"Dexterity Potion"},{"floor":16,"key":"Adrenaline Potion"},{"floor":21,"key":"PowerPotion"}],"is_trial":false,"path_per_floor":["M","?","$","?","M","E","$","R","T","T","?","E","R","E","R","B",null,"M","$","?","M","M","R","?","M","T","R","M"],"character_chosen":"HUNTRESS","items_purchased":["DemoMod:GnawedKey","DemoMod:SkilledReload+1","infinitespire:Lucky Rock","DemoMod:StrategicReserve","Lee\u0027s Waffle"],"campfire_rested":1,"item_purchase_floors":[3,7,19,19,19],"current_hp_per_floor":[70,70,70,54,50,34,34,34,34,34,34,34,34,34,34,34,70,1,8,8,7,7,8,8,2,8,8,0,0],"gold":169,"neow_bonus":"NOSTALGIA","is_daily":false,"chose_seed":false,"campfire_upgraded":3,"win_rate":0.0,"timestamp":1610515477,"path_taken":["M","?","$","?","M","E","?","R","T","?","?","E","R","E","R","BOSS","M","$","?","M","M","R","?","M","T","R","M"],"items_purchased_type":["Relic","Card","Relic","Card","Relic"],"build_version":"2020-12-22","purchased_purges":1,"victory":false,"max_hp_per_floor":[70,70,70,70,70,70,70,70,70,70,70,70,70,70,70,70,70,1,8,8,8,8,8,8,8,8,8,8,8],"relic_stats":{"Lee\u0027s Waffle":7,"counters":[12,38],"obtain_stats":[{"HonorFeather":18,"Lee\u0027s Waffle":19,"DemoMod:Dog":0,"aspiration:Nostalgia":0,"mysticmod:SpellBook":0,"DemoMod:GlassGuonStoneRelic":5,"infinitespire:Lucky Rock":19,"potionbrewer:ToyAutogyro":12,"conspire:SeveredTorchhead":17,"DemoMod:CrisisStone":6,"hubris:Icosahedron":24,"LetterFromLob":1,"DemoMod:GnawedKey":3,"foxEvents:LuckyCharm":4,"HollowMod:PaleOreRelic":14,"Mirror":10},{"HonorFeather":8,"Lee\u0027s Waffle":8,"DemoMod:Dog":0,"aspiration:Nostalgia":0,"mysticmod:SpellBook":0,"DemoMod:GlassGuonStoneRelic":3,"infinitespire:Lucky Rock":8,"potionbrewer:ToyAutogyro":5,"conspire:SeveredTorchhead":7,"DemoMod:CrisisStone":4,"hubris:Icosahedron":10,"LetterFromLob":1,"DemoMod:GnawedKey":1,"foxEvents:LuckyCharm":2,"HollowMod:PaleOreRelic":6,"Mirror":4},{"HonorFeather":25,"Lee\u0027s Waffle":25,"DemoMod:Dog":0,"aspiration:Nostalgia":0,"mysticmod:SpellBook":0,"DemoMod:GlassGuonStoneRelic":9,"infinitespire:Lucky Rock":25,"potionbrewer:ToyAutogyro":19,"conspire:SeveredTorchhead":23,"DemoMod:CrisisStone":17,"hubris:Icosahedron":31,"LetterFromLob":2,"DemoMod:GnawedKey":2,"foxEvents:LuckyCharm":5,"HollowMod:PaleOreRelic":21,"Mirror":17}]},"card_choices":[{"not_picked":["DemoMod:MegaHand","DemoMod:FastSwitch"],"picked":"DemoMod:Polaris","floor":1},{"not_picked":["DemoMod:StickyCrossBow","DemoMod:JK47","DemoMod:TeaPot"],"picked":"SKIP","floor":5},{"not_picked":["DemoMod:HighKaliber","DemoMod:ConditionalReflex","DemoMod:GunslingerForm"],"picked":"SKIP","floor":6},{"not_picked":["DemoMod:DirectionalPad","DemoMod:TableSutra"],"picked":"DemoMod:Purify","floor":12},{"not_picked":["DemoMod:SAA","DemoMod:StickyCrossBow","DemoMod:EasyReloadBullets"],"picked":"SKIP","floor":14},{"not_picked":["DemoMod:Gungine","DemoMod:ThirdPartyController"],"picked":"DemoMod:BlankBullets","floor":16},{"not_picked":["DemoMod:Unmoved","DemoMod:DirectionalPad","DemoMod:HardPowerCard"],"picked":"SKIP","floor":21},{"not_picked":["DemoMod:Unity","DemoMod:BulletBore"],"picked":"DemoMod:HungryBullets","floor":22},{"not_picked":["DemoMod:StickyCrossBow","DemoMod:DoubleSwitch+1"],"picked":"DemoMod:PotionOfGunFriendShip","floor":25}],"player_experience":292971,"relics_obtained":[{"floor":1,"key":"LetterFromLob"},{"floor":4,"key":"foxEvents:LuckyCharm"},{"floor":6,"key":"DemoMod:CrisisStone"},{"floor":10,"key":"Mirror"},{"floor":12,"key":"potionbrewer:ToyAutogyro"},{"floor":14,"key":"HollowMod:PaleOreRelic"}],"event_choices":[{"damage_healed":0,"gold_gain":0,"player_choice":"Ignored","damage_taken":0,"max_hp_gain":0,"max_hp_loss":0,"event_name":"NoteForYourself","floor":2,"gold_loss":0},{"cards_removed":["DemoMod:RustySidearm"],"damage_healed":0,"gold_gain":0,"player_choice":"Forget","damage_taken":0,"max_hp_gain":0,"max_hp_loss":0,"event_name":"Living Wall","floor":11,"gold_loss":0}],"is_beta":false,"boss_relics":[{"not_picked":["potionbrewer:BhaskarasWheel","halation:HeavySnake"],"picked":"conspire:SeveredTorchhead"}],"items_purged_floors":[19],"is_endless":false,"potions_floor_spawned":[6,14,16,18,21],"killed_by":"DemoMod:Veteran_shot_gun_kin_and_bullet_kin","ascension_level":0}}