{"host":"sdl5b0uiznq00owb","time":1610510773,"event":{"mods":["BaseMod","Minty Spire (QoL Compilation)","Permanent Neow","Relic Stats"],"gold_per_floor":[115,131,143,160,160,160,193,193,218,253,253,282,282,282,282,406,406,429,429,447,298,298,298,332,332,358,372,372,391,5,41,41,169,169,194,194,208,221,221,244,244,282,282,282,306,231,272,288,288,288],"floor_reached":51,"language":"ENG","playtime":4052,"items_purged":["Parasite"],"score":1260,"play_id":"f4f8c816-41bc-4dfb-b75c-e6f9f2fbc05d","local_time":"20210112220613","is_ascension_mode":true,"campfire_choices":[{"data":"Loop","floor":6.0,"key":"SMITH"},{"floor":8.0,"key":"REST"},{"data":"Sweeping Beam","floor":11.0,"key":"SMITH"},{"floor":15.0,"key":"REST"},{"data":"Capacitor","floor":23.0,"key":"SMITH"},{"floor":25.0,"key":"REST"},{"floor":32,"key":"REST"},{"floor":41,"key":"REST"},{"data":"Chill","floor":44,"key":"SMITH"},{"floor":49,"key":"REST"}],"circlet_count":0,"master_deck":["AscendersBane","Defend_B","Defend_B+1","Zap","Dualcast+1","Loop+1","Ball Lightning","Cold Snap","Glacier","Sweeping Beam+1","Compile Driver","Echo Form","Cold Snap+1","FTL+1","White Noise+1","Fusion+1","Conserve Battery","Coolheaded+1","Redo+1","Capacitor+1","Barrage","Self Repair","Glacier","Defragment","Conserve Battery+1","Biased Cognition","Chill+1","Doom and Gloom"],"relics":["SlaversCollar","War Paint","Vajra","Akabeko","Prayer Wheel","Golden Idol","Astrolabe","Lantern","Oddly Smooth Stone","DollysMirror","Bag of Preparation","Cables","Busted Crown","Nunchaku","Symbiotic Virus","Molten Egg 2"],"acts_visited":["Exordium","TheCity","TheBeyond"],"potions_floor_usage":[50],"damage_taken":[{"damage":4.0,"enemies":"Small Slimes","floor":1.0,"turns":4.0},{"damage":8.0,"enemies":"Jaw Worm","floor":2.0,"turns":5.0},{"damage":5.0,"enemies":"2 Louse","floor":3.0,"turns":2.0},{"damage":8.0,"enemies":"2 Fungi Beasts","floor":4.0,"turns":5.0},{"damage":8.0,"enemies":"3 Sentries","floor":7.0,"turns":10.0},{"damage":0.0,"enemies":"Lagavulin","floor":10.0,"turns":6.0},{"damage":1.0,"enemies":"Gremlin Nob","floor":12.0,"turns":4.0},{"damage":9.0,"enemies":"The Guardian","floor":16.0,"turns":10.0},{"damage":2.0,"enemies":"Chosen","floor":18.0,"turns":5.0},{"damage":16.0,"enemies":"2 Thieves","floor":20.0,"turns":3.0},{"damage":18.0,"enemies":"Book of Stabbing","floor":24.0,"turns":7.0},{"damage":36.0,"enemies":"3 Cultists","floor":27.0,"turns":5.0},{"damage":0.0,"enemies":"Cultist and Chosen","floor":29.0,"turns":8.0},{"damage":22,"enemies":"Slavers","floor":31,"turns":8},{"damage":0,"enemies":"Automaton","floor":33,"turns":13},{"damage":17,"enemies":"3 Darklings","floor":35,"turns":4},{"damage":16,"enemies":"3 Shapes","floor":37,"turns":6},{"damage":38,"enemies":"Jaw Worm Horde","floor":38,"turns":6},{"damage":1,"enemies":"Writhing Mass","floor":40,"turns":9},{"damage":0,"enemies":"Giant Head","floor":42,"turns":8},{"damage":5,"enemies":"3 Darklings","floor":45,"turns":6},{"damage":24,"enemies":"Nemesis","floor":47,"turns":8},{"damage":43,"enemies":"Jaw Worm Horde","floor":48,"turns":6},{"damage":17,"enemies":"Donu and Deca","floor":50,"turns":10}],"seed_played":"-7997685102108993150","potions_obtained":[{"floor":2.0,"key":"Fire Potion"},{"floor":3.0,"key":"SkillPotion"},{"floor":27.0,"key":"SkillPotion"},{"floor":31,"key":"Ancient Potion"},{"floor":33,"key":"SkillPotion"},{"floor":35,"key":"DuplicationPotion"}],"is_trial":false,"path_per_floor":["M","M","M","M","?","R","E","R","T","E","R","E","?","?","R","B",null,"M","?","M","$","?","R","E","R","T","M","?","M","$","E","R","B",null,"M","$","M","M","?","M","R","E","T","R","M","$","E","M","R","B",null],"character_chosen":"DEFECT","items_purchased":["Block Potion","Capacitor","Barrage","DollysMirror","Defragment","Bag of Preparation"],"campfire_rested":6,"item_purchase_floors":[21,21,21,30,30,30],"current_hp_per_floor":[64,56,51,43,43,43,35,57,57,57,57,56,38,31,53,44,67,65,65,49,49,49,49,31,53,53,17,17,24,24,9,31,38,66,56,56,47,23,23,29,51,65,65,65,67,67,50,21,42,32],"gold":288,"neow_bonus":"BOSS_RELIC","is_daily":false,"chose_seed":false,"campfire_upgraded":4,"win_rate":0.0,"timestamp":1610510773,"path_taken":["M","M","M","M","?","R","E","R","T","E","R","E","?","?","R","BOSS","M","?","M","$","?","R","E","R","T","M","?","?","$","E","R","BOSS","M","$","M","M","?","M","R","E","T","R","M","$","E","M","R","BOSS"],"items_purchased_type":["Potion","Card","Card","Relic","Card","Relic"],"build_version":"2020-12-22","purchased_purges":1,"victory":true,"max_hp_per_floor":[75,75,75,75,75,75,75,75,75,75,75,75,75,75,75,75,75,75,75,75,75,75,75,75,75,75,75,75,75,75,75,75,75,75,75,75,75,75,75,75,75,75,75,75,75,72,72,72,72,72],"relic_stats":{"Nunchaku":[6],"Busted Crown":28,"counters":[24,157],"Golden Idol":146,"Astrolabe":["Cold Snap","FTL","White Noise"],"Prayer Wheel":10,"Bag of Preparation":[22],"War Paint":["Dualcast","Defend_B"],"obtain_stats":[{"Lantern":24,"Golden Idol":13,"Astrolabe":17,"Vajra":9,"Oddly Smooth Stone":26,"Bag of Preparation":30,"War Paint":7,"Akabeko":10,"Cables":31,"SlaversCollar":0,"Nunchaku":42,"Busted Crown":34,"DollysMirror":30,"Prayer Wheel":12,"Molten Egg 2":47,"Cracked Core":0,"Symbiotic Virus":43},{"Lantern":11,"Golden Idol":7,"Astrolabe":8,"Vajra":5,"Oddly Smooth Stone":11,"Bag of Preparation":13,"War Paint":5,"Akabeko":6,"Cables":14,"SlaversCollar":0,"Nunchaku":20,"Busted Crown":15,"DollysMirror":13,"Prayer Wheel":7,"Molten Egg 2":22,"Cracked Core":0,"Symbiotic Virus":20},{"Lantern":60,"Golden Idol":35,"Astrolabe":45,"Vajra":25,"Oddly Smooth Stone":60,"Bag of Preparation":73,"War Paint":25,"Akabeko":31,"Cables":81,"SlaversCollar":0,"Nunchaku":127,"Busted Crown":94,"DollysMirror":73,"Prayer Wheel":35,"Molten Egg 2":141,"Cracked Core":0,"Symbiotic Virus":127}],"Cables":[70,17,44,9,0]},"card_choices":[{"not_picked":["Stack","Undo"],"picked":"Loop","floor":1.0},{"not_picked":["Redo","Reprogram"],"picked":"Ball Lightning","floor":2.0},{"not_picked":["Stack","Streamline"],"picked":"Cold Snap","floor":3.0},{"not_picked":["FTL","Beam Cell"],"picked":"Glacier","floor":4.0},{"not_picked":["Steam","Storm"],"picked":"Sweeping Beam","floor":7.0},{"not_picked":["Ball Lightning","Redo"],"picked":"Compile Driver","floor":10.0},{"not_picked":["Double Energy","Reboot"],"picked":"Echo Form","floor":12.0},{"not_picked":["Cold Snap","Conserve Battery"],"picked":"Fusion+1","floor":18.0},{"not_picked":["Leap","Streamline+1"],"picked":"Conserve Battery","floor":18.0},{"not_picked":["White Noise","Tempest"],"picked":"Coolheaded+1","floor":20.0},{"not_picked":["Aggregate+1","Blizzard"],"picked":"Redo+1","floor":20.0},{"not_picked":["Consume","Aggregate+1","Coolheaded"],"picked":"SKIP","floor":24.0},{"not_picked":["Chaos","Steam"],"picked":"Self Repair","floor":27.0},{"not_picked":["Sweeping Beam","Coolheaded","Hologram"],"picked":"SKIP","floor":27.0},{"not_picked":["Streamline","Rainbow","Stack"],"picked":"SKIP","floor":29.0},{"not_picked":["Streamline+1","Stack+1","Sunder"],"picked":"SKIP","floor":29.0},{"not_picked":["Gash","Chaos"],"picked":"Conserve Battery+1","floor":31},{"not_picked":["Thunder Strike","Machine Learning"],"picked":"Biased Cognition","floor":33},{"not_picked":["Auto Shields+1"],"picked":"SKIP","floor":35},{"not_picked":["Gash+1"],"picked":"SKIP","floor":35},{"not_picked":[],"picked":"Chill","floor":37},{"not_picked":["Genetic Algorithm+1"],"picked":"SKIP","floor":37},{"not_picked":["Hello World+1"],"picked":"SKIP","floor":38},{"not_picked":["Genetic Algorithm+1"],"picked":"SKIP","floor":38},{"not_picked":["Sunder"],"picked":"SKIP","floor":40},{"not_picked":["Sweeping Beam+1"],"picked":"SKIP","floor":40},{"not_picked":["Capacitor"],"picked":"SKIP","floor":42},{"not_picked":[],"picked":"Doom and Gloom","floor":45},{"not_picked":["Rebound"],"picked":"SKIP","floor":45},{"not_picked":["Leap+1"],"picked":"SKIP","floor":47},{"not_picked":["Streamline+1"],"picked":"SKIP","floor":48},{"not_picked":["Self Repair"],"picked":"SKIP","floor":48}],"player_experience":792627,"relics_obtained":[{"floor":7.0,"key":"War Paint"},{"floor":9.0,"key":"Vajra"},{"floor":10.0,"key":"Akabeko"},{"floor":12.0,"key":"Prayer Wheel"},{"floor":24.0,"key":"Lantern"},{"floor":26.0,"key":"Oddly Smooth Stone"},{"floor":31,"key":"Cables"},{"floor":42,"key":"Nunchaku"},{"floor":43,"key":"Symbiotic Virus"},{"floor":47,"key":"Molten Egg 2"}],"event_choices":[{"cards_removed":["Strike_B"],"damage_healed":0.0,"max_hp_gain":0.0,"max_hp_loss":0.0,"gold_gain":0.0,"event_name":"Living Wall","player_choice":"Forget","floor":5.0,"gold_loss":0.0,"damage_taken":0.0},{"damage_healed":0.0,"max_hp_gain":0.0,"max_hp_loss":0.0,"gold_gain":0.0,"event_name":"Golden Idol","player_choice":"Take Damage","floor":13.0,"gold_loss":0.0,"damage_taken":18.0,"relics_obtained":["Golden Idol"]},{"cards_removed":["Strike_B"],"damage_healed":0.0,"max_hp_gain":0.0,"max_hp_loss":0.0,"gold_gain":0.0,"event_name":"Golden Wing","player_choice":"Card Removal","floor":14.0,"gold_loss":0.0,"damage_taken":7.0},{"cards_removed":["Defend_B"],"damage_healed":0.0,"max_hp_gain":0.0,"max_hp_loss":0.0,"gold_gain":0.0,"event_name":"Back to Basics","player_choice":"Elegance","floor":19.0,"gold_loss":0.0,"damage_taken":0.0},{"damage_healed":0.0,"max_hp_gain":0.0,"max_hp_loss":0.0,"gold_gain":0.0,"event_name":"Cursed Tome","player_choice":"Ignored","floor":22.0,"gold_loss":0.0,"damage_taken":0.0},{"damage_healed":0.0,"max_hp_gain":0.0,"max_hp_loss":0.0,"gold_gain":0.0,"event_name":"Vampires","player_choice":"Ignored","floor":28.0,"gold_loss":0.0,"damage_taken":0.0},{"damage_healed":0,"gold_gain":0,"player_choice":"Got Potions","damage_taken":0,"max_hp_gain":0,"max_hp_loss":0,"event_name":"Lab","floor":39,"gold_loss":0}],"is_beta":false,"boss_relics":[{"not_picked":["Calling Bell","Nuclear Battery"],"picked":"Astrolabe"},{"not_picked":["Pandora\u0027s Box","Black Star"],"picked":"Busted Crown"}],"items_purged_floors":[46],"is_endless":false,"potions_floor_spawned":[2,3,7,10,12,27,31,33,35,37,40],"ascension_level":11}}