{"host":"s41rn2jhghpwfrvz","time":1610516043,"event":{"mods":["BaseMod","Minty Spire (QoL Compilation)","Quick Restart","Relic Stats","SuperFastMode"],"gold_per_floor":[112,112,132,147,72,72,72],"floor_reached":6,"language":"ENG","playtime":264,"items_purged":["Heatsinks"],"score":72,"play_id":"dc00b78f-2d9e-4d56-ab7a-9f0ecc93ab0d","local_time":"20210113073403","daily_mods":["SealedDeck","Vintage","Diverse"],"is_ascension_mode":true,"campfire_choices":[],"circlet_count":0,"master_deck":["AscendersBane","Choke","Study+1","Reinforced Body","Tactician","Expertise","Pommel Strike","Infinite Blades","Go for the Eyes","Genetic Algorithm+1"],"relics":["Burning Blood","Blood Vial","Meat on the Bone","Champion Belt"],"acts_visited":["Exordium"],"potions_floor_usage":[],"damage_taken":[{"damage":11,"enemies":"2 Louse","floor":1,"turns":4},{"damage":6,"enemies":"Jaw Worm","floor":3,"turns":4},{"damage":11,"enemies":"Small Slimes","floor":4,"turns":5},{"damage":48,"enemies":"3 Sentries","floor":6,"turns":8}],"seed_played":"1133232782155261925","potions_obtained":[{"floor":4,"key":"ElixirPotion"}],"is_trial":true,"path_per_floor":["M","?","M","M","$","E"],"character_chosen":"IRONCLAD","items_purchased":[],"campfire_rested":0,"item_purchase_floors":[],"current_hp_per_floor":[63,40,42,51,51,5,5],"gold":72,"neow_bonus":"","is_daily":false,"chose_seed":false,"campfire_upgraded":0,"win_rate":0.0,"timestamp":1610516043,"path_taken":["M","?","M","M","$","E"],"items_purchased_type":[],"build_version":"2020-12-22","purchased_purges":1,"victory":false,"max_hp_per_floor":[75,75,75,75,75,75,75],"relic_stats":{"Blood Vial":6,"counters":[4,21],"Champion Belt":[0],"obtain_stats":[{"Blood Vial":1,"Champion Belt":4,"Burning Blood":0,"Meat on the Bone":3},{"Blood Vial":1,"Champion Belt":3,"Burning Blood":0,"Meat on the Bone":2},{"Blood Vial":4,"Champion Belt":13,"Burning Blood":0,"Meat on the Bone":8}],"Burning Blood":18,"Meat on the Bone":12},"card_choices":[],"player_experience":1720043,"relics_obtained":[{"floor":1,"key":"Blood Vial"},{"floor":3,"key":"Meat on the Bone"},{"floor":4,"key":"Champion Belt"}],"event_choices":[{"damage_healed":0,"gold_gain":0,"player_choice":"Entered Light","damage_taken":23,"max_hp_gain":0,"max_hp_loss":0,"event_name":"Shining Light","floor":2,"gold_loss":0,"cards_upgraded":["Genetic Algorithm","Study"]}],"is_beta":false,"boss_relics":[],"items_purged_floors":[5],"is_endless":false,"potions_floor_spawned":[4],"killed_by":"3 Sentries","ascension_level":20}}