{"host":"pf47v7h0307523iy","time":1610552309,"event":{"mods":["BaseMod","Minty Spire (QoL Compilation)"],"gold_per_floor":[119,132,12,12,27,27,53,53,76,76,126,158,176,189,189,189,189],"floor_reached":16,"language":"ENG","playtime":575,"items_purged":[],"score":220,"play_id":"8d5b26c5-67e2-4b57-8dcb-9689f9c73d60","local_time":"20210113173829","is_ascension_mode":true,"campfire_choices":[{"data":"Bash","floor":6,"key":"SMITH"},{"floor":8,"key":"REST"},{"data":"Juggernaut","floor":10,"key":"SMITH"},{"data":"1","floor":15,"key":"LIFT"}],"circlet_count":0,"master_deck":["AscendersBane","Strike_R","Strike_R","Strike_R+1","Strike_R","Strike_R","Defend_R","Defend_R","Defend_R+1","Defend_R","Bash+1","Disarm+1","Cleave","Pommel Strike+1","Juggernaut+1","Intimidate+1","Ghostly Armor+1"],"relics":["Black Star","Art of War","Toxic Egg 2","War Paint","Whetstone","Girya","Smiling Mask"],"acts_visited":["Exordium"],"potions_floor_usage":[7,13,16,16],"damage_taken":[{"damage":5,"enemies":"Small Slimes","floor":1,"turns":3},{"damage":4,"enemies":"Cultist","floor":2,"turns":3},{"damage":12,"enemies":"2 Louse","floor":5,"turns":3},{"damage":16,"enemies":"Lagavulin","floor":7,"turns":7},{"damage":30,"enemies":"3 Sentries","floor":12,"turns":6},{"damage":0,"enemies":"Exordium Thugs","floor":13,"turns":5},{"damage":0,"enemies":"2 Fungi Beasts","floor":14,"turns":4},{"damage":23,"enemies":"Hexaghost","floor":16,"turns":9}],"seed_played":"-4569136493919025595","potions_obtained":[{"floor":5,"key":"DuplicationPotion"},{"floor":12,"key":"DistilledChaos"},{"floor":13,"key":"Energy Potion"},{"floor":14,"key":"Explosive Potion"}],"is_trial":false,"path_per_floor":["M","M","?","$","M","R","E","R","T","R","?","E","M","M","R","B"],"character_chosen":"IRONCLAD","items_purchased":[],"campfire_rested":1,"item_purchase_floors":[],"current_hp_per_floor":[63,59,59,59,47,47,31,53,53,53,53,23,23,23,23,0,0],"gold":189,"neow_bonus":"BOSS_RELIC","is_daily":false,"chose_seed":false,"campfire_upgraded":2,"win_rate":0.0,"timestamp":1610552309,"path_taken":["M","M","?","?","?","R","E","R","T","R","?","E","M","M","R","BOSS"],"items_purchased_type":[],"build_version":"2020-12-22","purchased_purges":0,"victory":false,"max_hp_per_floor":[75,75,75,75,75,75,75,75,75,75,75,75,75,75,75,75,75],"card_choices":[{"not_picked":["Clothesline","Inflame"],"picked":"Disarm","floor":1},{"not_picked":["Blood for Blood","Wild Strike"],"picked":"Cleave","floor":2},{"not_picked":["Sword Boomerang","Burning Pact"],"picked":"Pommel Strike","floor":5},{"not_picked":["Double Tap+1","Clothesline"],"picked":"Juggernaut","floor":7},{"not_picked":["Thunderclap","Juggernaut"],"picked":"Intimidate+1","floor":12},{"not_picked":["Metallicize","Body Slam"],"picked":"Ghostly Armor+1","floor":13},{"not_picked":["Anger","Clothesline","Fire Breathing"],"picked":"SKIP","floor":14}],"player_experience":1633468,"relics_obtained":[{"floor":7,"key":"Toxic Egg 2"},{"floor":7,"key":"War Paint"},{"floor":9,"key":"Whetstone"},{"floor":12,"key":"Girya"},{"floor":12,"key":"Smiling Mask"}],"event_choices":[{"damage_healed":0,"gold_gain":0,"player_choice":"Paid Gold","damage_taken":0,"relics_obtained":["Art of War"],"max_hp_gain":0,"max_hp_loss":0,"event_name":"WeMeetAgain","floor":3,"gold_loss":120},{"damage_healed":0,"gold_gain":50,"player_choice":"Pray","damage_taken":0,"max_hp_gain":0,"max_hp_loss":0,"event_name":"Golden Shrine","floor":11,"gold_loss":0}],"is_beta":false,"boss_relics":[],"items_purged_floors":[],"is_endless":false,"potions_floor_spawned":[5,12,13,14],"killed_by":"Hexaghost","ascension_level":20}}