{"host":"s9dep4x43c14s74h","time":1610518099,"event":{"mods":["BaseMod","Downfall","Gremlin Mod","Hermit","HololiveMod","Jorbs\u0027s Wanderer Trilogy","Lobotomy","Marisa????????","Minty Spire (QoL Compilation)","Replay The Spire","StSLib","The Animator","The Bug Knight","The Construct","The Cursed","The Necromancer","The Runesmith","The Servant 0.9.4"],"gold_per_floor":[249,266,280,294,294,406,484,584,596,608,608,628,628,628,628],"floor_reached":13,"language":"RUS","playtime":1005,"items_purged":[],"score":81,"play_id":"68a2845d-49c5-411b-844f-4317bb1b1e0f","local_time":"20210113090819","is_ascension_mode":true,"campfire_choices":[],"circlet_count":0,"master_deck":["hexamod:Strike","hexamod:Strike","hexamod:Strike","hexamod:Strike","hexamod:Defend","hexamod:Defend","hexamod:Defend","hexamod:Defend","hexamod:Sear","hexamod:Float","hexamod:SpectralSpark","hexamod:NightmareGuise","hexamod:Firestarter","hexamod:PhantomFireball","hexamod:ThirdSeal","hexamod:HexaLevel","hexamod:PhantomCloak","hexamod:InspiringFlames","Writhe","hexamod:Sear","expansioncontent:YouAreMine","hexamod:NecessarySacrifice","hexamod:GhostOfSpirePresent","hexamod:NightmareGuise","hexamod:SuperheatedStrike","hexamod:EmpoweredFlame","Parasite","hexamod:SpectralSpark"],"relics":["hexamod:SpiritBrand","Onion Ring","downfall:GremlinSack"],"acts_visited":["Exordium"],"potions_floor_usage":[12],"damage_taken":[{"damage":0.0,"enemies":"Small Slimes","floor":2.0,"turns":4.0},{"damage":0.0,"enemies":"2 Louse","floor":3.0,"turns":2.0},{"damage":0.0,"enemies":"Cultist","floor":4.0,"turns":3.0},{"damage":24.0,"enemies":"Cultist","floor":8.0,"turns":4.0},{"damage":18.0,"enemies":"Large Slime","floor":9.0,"turns":6.0},{"damage":1.0,"enemies":"Exordium Wildlife","floor":10.0,"turns":4.0},{"damage":8,"enemies":"2 Fungi Beasts","floor":12,"turns":4},{"damage":18,"enemies":"Gremlin Nob","floor":13,"turns":3}],"seed_played":"3068123952611710017","potions_obtained":[{"floor":2.0,"key":"Adrenaline Potion"},{"floor":4.0,"key":"LiquidMemories"},{"floor":9.0,"key":"hexamod:DoubleChargePotion"},{"floor":10.0,"key":"SneckoOil"}],"is_trial":false,"path_per_floor":["R","M","M","M","?","?","T","?","M","M","?","M","E"],"character_chosen":"THE_SPIRIT","items_purchased":[],"campfire_rested":0,"item_purchase_floors":[],"current_hp_per_floor":[70,70,70,70,75,45,45,21,3,2,20,12,0,0,0],"gold":628,"neow_bonus":"HUNDRED_GOLD","is_daily":false,"chose_seed":false,"campfire_upgraded":0,"win_rate":0.0,"timestamp":1610518099,"path_taken":["R","M","M","M","?","?","T","?","M","?","?","M","E"],"items_purchased_type":[],"build_version":"2020-12-22","purchased_purges":0,"victory":false,"max_hp_per_floor":[70,70,70,70,75,75,75,75,75,75,75,75,75,75,75],"card_choices":[{"not_picked":["hexamod:DynamicBlow","hexamod:CatchUp"],"picked":"hexamod:SpectralSpark","floor":2.0},{"not_picked":["hexamod:GhostOfSpirePresent","hexamod:FourthSeal"],"picked":"hexamod:NightmareGuise","floor":3.0},{"not_picked":["hexamod:GhostLash","hexamod:RainOfEmbers"],"picked":"hexamod:Firestarter","floor":4.0},{"not_picked":["hexamod:GhostShield","hexamod:BurningTouch"],"picked":"hexamod:PhantomFireball","floor":6.0},{"not_picked":["hexamod:TurnItUp","hexamod:GhostOfSpirePast"],"picked":"hexamod:ThirdSeal","floor":6.0},{"not_picked":["hexamod:RainOfEmbers","hexamod:RecurringNightmare"],"picked":"hexamod:NecessarySacrifice","floor":8.0},{"not_picked":["hexamod:SpectersWail","hexamod:NightmareStrike"],"picked":"hexamod:GhostOfSpirePresent","floor":9.0},{"not_picked":["hexamod:HeatCrush","hexamod:HauntingEcho"],"picked":"hexamod:NightmareGuise","floor":9.0},{"not_picked":["hexamod:FastForward","hexamod:AdvancingGuard"],"picked":"hexamod:SuperheatedStrike","floor":10.0},{"not_picked":["hexamod:ShieldOfDarkness","hexamod:FastForward"],"picked":"hexamod:EmpoweredFlame","floor":10.0},{"not_picked":["hexamod:EmpoweredFlame","hexamod:HexaLevel"],"picked":"hexamod:SpectralSpark","floor":12},{"not_picked":["hexamod:HauntingEcho","hexamod:SpectersWail","hexamod:NightmareGuise"],"picked":"SKIP","floor":12}],"player_experience":867198,"relics_obtained":[{"floor":7.0,"key":"Onion Ring"},{"floor":8.0,"key":"downfall:GremlinSack"}],"event_choices":[{"damage_healed":0.0,"max_hp_gain":5.0,"max_hp_loss":0.0,"gold_gain":0.0,"event_name":"Big Fish","player_choice":"Donut","floor":5.0,"gold_loss":0.0,"damage_taken":0.0},{"damage_healed":18.0,"max_hp_gain":0.0,"max_hp_loss":0.0,"gold_gain":0.0,"event_name":"Mushrooms","player_choice":"Healed and dodged fight","floor":11.0,"gold_loss":0.0,"damage_taken":0.0,"cards_obtained":["Parasite"]}],"is_beta":false,"boss_relics":[],"items_purged_floors":[],"is_endless":false,"potions_floor_spawned":[2,4,9,10],"killed_by":"Gremlin Nob","ascension_level":1}}