{"host":"odz7g4gpgch153rb","time":1610564147,"event":{"mods":["AchievementEnabler","BaseMod","Better Match","Better Third Choice","BetterRewards","GifTheSpireLib","Infinite Spire","Jedi Mod","Minty Spire (QoL Compilation)","Quick Restart","Replay The Spire","Spikes Relics","StSLib","Stuff the Spire","The Blue Laboratory","Trackpad"],"gold_per_floor":[114,16,16,16,16,16,26,61,61,76,76,76,87,118,218,244,244,323,323,335,353,353,365,378,378,389,403,451,463,463],"floor_reached":29,"language":"ENG","playtime":1630,"items_purged":["Strike_P"],"score":569,"play_id":"69287d64-29f1-4ae1-b95d-6c1db4ae1aac","local_time":"20210113135547","is_ascension_mode":true,"campfire_choices":[{"data":"Eruption","floor":12.0,"key":"SMITH"},{"data":"ReplayTheSpireMod:Chaos Vortex","floor":17.0,"key":"SMITH"},{"floor":25.0,"key":"REST"}],"circlet_count":0,"master_deck":["AscendersBane","Strike_P","Strike_P","Strike_P","Defend_P","Defend_P","Defend_P","Defend_P","Eruption+1","Vigilance","FlyingSleeves","SashWhip","ReplayTheSpireMod:Chaos Vortex+1","Protect","FollowUp","TalkToTheHand","TalkToTheHand","Replay:LoomingThreat","Wallop+1","Consecrate","BowlingBash"],"relics":["PureWater","NeowsBlessing","Replay:Multitool","StoneCalendar","trackpad:BottledShadow","Happy Flower","SacredBark","trackpad:WondrousWand","MawBank"],"acts_visited":["Exordium","TheCity"],"potions_floor_usage":[26],"damage_taken":[{"damage":0.0,"enemies":"Cultist","floor":1.0,"turns":1.0},{"damage":0.0,"enemies":"2 Louse","floor":7.0,"turns":2.0},{"damage":0.0,"enemies":"Gremlin Nob","floor":8.0,"turns":1.0},{"damage":0.0,"enemies":"Jaw Worm","floor":10.0,"turns":4.0},{"damage":1.0,"enemies":"Blue Slaver","floor":13.0,"turns":4.0},{"damage":8.0,"enemies":"Lagavulin","floor":14.0,"turns":5.0},{"damage":0.0,"enemies":"Gremlin Nob","floor":16.0,"turns":4.0},{"damage":0.0,"enemies":"Hexaghost","floor":18.0,"turns":7.0},{"damage":0.0,"enemies":"Chosen","floor":20.0,"turns":4.0},{"damage":0.0,"enemies":"3 Byrds","floor":21.0,"turns":5.0},{"damage":29.0,"enemies":"3 Cultists","floor":23.0,"turns":7.0},{"damage":0.0,"enemies":"Centurion and Healer","floor":24.0,"turns":6.0},{"damage":17,"enemies":"Sentry and Sphere","floor":26,"turns":7},{"damage":0,"enemies":"Cultist and Chosen","floor":27,"turns":4},{"damage":45,"enemies":"Gremlin Leader","floor":29,"turns":7}],"seed_played":"-5475323850940755318","potions_obtained":[{"floor":7.0,"key":"Weak Potion"},{"floor":10.0,"key":"SpeedPotion"},{"floor":14.0,"key":"blueLaboratory:PhilterOfMotion"},{"floor":24.0,"key":"Elixir"},{"floor":26,"key":"FearPotion"}],"is_trial":false,"path_per_floor":["M","$","?","$","PTL","PTL","M","E","$","M","T","R","M","E","?","E","R","B",null,"M","M","?","M","M","R","M","M","T","E"],"character_chosen":"WATCHER","items_purchased":["SashWhip"],"campfire_rested":1,"item_purchase_floors":[2],"current_hp_per_floor":[65,65,47,47,47,47,47,47,47,47,47,47,46,38,38,38,38,38,64,64,64,64,35,35,56,39,39,39,0,0],"gold":463,"neow_bonus":"THREE_ENEMY_KILL","is_daily":false,"chose_seed":false,"campfire_upgraded":2,"win_rate":0.0,"timestamp":1610564147,"path_taken":["M","?","?","?","PTL","PTL","?","E","$","M","T","R","M","E","?","E","R","BOSS","M","?","?","?","M","R","M","M","T","E"],"items_purchased_type":["Card"],"build_version":"2020-12-22","purchased_purges":1,"victory":false,"max_hp_per_floor":[72,72,72,72,72,72,72,72,72,72,72,72,72,72,72,72,72,72,72,72,72,72,72,72,72,72,72,72,72,72],"card_choices":[{"not_picked":["Replay:AtTheReady","Wireheading"],"picked":"FlyingSleeves","floor":1.0},{"not_picked":["infinitespire:Execution","infinitespire:Fortify"],"picked":"ReplayTheSpireMod:Chaos Vortex","floor":3.0},{"not_picked":["WheelKick","Tantrum"],"picked":"Protect","floor":7.0},{"not_picked":["Sanctity","Evaluate","PathToVictory"],"picked":"SKIP","floor":8.0},{"not_picked":["Evaluate","ClearTheMind","CrushJoints"],"picked":"SKIP","floor":10.0},{"not_picked":["ThirdEye","Replay:DivineShield"],"picked":"FollowUp","floor":13.0},{"not_picked":["FearNoEvil","Replay:Anticipation"],"picked":"TalkToTheHand","floor":14.0},{"not_picked":["BattleHymn","BowlingBash"],"picked":"TalkToTheHand","floor":16.0},{"not_picked":["Scrawl","Vault"],"picked":"Replay:LoomingThreat","floor":18.0},{"not_picked":["EmptyBody","PathToVictory"],"picked":"Wallop+1","floor":20.0},{"not_picked":["Collect","PathToVictory"],"picked":"Consecrate","floor":21.0},{"not_picked":["EmptyFist","Fasting2","PathToVictory"],"picked":"SKIP","floor":23.0},{"not_picked":["Prostrate","CutThroughFate"],"picked":"BowlingBash","floor":24.0},{"not_picked":["Protect","EmptyFist","Replay:AtTheReady"],"picked":"SKIP","floor":26},{"not_picked":["Replay:BluntJabs","WreathOfFlame","CrushJoints"],"picked":"SKIP","floor":27}],"player_experience":1045239,"relics_obtained":[{"floor":8.0,"key":"Replay:Multitool"},{"floor":11.0,"key":"StoneCalendar"},{"floor":14.0,"key":"trackpad:BottledShadow"},{"floor":16.0,"key":"Happy Flower"},{"floor":28,"key":"MawBank"}],"event_choices":[{"damage_healed":0.0,"max_hp_gain":0.0,"max_hp_loss":0.0,"gold_gain":100.0,"event_name":"Golden Shrine","player_choice":"Pray","floor":15.0,"gold_loss":0.0,"damage_taken":0.0}],"is_beta":false,"boss_relics":[{"not_picked":["trackpad:Coffee","StuffTheSpire:ModemDavis"],"picked":"SacredBark"}],"items_purged_floors":[2],"is_endless":false,"potions_floor_spawned":[7,10,14,24,26],"killed_by":"Gremlin Leader","ascension_level":13}}