{"host":"22s5scuj7mu87reg","time":1610574881,"event":{"mods":["BaseMod","Colored Powertips","Dota2Spire","Downfall","Duelist Mod","GungeonMod","Halation","Hubris","Koishi","KomeijiMod","Minty Spire (QoL Compilation)","Replay The Spire","StSLib","SuperFastMode","The Jungle","The Mystic","The Necromancer","Wandering Minibosses"],"gold_per_floor":[139,157,167,267,281,281,311,323,323,323,342,371,390,419,419,520,520,540,556,576,351,251,251,251],"floor_reached":23,"language":"POL","playtime":1996,"items_purged":["theDuelist:CastleWalls","theDuelist:Sparks"],"score":251,"play_id":"27938636-114c-4f11-8808-251ba320df9e","local_time":"20210113225441","is_ascension_mode":true,"campfire_choices":[{"data":"theDuelist:InjectionFairy","floor":6.0,"key":"SMITH"},{"floor":15,"key":"REST"}],"circlet_count":0,"master_deck":["theDuelist:BloodSparks","theDuelist:DarkMagician","theDuelist:MysticalElf","theDuelist:MysticalElf","theDuelist:NeoMagic","theDuelist:NeoMagic","theDuelist:Sparks","theDuelist:SpiritHarp","theDuelist:InvitationDarkSleep","theDuelist:InjectionFairy+1","theDuelist:AncientElf","theDuelist:IcyCrevasse","theDuelist:FairyBox","theDuelist:CircleFireKings","theDuelist:RainbowMagician","theDuelist:BlueDragonSummoner","theDuelist:StatueAnguishPattern","theDuelist:OjamaKing","theDuelist:InjectionFairy","theDuelist:LordD"],"relics":["theDuelist:MillenniumPuzzle","theDuelist:CardPoolRelic","theDuelist:CardPoolBasicRelic","NeowsBlessing","DemoMod:ChaffGrenade","theDuelist:SummonAnchor","Replay:Rubber Ducky","Runic Pyramid","Dota2Spire:LotusOrb"],"acts_visited":["Exordium","TheCity"],"potions_floor_usage":[16],"damage_taken":[{"damage":0.0,"enemies":"Small Slimes","floor":1.0,"turns":2.0},{"damage":0.0,"enemies":"Cultist","floor":2.0,"turns":1.0},{"damage":0.0,"enemies":"2 Louse","floor":3.0,"turns":1.0},{"damage":12.0,"enemies":"Gremlin Gang","floor":5.0,"turns":9.0},{"damage":43.0,"enemies":"Lagavulin","floor":7.0,"turns":15.0},{"damage":0.0,"enemies":"Red Slaver","floor":8.0,"turns":7.0},{"damage":4.0,"enemies":"3 Louse","floor":11.0,"turns":5.0},{"damage":22.0,"enemies":"Gremlin Nob","floor":12.0,"turns":6.0},{"damage":12,"enemies":"Lots of Slimes","floor":13,"turns":6},{"damage":31,"enemies":"3 Sentries","floor":14,"turns":7},{"damage":33,"enemies":"Hexaghost","floor":16,"turns":9},{"damage":9,"enemies":"Shell Parasite","floor":18,"turns":4},{"damage":31,"enemies":"3 Byrds","floor":19,"turns":7},{"damage":56,"enemies":"Shelled Parasite and Fungi","floor":20,"turns":9},{"damage":27,"enemies":"Replay:Snechameleon","floor":23,"turns":7}],"seed_played":"-5036331997291145938","potions_obtained":[{"floor":1.0,"key":"Dota2Spire:HealingSalve"},{"floor":5.0,"key":"Dota2Spire:Clarity"},{"floor":7.0,"key":"theDuelist:SealedPackC"},{"floor":18,"key":"CalmPotion"}],"is_trial":false,"path_per_floor":["M","M","M","?","M","R","E","M","T","?","M","E","M","E","R","B",null,"M","M","M","$","$","E"],"character_chosen":"THE_DUELIST","items_purchased":["Dota2Spire:LotusOrb"],"campfire_rested":1,"item_purchase_floors":[21],"current_hp_per_floor":[80,80,80,80,80,80,66,80,80,80,85,75,63,37,64,54,92,83,56,22,22,22,0,0],"gold":251,"neow_bonus":"THREE_ENEMY_KILL","is_daily":false,"chose_seed":false,"campfire_upgraded":1,"win_rate":0.0,"timestamp":1610574881,"path_taken":["M","M","M","?","?","R","E","M","T","?","M","E","M","E","R","BOSS","M","?","M","?","$","E"],"items_purchased_type":["Relic"],"build_version":"2020-12-13","purchased_purges":2,"victory":false,"max_hp_per_floor":[80,80,80,80,84,84,84,88,88,88,92,92,92,92,92,92,92,92,92,96,96,96,96,96],"card_choices":[{"not_picked":["theDuelist:OjamaTrio","theDuelist:FlyingSaucer"],"picked":"theDuelist:SpiritHarp","floor":1.0},{"not_picked":["theDuelist:Mudballman","theDuelist:StatueAnguishPattern"],"picked":"theDuelist:InvitationDarkSleep","floor":2.0},{"not_picked":["theDuelist:Relinquished","theDuelist:GuardianAngel"],"picked":"theDuelist:InjectionFairy","floor":3.0},{"not_picked":["theDuelist:OjamaKnight","theDuelist:CallAtlanteans"],"picked":"theDuelist:AncientElf","floor":5.0},{"not_picked":["theDuelist:AltarTribute","theDuelist:ExodiaLL"],"picked":"theDuelist:IcyCrevasse","floor":7.0},{"not_picked":["theDuelist:OjamaKnight","theDuelist:AltarTribute"],"picked":"theDuelist:FairyBox","floor":8.0},{"not_picked":["theDuelist:MysticalElf","theDuelist:GoblinSecret"],"picked":"theDuelist:RainbowMagician","floor":11.0},{"not_picked":["theDuelist:OjamaYellow","theDuelist:FairyBox"],"picked":"theDuelist:BlueDragonSummoner","floor":12},{"not_picked":["theDuelist:OjamaCountry","theDuelist:MagicalBlast","theDuelist:BlizzardWarrior"],"picked":"SKIP","floor":13},{"not_picked":["theDuelist:GateGuardian","theDuelist:SangaWater"],"picked":"theDuelist:StatueAnguishPattern","floor":14},{"not_picked":["theDuelist:IrisEarthMother","theDuelist:OjamaRed"],"picked":"theDuelist:OjamaKing","floor":16},{"not_picked":["theDuelist:BlueDragonSummoner+1","theDuelist:InariFire"],"picked":"theDuelist:InjectionFairy","floor":18},{"not_picked":["theDuelist:OjamaDuo","theDuelist:Graverobber","theDuelist:WhiteHowling"],"picked":"SKIP","floor":19},{"not_picked":["theDuelist:GeminiElf","theDuelist:BlizzardWarrior+1"],"picked":"theDuelist:LordD","floor":20}],"player_experience":104627,"relics_obtained":[{"floor":7.0,"key":"DemoMod:ChaffGrenade"},{"floor":12,"key":"theDuelist:SummonAnchor"},{"floor":14,"key":"Replay:Rubber Ducky"}],"event_choices":[{"damage_healed":0.0,"max_hp_gain":0.0,"max_hp_loss":0.0,"gold_gain":100.0,"event_name":"Golden Shrine","player_choice":"Pray","floor":4.0,"gold_loss":0.0,"damage_taken":0.0},{"damage_healed":0.0,"max_hp_gain":0.0,"max_hp_loss":0.0,"gold_gain":0.0,"cards_transformed":["theDuelist:CastleWalls"],"event_name":"Transmorgrifier","player_choice":"Transformed","floor":10.0,"gold_loss":0.0,"damage_taken":0.0,"cards_obtained":["theDuelist:CircleFireKings"]}],"is_beta":false,"boss_relics":[{"not_picked":["Ooze Armor","hubris:BlackHole"],"picked":"Runic Pyramid"}],"items_purged_floors":[21,22],"is_endless":false,"potions_floor_spawned":[1,5,7,8,13,14,18,20],"killed_by":"Replay:Snechameleon","ascension_level":1}}