{"host":"fa35vd3kig5td25x","time":1610556252,"event":{"mods":["BaseMod","Colored Powertips","Minty Spire (QoL Compilation)","Relic Stats","Slay the Relics Exporter"],"gold_per_floor":[115,129,140,17,29,29,46,46,46,63,83,113,113,138,138,211,211,231,231,244,264,283,283,10,40,40,310,310,310],"floor_reached":28,"language":"ENG","playtime":1595,"items_purged":[],"score":604,"play_id":"d8717313-abec-4653-9373-b9fc2d2bc9da","local_time":"20210113174412","is_ascension_mode":true,"campfire_choices":[{"data":"Perfected Strike","floor":6,"key":"SMITH"},{"data":"Bash","floor":8,"key":"SMITH"},{"floor":15,"key":"REST"},{"floor":23,"key":"RECALL"}],"circlet_count":0,"master_deck":["AscendersBane","Strike_R","Strike_R","Strike_R","Strike_R","Defend_R","Defend_R","Defend_R","Defend_R","Bash+1","Fire Breathing","True Grit","Perfected Strike+1","Corruption","Pommel Strike+1","Wild Strike+1","Warcry+1","Entrench+1","Rampage+1","Dark Embrace","Reaper+1","True Grit+1","Armaments+1","Havoc+1","Body Slam+1"],"relics":["Runic Pyramid","Molten Egg 2","Toxic Egg 2","Magic Flower","HornCleat","Fusion Hammer","Strange Spoon","Vajra"],"acts_visited":["Exordium","TheCity"],"potions_floor_usage":[7,12,21,25,28],"damage_taken":[{"damage":10,"enemies":"2 Louse","floor":1,"turns":4},{"damage":6,"enemies":"Cultist","floor":2,"turns":3},{"damage":2,"enemies":"Jaw Worm","floor":3,"turns":5},{"damage":1,"enemies":"2 Fungi Beasts","floor":5,"turns":4},{"damage":4,"enemies":"Red Slaver","floor":7,"turns":3},{"damage":13,"enemies":"Large Slime","floor":10,"turns":3},{"damage":1,"enemies":"Exordium Thugs","floor":11,"turns":3},{"damage":1,"enemies":"3 Sentries","floor":12,"turns":5},{"damage":13,"enemies":"Lagavulin","floor":14,"turns":6},{"damage":0,"enemies":"Slime Boss","floor":16,"turns":6},{"damage":0,"enemies":"Chosen","floor":18,"turns":4},{"damage":0,"enemies":"Spheric Guardian","floor":20,"turns":4},{"damage":15,"enemies":"Shelled Parasite and Fungi","floor":21,"turns":4},{"damage":1,"enemies":"Snake Plant","floor":22,"turns":4},{"damage":30,"enemies":"Gremlin Leader","floor":25,"turns":8},{"damage":66,"enemies":"Book of Stabbing","floor":28,"turns":5}],"seed_played":"-1851463084920650645","potions_obtained":[{"floor":2,"key":"Fire Potion"},{"floor":10,"key":"Block Potion"},{"floor":14,"key":"SneckoOil"},{"floor":16,"key":"AttackPotion"},{"floor":25,"key":"Ancient Potion"}],"is_trial":false,"path_per_floor":["M","M","M","?","M","R","M","R","T","M","M","E","?","E","R","B",null,"M","?","M","M","M","R","$","E","T","?","E"],"character_chosen":"IRONCLAD","items_purchased":["Havoc+1","Strange Spoon","SteroidPotion"],"campfire_rested":1,"item_purchase_floors":[24,24,24],"current_hp_per_floor":[58,52,50,50,49,49,45,45,45,32,31,30,30,17,39,39,66,71,71,71,74,73,73,73,69,69,42,0,0],"gold":310,"neow_bonus":"BOSS_RELIC","is_daily":false,"chose_seed":false,"campfire_upgraded":2,"win_rate":0.0,"timestamp":1610556252,"path_taken":["M","M","M","?","M","R","M","R","T","?","M","E","?","E","R","BOSS","M","?","M","?","M","R","$","E","T","?","E"],"items_purchased_type":["Card","Relic","Potion"],"build_version":"2020-12-22","purchased_purges":0,"victory":false,"max_hp_per_floor":[75,75,75,75,75,75,75,75,75,75,75,75,75,75,75,75,75,75,75,75,75,75,75,75,75,75,75,75,75],"relic_stats":{"Strange Spoon":[13],"counters":[16,71],"Magic Flower":[25],"obtain_stats":[{"Strange Spoon":24,"HornCleat":14,"Magic Flower":12,"Vajra":25,"Molten Egg 2":4,"Fusion Hammer":17,"Toxic Egg 2":9,"Burning Blood":0,"Runic Pyramid":0},{"Strange Spoon":14,"HornCleat":9,"Magic Flower":8,"Vajra":15,"Molten Egg 2":3,"Fusion Hammer":10,"Toxic Egg 2":5,"Burning Blood":0,"Runic Pyramid":0},{"Strange Spoon":58,"HornCleat":36,"Magic Flower":30,"Vajra":66,"Molten Egg 2":12,"Fusion Hammer":42,"Toxic Egg 2":19,"Burning Blood":0,"Runic Pyramid":0}]},"card_choices":[{"not_picked":["True Grit","Ghostly Armor"],"picked":"Fire Breathing","floor":1},{"not_picked":["Warcry","Clash"],"picked":"True Grit","floor":2},{"not_picked":["Cleave","Searing Blow"],"picked":"Perfected Strike","floor":3},{"not_picked":["True Grit","Twin Strike+1"],"picked":"Corruption","floor":5},{"not_picked":["Heavy Blade+1","Cleave+1"],"picked":"Pommel Strike+1","floor":7},{"not_picked":["Evolve","Fire Breathing"],"picked":"Wild Strike+1","floor":10},{"not_picked":["Wild Strike+1","Perfected Strike+1"],"picked":"Warcry+1","floor":11},{"not_picked":["Dropkick+1","Headbutt+1"],"picked":"Entrench+1","floor":12},{"not_picked":["Clash+1","Berserk"],"picked":"Dark Embrace","floor":14},{"not_picked":["Offering+1","Demon Form"],"picked":"Reaper+1","floor":16},{"not_picked":["Clash+1","Blood for Blood+1","Pommel Strike+1"],"picked":"SKIP","floor":18},{"not_picked":["Clash+1","Blood for Blood+1","Pommel Strike+1"],"picked":"SKIP","floor":18},{"not_picked":["Sword Boomerang+1","Evolve","Twin Strike+1"],"picked":"SKIP","floor":20},{"not_picked":["Dark Embrace","Searing Blow+1"],"picked":"True Grit+1","floor":21},{"not_picked":["Iron Wave+1","Clothesline+1"],"picked":"Armaments+1","floor":22},{"not_picked":["Dual Wield+1","Clothesline+1"],"picked":"Body Slam+1","floor":25}],"player_experience":2914026,"relics_obtained":[{"floor":9,"key":"Toxic Egg 2"},{"floor":12,"key":"Magic Flower"},{"floor":14,"key":"HornCleat"},{"floor":25,"key":"Vajra"}],"event_choices":[{"damage_healed":0,"gold_gain":0,"player_choice":"Paid Gold","damage_taken":0,"relics_obtained":["Molten Egg 2"],"max_hp_gain":0,"max_hp_loss":0,"event_name":"WeMeetAgain","floor":4,"gold_loss":123},{"damage_healed":0,"gold_gain":0,"cards_transformed":["Strike_R"],"player_choice":"Change","damage_taken":0,"max_hp_gain":0,"max_hp_loss":0,"event_name":"Living Wall","floor":13,"gold_loss":0,"cards_obtained":["Rampage"]},{"damage_healed":0,"gold_gain":0,"player_choice":"Ignored","damage_taken":0,"max_hp_gain":0,"max_hp_loss":0,"event_name":"N\u0027loth","floor":19,"gold_loss":0},{"damage_healed":0,"gold_gain":270,"player_choice":"GOLD GOLD GOLD ","damage_taken":27,"max_hp_gain":0,"max_hp_loss":0,"event_name":"Knowing Skull","floor":27,"potions_obtained":[],"gold_loss":0,"cards_obtained":[]}],"is_beta":false,"boss_relics":[{"not_picked":["Empty Cage","Coffee Dripper"],"picked":"Fusion Hammer"}],"items_purged_floors":[],"is_endless":false,"potions_floor_spawned":[2,10,14,16,25],"killed_by":"Book of Stabbing","ascension_level":20}}