{"host":"qxeepl7ydvsgmfdb","time":1610540955,"event":{"mods":["AchievementEnabler","BaseMod","Colored Powertips","Minty Spire (QoL Compilation)","Quick Restart","slay the spire mod where everything is the same but ironclad has a cowboy hat"],"gold_per_floor":[366,382,406,416,251,251,281,281,353,353,367,367,367],"floor_reached":12,"playtime":213,"items_purged":["Strike_G"],"score":98,"play_id":"478a2710-569d-4338-b5f6-4f563daafd67","local_time":"20210113072915","is_ascension_mode":true,"campfire_choices":[{"data":"Dramatic Entrance","floor":6.0,"key":"SMITH"},{"floor":10.0,"key":"REST"}],"circlet_count":0,"master_deck":["Strike_G","Strike_G","Strike_G","Defend_G","Defend_G","Defend_G","Defend_G","Defend_G","Survivor","Neutralize","Slice","Dramatic Entrance+1","Noxious Fumes","Outmaneuver","Blade Dance"],"relics":["Ring of the Snake","Tiny Chest","Sundial","Matryoshka"],"acts_visited":["Exordium"],"potions_floor_usage":[],"damage_taken":[{"damage":3.0,"enemies":"Cultist","floor":1.0,"turns":4.0},{"damage":3.0,"enemies":"2 Louse","floor":2.0,"turns":4.0},{"damage":3.0,"enemies":"Jaw Worm","floor":4.0,"turns":4.0},{"damage":23.0,"enemies":"Gremlin Nob","floor":7.0,"turns":5.0},{"damage":0.0,"enemies":"Looter","floor":11.0,"turns":4.0},{"damage":0,"enemies":"Lagavulin","floor":12,"turns":1}],"seed_played":"-1791527287182252862","potions_obtained":[{"floor":1.0,"key":"Energy Potion"},{"floor":7.0,"key":"Block Potion"},{"floor":11.0,"key":"FearPotion"}],"is_trial":false,"path_per_floor":["M","M","T","M","$","R","E","?","T","R","M","E"],"character_chosen":"THE_SILENT","items_purchased":["Dramatic Entrance"],"campfire_rested":1,"item_purchase_floors":[5],"current_hp_per_floor":[46,43,43,40,40,40,17,17,17,38,38,38,38],"gold":367,"neow_bonus":"TWO_FIFTY_GOLD","is_daily":false,"chose_seed":false,"campfire_upgraded":1,"win_rate":0.0,"timestamp":1610540955,"path_taken":["M","M","?","?","$","R","E","?","T","R","M","E"],"items_purchased_type":["Card"],"build_version":"2020-12-22","purchased_purges":1,"victory":false,"max_hp_per_floor":[70,70,70,70,70,70,70,70,70,70,70,70,70],"card_choices":[{"not_picked":["Accuracy","Deflect","Prepared"],"picked":"SKIP","floor":1.0},{"not_picked":["Footwork","Riddle With Holes","Masterful Stab"],"picked":"SKIP","floor":2.0},{"not_picked":["Skewer","Reflex"],"picked":"Slice","floor":4.0},{"not_picked":["Prepared","Slice"],"picked":"Noxious Fumes","floor":7.0},{"not_picked":["Bane","Flechettes"],"picked":"Blade Dance","floor":11.0}],"player_experience":128800,"relics_obtained":[{"floor":3.0,"key":"Tiny Chest"},{"floor":7.0,"key":"Sundial"},{"floor":9.0,"key":"Matryoshka"}],"event_choices":[{"damage_healed":0.0,"max_hp_gain":0.0,"max_hp_loss":0.0,"gold_gain":0.0,"cards_transformed":["Strike_G"],"event_name":"Transmorgrifier","player_choice":"Transformed","floor":8.0,"gold_loss":0.0,"damage_taken":0.0,"cards_obtained":["Outmaneuver"]}],"is_beta":false,"boss_relics":[],"items_purged_floors":[5],"is_endless":false,"potions_floor_spawned":[1,7,11],"killed_by":"Lagavulin","ascension_level":5}}