{"host":"6a06qhlf17v5rcww","time":1610522858,"event":{"mods":["Act Like it!","Aspiration","BaseMod","Beaked The Cultist","Better Altar","Better Match","Better Note","Better Sensory Stone","Better Skull","Better Third Choice","Better Vampires","BetterRewards","Block Reminder","Colored Powertips","Downfall","Gensokyo","Infinite Spire","Minty Spire (QoL Compilation)","Pale of the Ancients","Poor People Problems","Prisma Mod","Rare Cards Sparkle","Replay The Spire","Shade Mod","Slumbering Mod","StSLib","The Bug Knight","The Jungle","The Marked"],"gold_per_floor":[119,130,145,158,158,158,14,14,40,51,151,151,167,167,167,467,467],"floor_reached":16,"language":"ENG","playtime":1641,"items_purged":[],"score":142,"play_id":"fb39bc98-0b4a-4a18-949f-509dbaea9aa0","local_time":"20210113022738","is_ascension_mode":false,"campfire_choices":[{"data":"HollowMod:FocusHealStart","floor":6.0,"key":"SMITH"},{"floor":8,"key":"REST"},{"data":"HollowMod:DescendingDark","floor":15,"key":"SMITH"}],"circlet_count":0,"master_deck":["HollowMod:NailStrikeStart","HollowMod:NailStrikeStart","HollowMod:NailStrikeStart","HollowMod:NailStrikeStart","HollowMod:QuickDashStart","HollowMod:QuickDashStart","HollowMod:QuickDashStart","HollowMod:QuickDashStart","HollowMod:FocusHealStart+1","HollowMod:PogoStrike","HollowMod:WraithStrike","HollowMod:BlackTendrils+1","HollowMod:DashSlash","HollowMod:SiblingsSouls","Gensokyo:Shovel","HollowMod:DescendingDark+1","HollowMod:InfectedCysts+1","HollowMod:SharpenedShadows"],"relics":["HollowMod:VesselMask","HollowMod:KingsBrand","Pen Nib","Bag of Preparation","Happy Flower"],"acts_visited":["Exordium"],"potions_floor_usage":[10],"damage_taken":[{"damage":0.0,"enemies":"Gensokyo:3_Fairies","floor":1.0,"turns":3.0},{"damage":5.0,"enemies":"Gensokyo:2_Kodama","floor":2.0,"turns":4.0},{"damage":0.0,"enemies":"Gensokyo:Gryphon","floor":3.0,"turns":3.0},{"damage":7.0,"enemies":"Gensokyo:5_Fairies","floor":4.0,"turns":5.0},{"damage":26,"enemies":"Gensokyo:Gryphon_and_Rabbit","floor":10,"turns":12},{"damage":4,"enemies":"Gensokyo:3_Kodama","floor":13,"turns":1},{"damage":90,"enemies":"Gensokyo:Kokoro","floor":16,"turns":13}],"seed_played":"-208320229395126216","potions_obtained":[{"floor":2.0,"key":"SteroidPotion"},{"floor":4.0,"key":"BlessingOfTheForge"},{"floor":13,"key":"FairyPotion"}],"is_trial":false,"path_per_floor":["M","M","M","M","?","R","COS","R","T","M","?","?","M","?","R","B"],"character_chosen":"THE_BUGKNIGHT","items_purchased":["HollowMod:WraithStrike","HollowMod:BlackTendrils"],"campfire_rested":1,"item_purchase_floors":[0,0],"current_hp_per_floor":[75,70,72,67,17,17,17,39,39,26,26,26,22,22,22,0,0],"gold":467,"neow_bonus":"","is_daily":false,"chose_seed":false,"campfire_upgraded":2,"win_rate":0.0,"timestamp":1610522858,"path_taken":["M","M","?","M","?","R","COS","R","T","?","?","?","M","?","R","BOSS"],"items_purchased_type":["Card","Card"],"build_version":"2020-12-22","purchased_purges":0,"victory":false,"max_hp_per_floor":[75,75,75,75,75,75,75,75,75,75,75,75,75,75,75,75,75],"card_choices":[{"not_picked":["HollowMod:ChannelNail","HollowMod:InfectionAssault"],"picked":"HollowMod:DashSlash","floor":1.0},{"not_picked":["HollowMod:SoulEater","HollowMod:SoulSplash"],"picked":"HollowMod:SiblingsSouls","floor":2.0},{"not_picked":["HollowMod:GoodIntentions","HollowMod:InfectedCysts","HollowMod:CrystalDash"],"picked":"SKIP","floor":3.0},{"not_picked":["HollowMod:SoulSplash","HollowMod:InfectedAttack"],"picked":"HollowMod:HeavyBlow","floor":4.0},{"not_picked":["HollowMod:ChannelNail","HollowMod:GoodIntentions"],"picked":"HollowMod:DescendingDark","floor":10},{"not_picked":["HollowMod:InfectedAttack+1","HollowMod:VengefulVoid+1"],"picked":"HollowMod:InfectedCysts+1","floor":10},{"not_picked":["HollowMod:DoubleDash","HollowMod:ChannelNail"],"picked":"HollowMod:SharpenedShadows","floor":13}],"player_experience":765547,"relics_obtained":[{"floor":9,"key":"Bag of Preparation"}],"event_choices":[{"damage_healed":0.0,"max_hp_gain":0.0,"max_hp_loss":0.0,"gold_gain":0.0,"event_name":"betterSkull:BetterSkull","player_choice":"RE RE UP ","floor":5.0,"gold_loss":0.0,"damage_taken":56.0,"cards_upgraded":["HollowMod:BlackTendrils"],"relics_obtained":["HollowMod:KingsBrand","Pen Nib"]}],"is_beta":false,"boss_relics":[],"items_purged_floors":[],"is_endless":false,"potions_floor_spawned":[2,4,13],"killed_by":"Gensokyo:Kokoro","ascension_level":0}}