{"host":"gxfwlvk9al6s9931","time":1610533499,"event":{"mods":["2.2 Compatiblity","BaseMod","Colored Powertips","Downfall","Friendly Minions","Minty Spire (QoL Compilation)","StSLib"],"gold_per_floor":[99,113,132,142,142,142,167,92,77,102,17,30,30,60,72,171,171,96,81,81,93,363,363,363,363,375,404,329,348,348,383,401,502,502,502,552,562,562,159,170,197,197,209,236,251,251,126,126,153,153,153,191,115,115,115,115,115],"floor_reached":55,"language":"ENG","playtime":6244,"items_purged":["hexamod:Strike","Writhe","Slimebound:Icky"],"score":783,"play_id":"0e98ea15-a600-4a84-a6fc-3bd410af43fe","local_time":"20210113022459","is_ascension_mode":false,"campfire_choices":[{"data":"hexamod:Float","floor":1,"key":"SMITH"},{"data":"hexamod:GhostOfSpirePast","floor":6,"key":"SMITH"},{"floor":8,"key":"RECALL"},{"data":"hexamod:Rewind","floor":13,"key":"SMITH"},{"data":"hexamod:VolcanoVisage","floor":18,"key":"SMITH"},{"data":"hexamod:Defend","floor":23,"key":"SMITH"},{"data":"hexamod:Defend","floor":28,"key":"SMITH"},{"data":"hexamod:AdvancingGuard","floor":30,"key":"SMITH"},{"data":"hexamod:FastForward","floor":35,"key":"SMITH"},{"data":"expansioncontent:Chronoboost","floor":42,"key":"SMITH"},{"floor":46,"key":"REST"},{"floor":54,"key":"REST"}],"circlet_count":0,"master_deck":["hexamod:Strike+1","hexamod:Strike+1","hexamod:Defend+1","hexamod:Defend","hexamod:Defend+1","hexamod:Float+1","hexamod:StepThrough+1","hexamod:GhostOfSpirePast+1","hexamod:FourthSeal","hexamod:BacktrackSmack+1","hexamod:FastForward+1","hexamod:FirstSeal","hexamod:Rewind+1","hexamod:VolcanoVisage+1","hexamod:BurningTouch+1","hexamod:GhostOfSpirePast+1","hexamod:GhostLash+1","hexamod:Hexaguard+1","hexamod:AdvancingGuard+1","hexamod:GhostflameInferno+1","expansioncontent:Chronoboost+1","Parasite","hexamod:SecondSeal","hexamod:ThirdSeal","hexamod:StepThrough+1"],"relics":["hexamod:SpiritBrand","downfall:HeartBlessingBlue","Orichalcum","Odd Mushroom","Astrolabe","downfall:HeartBlessingRed","Toy Ornithopter","Centennial Puzzle","Whetstone","downfall:HeartBlessingGreen","Akabeko","Cursed Key","Ginger","Strange Spoon","Vajra","War Paint","Ornamental Fan","Oddly Smooth Stone"],"acts_visited":["Exordium","TheCity","TheBeyond","TheEnding"],"potions_floor_usage":[19,22,27,31,32,33,44,49,50,55,55,55],"damage_taken":[{"damage":0,"enemies":"Small Slimes","floor":2,"turns":5},{"damage":0,"enemies":"2 Louse","floor":3,"turns":3},{"damage":0,"enemies":"Cultist","floor":4,"turns":3},{"damage":0,"enemies":"downfall:FleeingMerchant","floor":9,"turns":4},{"damage":28,"enemies":"Gremlin Nob","floor":10,"turns":5},{"damage":4,"enemies":"downfall:FleeingMerchant","floor":11,"turns":4},{"damage":4,"enemies":"3 Louse","floor":12,"turns":3},{"damage":1,"enemies":"The Mushroom Lair","floor":14,"turns":4},{"damage":0,"enemies":"Exordium Wildlife","floor":15,"turns":3},{"damage":36,"enemies":"downfall:Silent","floor":16,"turns":7},{"damage":14,"enemies":"downfall:FleeingMerchant","floor":19,"turns":4},{"damage":4,"enemies":"Spheric Guardian","floor":21,"turns":3},{"damage":19,"enemies":"downfall:FleeingMerchant","floor":22,"turns":4},{"damage":7,"enemies":"Shell Parasite","floor":26,"turns":4},{"damage":33,"enemies":"Gremlin Leader","floor":27,"turns":8},{"damage":6,"enemies":"Sentry and Sphere","floor":29,"turns":7},{"damage":22,"enemies":"Slavers","floor":31,"turns":5},{"damage":15,"enemies":"Snake Plant","floor":32,"turns":3},{"damage":14,"enemies":"downfall:Defect","floor":33,"turns":7},{"damage":15,"enemies":"Mind Bloom Boss Battle","floor":36,"turns":6},{"damage":9,"enemies":"Orb Walker","floor":37,"turns":3},{"damage":3,"enemies":"3 Shapes","floor":40,"turns":3},{"damage":14,"enemies":"Transient","floor":43,"turns":5},{"damage":69,"enemies":"Reptomancer","floor":44,"turns":7},{"damage":8,"enemies":"Writhing Mass","floor":45,"turns":5},{"damage":14,"enemies":"Jaw Worm Horde","floor":49,"turns":4},{"damage":0,"enemies":"downfall:Watcher","floor":50,"turns":7},{"damage":94,"enemies":"downfall:CharBossMerchant","floor":52,"turns":9},{"damage":79,"enemies":"downfall:NeowBoss","floor":55,"turns":8}],"seed_played":"8041030515676362604","potions_obtained":[{"floor":4,"key":"FearPotion"},{"floor":10,"key":"SteroidPotion"},{"floor":10,"key":"Weak Potion"},{"floor":14,"key":"Energy Potion"},{"floor":14,"key":"FairyPotion"},{"floor":15,"key":"hexamod:InfernoChargePotion"},{"floor":19,"key":"GamblersBrew"},{"floor":22,"key":"LiquidMemories"},{"floor":27,"key":"hexamod:DoubleChargePotion"},{"floor":29,"key":"hexamod:EctoCoolerPotion"},{"floor":31,"key":"PowerPotion"},{"floor":32,"key":"champ:CounterPotion"},{"floor":33,"key":"champ:CounterPotion"},{"floor":37,"key":"Strength Potion"},{"floor":44,"key":"SkillPotion"},{"floor":49,"key":"CultistPotion"},{"floor":52,"key":"Dexterity Potion"}],"is_trial":false,"path_per_floor":["R","M","M","M","?","R","T","R","$","E","$","M","R","?","M","B",null,"R","$","?","M","$","R","T","?","M","E","R","M","R","E","M","B",null,"R","?","M","?","$","M","T","R","M","E","M","R","$","?","M","B",null,"E","$","R","B"],"character_chosen":"THE_SPIRIT","items_purchased":["hexamod:FirstSeal","Strange Spoon","Vajra","hexamod:EctoCoolerPotion"],"campfire_rested":2,"item_purchase_floors":[11,39,39,53],"current_hp_per_floor":[77,77,77,77,82,82,82,92,92,64,60,63,63,69,76,47,92,92,85,77,80,61,61,61,61,61,40,40,41,41,31,28,26,92,92,84,82,82,82,86,86,86,79,22,21,48,48,48,46,58,92,34,34,61,0,0,0],"gold":115,"neow_bonus":"TEN_PERCENT_HP_BONUS","is_daily":false,"chose_seed":false,"campfire_upgraded":9,"win_rate":0.0,"timestamp":1610533499,"path_taken":["R","M","M","M","?","R","T","R","$","E","$","M","R","?","M","BOSS","R","$","?","?","$","R","T","?","M","E","R","M","R","E","M","BOSS","R","?","M","?","$","M","T","R","?","E","M","R","$","?","M","BOSS","E","$","R","BOSS"],"items_purchased_type":["Card","Relic","Relic","Potion"],"build_version":"2020-12-22","purchased_purges":3,"victory":false,"max_hp_per_floor":[77,77,77,77,82,82,82,92,92,92,92,92,92,92,92,92,92,92,92,92,92,92,92,92,92,92,92,92,92,92,92,92,92,92,92,92,92,92,92,92,92,92,92,92,92,92,92,92,92,92,92,92,92,92,92,92,92],"card_choices":[{"not_picked":["hexamod:SwordOfDarkness","hexamod:Firestarter"],"picked":"hexamod:StepThrough","floor":2},{"not_picked":["hexamod:BacktrackSmack","hexamod:SpectersWail","hexamod:Haunt"],"picked":"SKIP","floor":3},{"not_picked":["hexamod:InspiringFlames","hexamod:Firestarter"],"picked":"hexamod:GhostOfSpirePast","floor":4},{"not_picked":["hexamod:Firestarter","hexamod:ShieldOfDarkness"],"picked":"hexamod:FourthSeal","floor":9},{"not_picked":["hexamod:SwordOfDarkness","hexamod:ParanormalForm"],"picked":"hexamod:BacktrackSmack","floor":10},{"not_picked":["hexamod:AdvancingGuard","hexamod:GhostLash"],"picked":"hexamod:FastForward","floor":11},{"not_picked":["hexamod:BacktrackSmack","hexamod:SwordOfDarkness"],"picked":"hexamod:Rewind","floor":12},{"not_picked":["hexamod:GhostShield","hexamod:GhostLash","hexamod:NightmareGuise"],"picked":"SKIP","floor":15},{"not_picked":["hexamod:SearingWound","hexamod:WildfireWeapon"],"picked":"hexamod:VolcanoVisage","floor":16},{"not_picked":["hexamod:Firestarter+1","hexamod:ExtraCrispy","hexamod:BurningTouch"],"picked":"SKIP","floor":19},{"not_picked":["hexamod:SwordOfDarkness","hexamod:ShieldOfDarkness","hexamod:EtherealExpedition+1"],"picked":"SKIP","floor":21},{"not_picked":["hexamod:UnleashSpirits","hexamod:BurningTouch"],"picked":"hexamod:Hexaguard+1","floor":22},{"not_picked":["hexamod:PhantomCloak","hexamod:Hexaguard","hexamod:Incineration+1"],"picked":"SKIP","floor":26},{"not_picked":["hexamod:StepThrough+1","hexamod:HauntingEcho","hexamod:SkipABeat"],"picked":"SKIP","floor":27},{"not_picked":["hexamod:GhostLash+1","hexamod:RainOfEmbers"],"picked":"hexamod:AdvancingGuard","floor":29},{"not_picked":["hexamod:SwordOfDarkness+1","hexamod:NightmareGuise"],"picked":"hexamod:FastForward","floor":31},{"not_picked":["hexamod:ShieldOfDarkness","hexamod:AdvancingGuard+1","hexamod:BacktrackSmack"],"picked":"SKIP","floor":32},{"not_picked":["hexamod:ParanormalForm","hexamod:TimeOfNeed"],"picked":"hexamod:GhostflameInferno","floor":33},{"not_picked":["hexamod:PhantomCloak","hexamod:RetreatToShadows+1","hexamod:Firestarter+1"],"picked":"SKIP","floor":37},{"not_picked":["expansioncontent:AwakenDeath","expansioncontent:ChargeUp"],"picked":"expansioncontent:Chronoboost","floor":38},{"not_picked":["hexamod:SwordOfDarkness+1","hexamod:Rewind+1","hexamod:NightmareGuise+1"],"picked":"SKIP","floor":40},{"not_picked":["hexamod:SpectersWail","hexamod:GhostOfSpireFuture+1","hexamod:Incineration"],"picked":"SKIP","floor":43},{"not_picked":["hexamod:HeatMetal","hexamod:SwordOfDarkness+1","hexamod:RainOfEmbers+1"],"picked":"SKIP","floor":44},{"not_picked":["hexamod:SwordOfDarkness","hexamod:ThirdSeal"],"picked":"hexamod:SecondSeal","floor":45},{"not_picked":["hexamod:PhantomFireball+1","hexamod:BacktrackSmack+1","hexamod:GhostLash+1"],"picked":"SKIP","floor":49},{"not_picked":["hexamod:InspiringFlames+1","hexamod:RainOfEmbers","hexamod:Hexaguard+1"],"picked":"SKIP","floor":49},{"not_picked":["hexamod:ThermalTransfer","hexamod:PhantomCloak"],"picked":"hexamod:StepThrough+1","floor":52},{"not_picked":["hexamod:BacktrackSmack+1","hexamod:NightmareStrike+1","hexamod:SwordOfDarkness+1"],"picked":"SKIP","floor":52}],"player_experience":288529,"relics_obtained":[{"floor":10,"key":"Orichalcum"},{"floor":14,"key":"Odd Mushroom"},{"floor":24,"key":"Toy Ornithopter"},{"floor":27,"key":"Whetstone"},{"floor":31,"key":"Akabeko"},{"floor":36,"key":"Ginger"},{"floor":41,"key":"War Paint"},{"floor":44,"key":"Ornamental Fan"},{"floor":52,"key":"Oddly Smooth Stone"}],"event_choices":[{"damage_healed":0,"gold_gain":0,"player_choice":"Donut","damage_taken":0,"max_hp_gain":5,"max_hp_loss":0,"event_name":"Big Fish","floor":5,"gold_loss":0},{"damage_healed":0,"gold_gain":0,"player_choice":"Fought Mushrooms","damage_taken":0,"max_hp_gain":0,"max_hp_loss":0,"event_name":"Mushrooms","floor":14,"gold_loss":0}],"is_beta":false,"boss_relics":[{"not_picked":["Pandora\u0027s Box","Fusion Hammer"],"picked":"Astrolabe"},{"not_picked":["Snecko Eye","Busted Crown"],"picked":"Cursed Key"}],"items_purged_floors":[22,39,47],"is_endless":false,"potions_floor_spawned":[4,10,12,14,21,26,27,32,37,43,49],"killed_by":"downfall:NeowBoss","ascension_level":0}}