{"host":"c5slkkw8hp42e20v","time":1610519659,"event":{"mods":["AchievementEnabler","BaseMod","Better Note","BetterRewards","Colored Powertips","DeckTracker","Friendly Minions","GifTheSpireLib","Hermit","Highlight Path","Minty Spire (QoL Compilation)","Quick Restart","Rare Cards Sparkle","Replay The Spire","Spicy Shops","StSLib","The Animator","The Hierophant","The Poker Player","????"],"gold_per_floor":[114,64,64,64,80,107,122,151,230,264,264,8,28,28,28,125,125,138,128,148,164,164,196,196,196,196],"floor_reached":25,"language":"ENG","playtime":1511,"items_purged":[],"score":358,"play_id":"e3c50d5d-ff20-41ea-8794-9798b584f4b3","local_time":"20210113003419","is_ascension_mode":true,"campfire_choices":[{"floor":24,"key":"REST"}],"circlet_count":0,"master_deck":["Strike_R","Strike_R","Strike_R","Strike_R","Defend_R","Defend_R","Defend_R","Bash","Apotheosis+1","Bloodletting","hermit:Virtue","hermit:Feint","animator:Illya","animator:Sloth","animator:SuzuneAmano","Offering","Pot Of Greed","Pot Of Greed+1","animator:DwarfShaman","Ragnarok","Time Bomb+1","Warcry+1","animator:Urushihara+1","Well Laid Plans","Deadly Poison+1","Pot Of Greed"],"relics":["Burning Blood","PrismaticShard","Lizard Tail","Bronze Scales","Snack Pack","Blood Vial","Membership Card","Bag of Marbles","Grinning Jar","Snecko Eye","TungstenRod"],"acts_visited":["Exordium","TheCity"],"potions_floor_usage":[],"damage_taken":[{"damage":15,"enemies":"Small Slimes","floor":1,"turns":4},{"damage":3,"enemies":"Jaw Worm","floor":5,"turns":3},{"damage":24,"enemies":"3 Sentries","floor":6,"turns":11},{"damage":9,"enemies":"Cultist","floor":7,"turns":4},{"damage":35,"enemies":"Lagavulin","floor":8,"turns":8},{"damage":25,"enemies":"Gremlin Nob","floor":10,"turns":4},{"damage":12,"enemies":"3 Louse","floor":13,"turns":3},{"damage":69,"enemies":"Slime Boss","floor":16,"turns":10},{"damage":0,"enemies":"Chosen","floor":18,"turns":3},{"damage":28,"enemies":"2 Thieves","floor":19,"turns":4},{"damage":24,"enemies":"Chosen and Byrds","floor":20,"turns":6},{"damage":32,"enemies":"Snake Plant","floor":21,"turns":3},{"damage":12,"enemies":"Book of Stabbing","floor":23,"turns":4},{"damage":48,"enemies":"Shelled Parasite and Fungi","floor":25,"turns":3}],"seed_played":"-5323326331860924958","potions_obtained":[{"floor":6,"key":"Strength Potion"},{"floor":8,"key":"ElixirPotion"},{"floor":19,"key":"Strength Potion"}],"is_trial":false,"path_per_floor":["M","?","?","?","M","E","M","E","T","E","?","R","M","$","R","B",null,"M","M","M","M","?","E","R","M"],"character_chosen":"IRONCLAD","items_purchased":["PrismaticShard","Apotheosis","Elixir","Membership Card","Bag of Marbles","Grinning Jar"],"campfire_rested":1,"item_purchase_floors":[0,0,0,12,12,12],"current_hp_per_floor":[71,71,64,64,67,49,46,17,17,46,46,46,42,42,66,7,80,80,58,44,20,20,18,42,0,0],"gold":196,"neow_bonus":"","is_daily":false,"chose_seed":false,"campfire_upgraded":0,"win_rate":0.0,"timestamp":1610519659,"path_taken":["M","?","?","?","M","E","M","E","T","E","?","R","M","$","R","BOSS","M","M","M","M","?","E","R","M"],"items_purchased_type":["Relic","Card","Potion","Relic","Relic","Relic"],"build_version":"2020-12-22","purchased_purges":0,"victory":false,"max_hp_per_floor":[80,80,80,80,80,80,80,80,80,80,80,80,80,80,80,80,80,80,80,80,80,80,80,80,80,80],"card_choices":[{"not_picked":["CrushJoints","animator:Konayuki"],"picked":"Bloodletting","floor":1},{"not_picked":["Havoc","hierophant:SealAway"],"picked":"hermit:Virtue","floor":5},{"not_picked":["animator:HiiragiShinya","animator:MisakiNakahara"],"picked":"hermit:Feint","floor":6},{"not_picked":["animator:Mikaela","Dark Shackles"],"picked":"animator:Illya","floor":7},{"not_picked":["hierophant:Purify","PokerPlayerMod:ClubShade"],"picked":"animator:Sloth","floor":8},{"not_picked":["animator:Kazuma","LikeWater"],"picked":"animator:SuzuneAmano","floor":10},{"not_picked":["hierophant:Doubloon","ReplayTheSpireMod:Reroute Power"],"picked":"animator:DwarfShaman","floor":13},{"not_picked":["PokerPlayerMod:ItsShowtime","animator:Kira"],"picked":"Ragnarok","floor":16},{"not_picked":["hierophant:Purify","hierophant:AuricBeam"],"picked":"Time Bomb+1","floor":18},{"not_picked":["hierophant:EyeForCoin","animator:Rena"],"picked":"Warcry+1","floor":19},{"not_picked":["animator:Kaijin+1","Jack Of All Trades"],"picked":"animator:Urushihara+1","floor":20},{"not_picked":["ReplayTheSpireMod:Muscle Training","Burning Pact"],"picked":"Well Laid Plans","floor":21},{"not_picked":["Doppelganger","animator:KyokoSakura+1"],"picked":"Deadly Poison+1","floor":23}],"player_experience":44465,"relics_obtained":[{"floor":6,"key":"Lizard Tail"},{"floor":8,"key":"Bronze Scales"},{"floor":9,"key":"Snack Pack"},{"floor":10,"key":"Blood Vial"},{"floor":23,"key":"TungstenRod"}],"event_choices":[{"cards_removed":["Defend_R"],"damage_healed":0,"gold_gain":0,"player_choice":"Card Removal","damage_taken":0,"max_hp_gain":0,"max_hp_loss":0,"event_name":"The Cleric","floor":2,"gold_loss":50},{"cards_removed":["Strike_R"],"damage_healed":0,"gold_gain":0,"player_choice":"Card Removal","damage_taken":7,"max_hp_gain":0,"max_hp_loss":0,"event_name":"Golden Wing","floor":3,"gold_loss":0},{"damage_healed":0,"gold_gain":0,"player_choice":"Grow","damage_taken":0,"max_hp_gain":0,"max_hp_loss":0,"event_name":"Living Wall","floor":4,"gold_loss":0,"cards_upgraded":["Apotheosis"]},{"damage_healed":0,"gold_gain":0,"player_choice":"2 cards matched","damage_taken":0,"max_hp_gain":0,"max_hp_loss":0,"event_name":"Match and Keep!","floor":11,"gold_loss":0,"cards_obtained":["Offering","Overencumbered"]},{"cards_removed":["Overencumbered"],"damage_healed":0,"gold_gain":0,"player_choice":"Removed Curses","damage_taken":0,"max_hp_gain":0,"max_hp_loss":0,"event_name":"Fountain of Cleansing","floor":22,"gold_loss":0}],"is_beta":false,"boss_relics":[{"not_picked":["Kintsugi","ReplayTheSpireMod:DimensionalGlitch"],"picked":"Snecko Eye"}],"items_purged_floors":[],"is_endless":false,"potions_floor_spawned":[6,8,13,16,19,20],"killed_by":"Shelled Parasite and Fungi","ascension_level":1}}