{"host":"l60rmjjsfi0fipmi","time":1610563569,"event":{"mods":["BaseMod","Colored Map","DeckTracker","Hermit","Highlight Path","Jorbs\u0027s Wanderer Trilogy","Minty Spire (QoL Compilation)","StSLib","The Cursed"],"gold_per_floor":[116,129,143,153,153,153,184,184,184,203,203,203,203,378,378,481,481,500,513,438,438,454,454,479,497,497,497,497],"floor_reached":27,"language":"ENG","playtime":1394,"items_purged":[],"score":268,"play_id":"f336ca84-4528-4ace-b032-a6b8acb9524a","local_time":"20210113134609","is_ascension_mode":true,"campfire_choices":[{"data":"Reckless Charge","floor":6,"key":"SMITH"},{"data":"Metallicize","floor":8,"key":"SMITH"},{"floor":11,"key":"REST"},{"data":"Juggernaut","floor":13,"key":"SMITH"},{"data":"Headbutt","floor":15,"key":"SMITH"},{"floor":23,"key":"REST"}],"circlet_count":0,"master_deck":["Strike_R","Strike_R","Strike_R","Strike_R+1","Defend_R","Defend_R","Defend_R","Defend_R","Bash+1","Metallicize+1","Feel No Pain","Shockwave","Reckless Charge+1","Juggernaut+1","Headbutt+1","Immolate","Armaments","Exhume","Disarm","Feed","Spot Weakness"],"relics":["Burning Blood","NeowsBlessing","MealTicket","Omamori","Runic Pyramid","StrikeDummy","Singing Bowl","Nunchaku"],"acts_visited":["Exordium","TheCity"],"potions_floor_usage":[10,16,16,24,27],"damage_taken":[{"damage":0,"enemies":"Small Slimes","floor":1,"turns":1},{"damage":0,"enemies":"2 Louse","floor":2,"turns":1},{"damage":0,"enemies":"Jaw Worm","floor":3,"turns":1},{"damage":24,"enemies":"Large Slime","floor":4,"turns":9},{"damage":19,"enemies":"Gremlin Nob","floor":7,"turns":5},{"damage":35,"enemies":"Lots of Slimes","floor":10,"turns":5},{"damage":22,"enemies":"Hexaghost","floor":16,"turns":9},{"damage":18,"enemies":"3 Byrds","floor":18,"turns":4},{"damage":11,"enemies":"Chosen","floor":19,"turns":6},{"damage":36,"enemies":"Shelled Parasite and Fungi","floor":22,"turns":8},{"damage":3,"enemies":"Book of Stabbing","floor":24,"turns":6},{"damage":6,"enemies":"Snake Plant","floor":25,"turns":4},{"damage":64,"enemies":"Slavers","floor":27,"turns":3}],"seed_played":"2918776469003810930","potions_obtained":[{"floor":1,"key":"SpeedPotion"},{"floor":2,"key":"Ancient Potion"},{"floor":3,"key":"Regen Potion"},{"floor":10,"key":"Fire Potion"},{"floor":19,"key":"EssenceOfSteel"},{"floor":24,"key":"SkillPotion"}],"is_trial":false,"path_per_floor":["M","M","M","M","?","R","E","R","T","M","R","?","R","?","R","B",null,"M","M","?","?","M","R","E","M","T","E"],"character_chosen":"IRONCLAD","items_purchased":[],"campfire_rested":2,"item_purchase_floors":[],"current_hp_per_floor":[80,80,80,62,46,46,33,33,33,16,40,66,66,66,66,50,80,68,63,63,63,33,57,60,60,60,0,0],"gold":497,"neow_bonus":"THREE_ENEMY_KILL","is_daily":false,"chose_seed":false,"campfire_upgraded":4,"win_rate":0.0,"timestamp":1610563569,"path_taken":["M","M","M","M","?","R","E","R","T","M","R","?","R","?","R","BOSS","M","M","?","?","?","R","E","M","T","E"],"items_purchased_type":[],"build_version":"2020-12-22","purchased_purges":0,"victory":false,"max_hp_per_floor":[80,80,80,80,80,80,80,80,80,80,80,80,80,80,80,80,80,80,80,80,80,80,80,80,80,80,80,80],"card_choices":[{"not_picked":["Anger","Clothesline"],"picked":"Metallicize","floor":1},{"not_picked":["Clash","Pummel"],"picked":"Feel No Pain","floor":2},{"not_picked":["Searing Blow","Clash"],"picked":"Shockwave","floor":3},{"not_picked":["Seeing Red","Headbutt"],"picked":"Reckless Charge","floor":4},{"not_picked":["Rampage","Headbutt"],"picked":"Juggernaut","floor":7},{"not_picked":["Warcry","Searing Blow"],"picked":"Headbutt","floor":10},{"not_picked":["Bludgeon","Impervious"],"picked":"Immolate","floor":16},{"not_picked":["Sword Boomerang","Havoc"],"picked":"Armaments","floor":18},{"not_picked":["Armaments","Sentinel"],"picked":"Exhume","floor":19},{"not_picked":["Clash","Second Wind+1"],"picked":"Disarm","floor":22},{"not_picked":["Dual Wield","Thunderclap"],"picked":"Feed","floor":24},{"not_picked":["Perfected Strike+1","Pommel Strike"],"picked":"Spot Weakness","floor":25}],"player_experience":373468,"relics_obtained":[{"floor":7,"key":"MealTicket"},{"floor":9,"key":"Omamori"},{"floor":24,"key":"Singing Bowl"},{"floor":26,"key":"Nunchaku"}],"event_choices":[{"damage_healed":0,"gold_gain":0,"player_choice":"Entered Light","damage_taken":16,"max_hp_gain":0,"max_hp_loss":0,"event_name":"Shining Light","floor":5,"gold_loss":0,"cards_upgraded":["Strike_R","Bash"]},{"damage_healed":26,"gold_gain":0,"player_choice":"Banana","damage_taken":0,"max_hp_gain":0,"max_hp_loss":0,"event_name":"Big Fish","floor":12,"gold_loss":0},{"damage_healed":0,"gold_gain":175,"player_choice":"AGREE","damage_taken":0,"max_hp_gain":0,"max_hp_loss":0,"event_name":"Liars Game","floor":14,"gold_loss":0,"cards_obtained":["Doubt"]},{"cards_removed":["Strike_R"],"damage_healed":0,"gold_gain":0,"player_choice":"Gave Gold","damage_taken":0,"max_hp_gain":0,"max_hp_loss":0,"event_name":"Beggar","floor":20,"gold_loss":75},{"damage_healed":0,"gold_gain":0,"player_choice":"Stole Relic","damage_taken":0,"relics_obtained":["StrikeDummy"],"max_hp_gain":0,"max_hp_loss":0,"event_name":"Addict","floor":21,"gold_loss":0,"cards_obtained":["Shame"]}],"is_beta":false,"boss_relics":[{"not_picked":["Busted Crown","Philosopher\u0027s Stone"],"picked":"Runic Pyramid"}],"items_purged_floors":[],"is_endless":false,"potions_floor_spawned":[1,2,3,10,19,24],"killed_by":"Slavers","ascension_level":3}}