{"host":"5h7tnviy6ct1qpjn","time":1610549450,"event":{"mods":["AchievementEnabler","BaseMod","BetterRewards","Colored Powertips","Minty Spire (QoL Compilation)","Shop Mod","StSLib"],"gold_per_floor":[110,125,200,200,210,244,244,257,303,303,303,332,332,355,355,456,456,468,393,408,163,163,163,193,13,13,13,45,45,45,63,63,162,162,182,156,167,167,167,193,193,223,246,264,264,264,274,0,0,0],"floor_reached":51,"language":"ENG","playtime":3803,"items_purged":["Strike_B"],"score":997,"play_id":"8192f130-bd5f-499a-9bf4-a68e734ff416","local_time":"20210113155049","is_ascension_mode":false,"campfire_choices":[{"floor":7,"key":"REST"},{"data":"Dualcast","floor":10,"key":"SMITH"},{"data":"Defragment","floor":13,"key":"SMITH"},{"data":"Chaos","floor":15,"key":"SMITH"},{"data":"Stack","floor":23,"key":"SMITH"},{"data":"Static Discharge","floor":32,"key":"SMITH"},{"floor":46,"key":"REST"},{"floor":49,"key":"REST"}],"circlet_count":0,"master_deck":["Defend_B","Defend_B","Defend_B","Defend_B","Zap+1","Dualcast+1","Ball Lightning","Chill+1","Chaos+1","Conserve Battery","Defragment+1","Self Repair","Scrape+1","Barrage+1","Electrodynamics","Stack+1","Redo+1","Static Discharge+1","Cold Snap+1","Dualcast+1","Capacitor","Biased Cognition","Sweeping Beam+1","Conserve Battery+1","Darkness+1","Reinforced Body+1"],"relics":["Cracked Core","Molten Egg 2","Juzu Bracelet","Bronze Scales","Lantern","Smiling Mask","Busted Crown","Pen Nib","Mango","Toy Ornithopter","Blood Vial","Sozu","Happy Flower","Centennial Puzzle","Nunchaku","Red Mask"],"acts_visited":["Exordium","TheCity","TheBeyond"],"potions_floor_usage":[28,33,40],"damage_taken":[{"damage":1,"enemies":"Cultist","floor":1,"turns":3},{"damage":1,"enemies":"Jaw Worm","floor":2,"turns":3},{"damage":0,"enemies":"Small Slimes","floor":5,"turns":3},{"damage":13,"enemies":"Gremlin Nob","floor":6,"turns":4},{"damage":0,"enemies":"Exordium Wildlife","floor":8,"turns":4},{"damage":0,"enemies":"3 Sentries","floor":12,"turns":5},{"damage":11,"enemies":"Slime Boss","floor":16,"turns":6},{"damage":6,"enemies":"Spheric Guardian","floor":18,"turns":3},{"damage":4,"enemies":"2 Thieves","floor":20,"turns":4},{"damage":0,"enemies":"Gremlin Leader","floor":24,"turns":5},{"damage":15,"enemies":"Book of Stabbing","floor":28,"turns":5},{"damage":12,"enemies":"Snake Plant","floor":31,"turns":3},{"damage":45,"enemies":"Automaton","floor":33,"turns":9},{"damage":6,"enemies":"3 Darklings","floor":35,"turns":3},{"damage":8,"enemies":"Orb Walker","floor":37,"turns":5},{"damage":0,"enemies":"Reptomancer","floor":40,"turns":6},{"damage":73,"enemies":"Nemesis","floor":42,"turns":7},{"damage":4,"enemies":"Maw","floor":44,"turns":8},{"damage":3,"enemies":"Sphere and 2 Shapes","floor":47,"turns":3},{"damage":51,"enemies":"Awakened One","floor":50,"turns":13}],"seed_played":"5974593183635439626","potions_obtained":[{"floor":1,"key":"Energy Potion"},{"floor":5,"key":"LiquidBronze"},{"floor":12,"key":"Fire Potion"},{"floor":18,"key":"FocusPotion"},{"floor":24,"key":"Regen Potion"},{"floor":33,"key":"SkillPotion"}],"is_trial":false,"path_per_floor":["M","M","?","?","M","E","R","M","T","R","?","E","R","T","R","B",null,"M","?","M","$","?","R","E","$","T","?","E","$","?","M","R","B",null,"M","$","M","?","?","E","?","E","T","M","?","R","M","?","R","B",null],"character_chosen":"DEFECT","items_purchased":["Ball Lightning","Chill","Stack","Pen Nib","Redo","Static Discharge","Cold Snap+1","Sweeping Beam+1"],"campfire_rested":3,"item_purchase_floors":[0,0,21,21,25,25,25,36],"current_hp_per_floor":[74,73,62,47,47,34,56,63,63,63,56,63,63,63,63,59,75,69,69,72,72,72,72,89,89,89,89,89,89,72,69,69,31,94,88,88,89,89,89,89,89,23,23,28,28,54,60,60,86,44],"gold":0,"neow_bonus":"","is_daily":false,"chose_seed":false,"campfire_upgraded":5,"win_rate":0.0,"timestamp":1610549449,"path_taken":["M","M","?","?","?","E","R","M","T","R","?","E","R","?","R","BOSS","M","?","M","$","?","R","E","$","T","?","E","?","?","M","R","BOSS","M","$","M","?","?","E","?","E","T","M","?","R","M","?","R","BOSS"],"items_purchased_type":["Card","Card","Card","Relic","Card","Card","Card","Card"],"build_version":"2020-12-22","purchased_purges":1,"victory":true,"max_hp_per_floor":[75,75,75,75,75,75,75,75,75,75,75,75,75,75,75,75,75,75,75,75,75,75,75,89,89,89,89,89,89,94,94,94,94,94,94,94,94,94,89,89,89,89,89,89,89,89,89,89,89,89],"card_choices":[{"not_picked":["Stack","Beam Cell"],"picked":"Conserve Battery","floor":1},{"not_picked":["Coolheaded","Streamline"],"picked":"Defragment","floor":2},{"not_picked":["Streamline","Skim","Rebound"],"picked":"SKIP","floor":5},{"not_picked":["Capacitor","Coolheaded"],"picked":"Self Repair","floor":6},{"not_picked":["Hologram","Buffer"],"picked":"Scrape+1","floor":8},{"not_picked":["Hologram","Stack"],"picked":"Barrage+1","floor":12},{"not_picked":["Multi-Cast","Reboot"],"picked":"Electrodynamics","floor":16},{"not_picked":["Streamline+1"],"picked":"SKIP","floor":18},{"not_picked":["Steam"],"picked":"SKIP","floor":20},{"not_picked":["Barrage+1"],"picked":"SKIP","floor":24},{"not_picked":["FTL+1"],"picked":"SKIP","floor":28},{"not_picked":[],"picked":"Capacitor","floor":31},{"not_picked":[],"picked":"Biased Cognition","floor":33},{"not_picked":["Reinforced Body+1"],"picked":"SKIP","floor":35},{"not_picked":[],"picked":"Conserve Battery+1","floor":37},{"not_picked":[],"picked":"Darkness+1","floor":40},{"not_picked":["Capacitor+1"],"picked":"SKIP","floor":42},{"not_picked":["Hologram+1"],"picked":"SKIP","floor":44},{"not_picked":[],"picked":"Reinforced Body+1","floor":47}],"player_experience":45203,"relics_obtained":[{"floor":6,"key":"Molten Egg 2"},{"floor":9,"key":"Juzu Bracelet"},{"floor":12,"key":"Lantern"},{"floor":14,"key":"Smiling Mask"},{"floor":24,"key":"Mango"},{"floor":26,"key":"Toy Ornithopter"},{"floor":28,"key":"Blood Vial"},{"floor":40,"key":"Happy Flower"},{"floor":42,"key":"Centennial Puzzle"},{"floor":43,"key":"Nunchaku"}],"event_choices":[{"damage_healed":0,"gold_gain":75,"player_choice":"Gather Gold","damage_taken":11,"max_hp_gain":0,"max_hp_loss":0,"event_name":"World of Goop","floor":3,"gold_loss":0},{"damage_healed":0,"gold_gain":0,"player_choice":"Entered Light","damage_taken":15,"max_hp_gain":0,"max_hp_loss":0,"event_name":"Shining Light","floor":4,"gold_loss":0,"cards_upgraded":["Zap","Chill"]},{"damage_healed":0,"gold_gain":0,"player_choice":"Success","damage_taken":7,"relics_obtained":["Bronze Scales"],"max_hp_gain":0,"max_hp_loss":0,"event_name":"Scrap Ooze","floor":11,"gold_loss":0},{"cards_removed":["Strike_B"],"damage_healed":0,"gold_gain":0,"player_choice":"Gave Gold","damage_taken":0,"max_hp_gain":0,"max_hp_loss":0,"event_name":"Beggar","floor":19,"gold_loss":75},{"cards_removed":["Strike_B"],"damage_healed":0,"gold_gain":0,"player_choice":"Purged","damage_taken":0,"max_hp_gain":0,"max_hp_loss":0,"event_name":"Purifier","floor":22,"gold_loss":0},{"damage_healed":0,"gold_gain":0,"player_choice":"Copied","damage_taken":0,"max_hp_gain":0,"max_hp_loss":0,"event_name":"Duplicator","floor":27,"gold_loss":0,"cards_obtained":["Dualcast"]},{"damage_healed":0,"gold_gain":0,"player_choice":"Shed Blood","damage_taken":22,"max_hp_gain":5,"max_hp_loss":0,"event_name":"Forgotten Altar","floor":30,"gold_loss":0},{"damage_healed":0,"gold_gain":0,"player_choice":"Forge","damage_taken":0,"max_hp_gain":0,"max_hp_loss":0,"event_name":"Accursed Blacksmith","floor":38,"gold_loss":0,"cards_upgraded":["Redo"]},{"damage_healed":0,"gold_gain":0,"player_choice":"Max HP","damage_taken":0,"max_hp_gain":0,"max_hp_loss":5,"event_name":"Winding Halls","floor":39,"gold_loss":0},{"cards_removed":["Strike_B"],"damage_healed":0,"gold_gain":0,"player_choice":"Removed Attack","damage_taken":0,"max_hp_gain":0,"max_hp_loss":0,"event_name":"Falling","floor":41,"gold_loss":0},{"damage_healed":0,"gold_gain":0,"player_choice":"Memory 1","damage_taken":0,"max_hp_gain":0,"max_hp_loss":0,"event_name":"SensoryStone","floor":45,"gold_loss":0},{"damage_healed":0,"gold_gain":0,"player_choice":"Paid","damage_taken":0,"relics_obtained":["Red Mask"],"max_hp_gain":0,"max_hp_loss":0,"event_name":"Tomb of Lord Red Mask","floor":48,"gold_loss":274}],"is_beta":false,"boss_relics":[{"not_picked":["Empty Cage","SlaversCollar"],"picked":"Busted Crown"},{"not_picked":["Coffee Dripper","Runic Dome"],"picked":"Sozu"}],"items_purged_floors":[21],"is_endless":false,"potions_floor_spawned":[1,5,12,18,24,33,35,37,42],"ascension_level":0}}