{"host":"43pogpu2c981a0zh","time":1610514039,"event":{"mods":["100% Spire Juice","ATMod(∞¢Ë™Mod)","AchievementEnabler","Act Like it!","Astrologer","BaseMod","Better Altar","Better Match","Better Sensory Stone","CapriCore","Colored Powertips","Custom Start","Downfall","Friendly Minions","Gensokyo","Highlight Path","HololiveMod","Hubris","KinomotoSakuraMod(ƒæ÷Æ±æ”£)","Kiyohime£®«Âºß£©","Koishi","KomeijiMod","Marisa£®ÏF”Í°°ƒß¿Ì…≥£©","Minty Spire (QoL Compilation)","MostiFishMod","Pale of the Ancients","Permanent Neow","Prisma Mod","Quarter Circle Forward PUNCH!","Quick Restart","Reimu£®≤©¿ˆ¡È√Œ£©","Replay The Spire","Spicy Shops","StSLib","TestMod","The Administrix","The Animator","The Immortal","Waifu the Spire","WarShipGirlsR/’ΩΩ¢…Ÿ≈ÆR mod","Yakumo Yukari mod","°æ“≈ŒÔø®≈∆°øREMEMod"],"gold_per_floor":[111,121,221,26,26,157,157,186,186,186,186,111,131,20,20,215,215,527,543,553,572,672,800,818,851,851,851,92,220,333,343,343,546,546,565,19,37,48,48,48,62,188,188,313,511,523,536,664,664,862],"floor_reached":51,"language":"ZHS","playtime":4377,"items_purged":["animator:Defend_Katanagatari","KiyohimeMod:FlameKiss"],"score":1281,"play_id":"2c63145e-7b2f-4796-b3e5-3ce62fe858ea","local_time":"20210113130039","is_ascension_mode":true,"campfire_choices":[{"data":"KiyohimeMod:LimitedZeroOver","floor":10,"key":"SMITH"},{"data":"KiyohimeMod:ExSpicyMapoTofu","floor":15,"key":"SMITH"},{"data":"KiyohimeMod:JeweledSword","floor":27,"key":"SMITH"},{"data":"KiyohimeMod:CastleOfTheSun","floor":32,"key":"SMITH"},{"data":"KiyohimeMod:HotSpringOfTheMoon","floor":40,"key":"SMITH"},{"floor":49,"key":"RECALL"}],"circlet_count":0,"master_deck":["KiyohimeMod:Strike+1","KiyohimeMod:Strike+1","KiyohimeMod:Strike+1","KiyohimeMod:Strike+1","KiyohimeMod:Defend+1","KiyohimeMod:Defend+1","KiyohimeMod:Defend+1","KiyohimeMod:Defend+1","KiyohimeMod:Track+1","KiyohimeMod:Shapeshift+1","AT_FamilyPortrait+1","KiyohimeMod:DivineConstruct+1","KiyohimeMod:ImaginaryAround+1","KiyohimeMod:Berserker+1","KiyohimeMod:Berserker+1","KiyohimeMod:AndSoTheShipConquers+1","KiyohimeMod:LimitedZeroOver+1","KiyohimeMod:FormalCraft+1","expansioncontent:DarkVoid+1","KiyohimeMod:ExSpicyMapoTofu+1","KiyohimeMod:Servant_Osakabehime+1","KiyohimeMod:PrismaCosmos+1","KiyohimeMod:EatSoul+1","KiyohimeMod:Berserker+1","KiyohimeMod:RedBlackKey+1","KiyohimeMod:JeweledSword+1","KiyohimeMod:CommandCard_Buster+1","KiyohimeMod:Tenacious+1","KiyohimeMod:CelestialInvertedMoon+1","KiyohimeMod:Berserker+1","KiyohimeMod:CastleOfTheSun+1","KiyohimeMod:Berserker+1","testmod-VirtualReality+1","KiyohimeMod:AgainstMagic+1","Discovery+1","KiyohimeMod:PrismaCosmos+1","Entrench+1","KiyohimeMod:PrismaCosmos+1","KiyohimeMod:Berserker+1","KiyohimeMod:HotSpringOfTheMoon+1","Doppelganger+1","KiyohimeMod:Destruction+1","KiyohimeMod:Berserker+1","KiyohimeMod:Berserker+1","KiyohimeMod:HeroCreation+1","KiyohimeMod:LimitedZeroOver+1","KiyohimeMod:Tenacious+1","KiyohimeMod:HotSpringOfTheMoon+1","KiyohimeMod:Berserker+1","KiyohimeMod:FormalCraft+1"],"relics":["KiyohimeMod:FireDragon","AT_ATBox","DaveBox","testmod-TestBox","REME_ComplimentaryCards","BionicSphere","testmod-Fortitude","testmod-Nyarlathotep","SynthV:TestCard","AT_TheCollector","Gensokyo:Justice","hexamod:BolsterEngine","HornCleat","Replay:Bottled Steam","Prayer Wheel","ChiXiaoBlade","hubris:Potato","DianPoetry","Whetstone","Golden Egg","ClockworkSouvenir","PreservedInsect","qcfpunch:School_Backpack","Replay:Bronze Core","qcfpunch:Fighting_Gloves","testmod-Charity","qcfpunch:Red_Beret","Blue Candle","RuthlessExorcism:ReiMu","Replay:Bottled Eggs"],"acts_visited":["Gensokyo:Gensokyo","TheCity","TheBeyond"],"potions_floor_usage":[16,24,50,50,50],"damage_taken":[{"damage":0,"enemies":"Gensokyo:Python","floor":1,"turns":3},{"damage":0,"enemies":"Gensokyo:2_Kodama","floor":2,"turns":3},{"damage":0,"enemies":"Gensokyo:Aya","floor":6,"turns":6},{"damage":0,"enemies":"Gensokyo:Cirno","floor":8,"turns":8},{"damage":0,"enemies":"Gensokyo:3_Fairies","floor":13,"turns":4},{"damage":44,"enemies":"Gensokyo:Reimu","floor":16,"turns":16},{"damage":0,"enemies":"2 Thieves","floor":18,"turns":3},{"damage":0,"enemies":"Shell Parasite","floor":19,"turns":5},{"damage":0,"enemies":"Centurion and Healer","floor":20,"turns":10},{"damage":28,"enemies":"Snake Plant","floor":21,"turns":5},{"damage":20,"enemies":"Book of Stabbing","floor":23,"turns":8},{"damage":0,"enemies":"Snecko","floor":24,"turns":5},{"damage":0,"enemies":"REME_1_Revenger","floor":25,"turns":6},{"damage":0,"enemies":"Gremlin Leader","floor":29,"turns":6},{"damage":0,"enemies":"Sentry and Sphere","floor":30,"turns":3},{"damage":0,"enemies":"Snake Plant","floor":31,"turns":5},{"damage":0,"enemies":"Champ","floor":33,"turns":8},{"damage":0,"enemies":"3 Darklings","floor":35,"turns":5},{"damage":0,"enemies":"3 Shapes","floor":37,"turns":3},{"damage":0,"enemies":"Writhing Mass","floor":38,"turns":4},{"damage":0,"enemies":"Spire Growth","floor":41,"turns":3},{"damage":0,"enemies":"R_Hoarder","floor":42,"turns":4},{"damage":0,"enemies":"Reptomancer","floor":44,"turns":3},{"damage":0,"enemies":"Reptomancer","floor":45,"turns":7},{"damage":0,"enemies":"Sphere and 2 Shapes","floor":46,"turns":5},{"damage":0,"enemies":"3 Darklings","floor":47,"turns":5},{"damage":0,"enemies":"R_Hoarder","floor":48,"turns":8},{"damage":17,"enemies":"Donu and Deca","floor":50,"turns":4}],"seed_played":"4505043470925339928","potions_obtained":[{"floor":2,"key":"Energy Potion"},{"floor":6,"key":"LiquidMemories"},{"floor":21,"key":"Explosive Potion"},{"floor":24,"key":"testmod-SpacePotion"},{"floor":25,"key":"AttackPotion"},{"floor":35,"key":"Weak Potion"}],"is_trial":false,"path_per_floor":["M","M","?","$","?","E","?","E","T","R","?","?","M","COS","R","B",null,"M","M","M","M","?","E","M","E","T","R","$","E","M","M","R","B",null,"M","$","M","M","$","R","M","E","T","E","?","M","M","E","R","B",null],"character_chosen":"Kiyohime","items_purchased":["AT_TheCollector","KiyohimeMod:Berserker","ClockworkSouvenir","PreservedInsect","KiyohimeMod:Berserker","testmod-VirtualReality","KiyohimeMod:AgainstMagic","Discovery","KiyohimeMod:HeroCreation","qcfpunch:Fighting_Gloves","testmod-Charity"],"campfire_rested":0,"item_purchase_floors":[4,4,28,28,28,28,28,28,36,36,36],"current_hp_per_floor":[60,60,60,60,60,60,60,60,60,60,60,60,60,60,60,21,60,60,60,60,36,36,21,26,31,31,31,31,36,36,36,36,41,60,60,60,61,62,62,62,63,65,65,67,66,67,68,70,70,55],"gold":862,"neow_bonus":"ONE_RARE_RELIC","is_daily":false,"chose_seed":false,"campfire_upgraded":5,"win_rate":0.0,"timestamp":1610514039,"path_taken":["M","M","?","$","?","E","?","E","T","R","?","?","M","COS","R","BOSS","M","M","M","M","?","E","M","E","T","R","$","E","?","M","R","BOSS","M","$","M","M","$","R","M","E","T","E","?","M","M","E","R","BOSS"],"items_purchased_type":["Relic","Card","Relic","Relic","Card","Card","Card","Card","Card","Relic","Relic"],"build_version":"2020-12-22","purchased_purges":2,"victory":true,"max_hp_per_floor":[60,60,60,60,60,60,60,60,60,60,60,60,60,60,60,60,60,60,60,60,60,60,60,60,60,60,60,60,60,60,60,60,60,60,60,60,61,62,62,62,63,65,65,67,66,67,68,70,70,72],"card_choices":[{"not_picked":["KiyohimeMod:AndSoTheShipConquers","KiyohimeMod:WaterTurn"],"picked":"KiyohimeMod:DivineConstruct","floor":1},{"not_picked":["KiyohimeMod:BlueBlackKey","KiyohimeMod:SteelTraining","KiyohimeMod:HydraDagger","KiyohimeMod:Berserker"],"picked":"KiyohimeMod:ImaginaryAround","floor":2},{"not_picked":["KiyohimeMod:Berserker","KiyohimeMod:SteelTraining","KiyohimeMod:GreenBlackKey","KiyohimeMod:FirstPremonition"],"picked":"KiyohimeMod:AndSoTheShipConquers","floor":6},{"not_picked":["KiyohimeMod:Fragarach","KiyohimeMod:BlueBlackKey","KiyohimeMod:ImaginaryAround","KiyohimeMod:RedBlackKey"],"picked":"KiyohimeMod:LimitedZeroOver","floor":8},{"not_picked":["KiyohimeMod:Fragarach","KiyohimeMod:DivineConstruct","KiyohimeMod:CommandCard_Arts","KiyohimeMod:Grimoire"],"picked":"KiyohimeMod:FormalCraft","floor":12},{"not_picked":["testmod-DeathImprint","ReplayTheSpireMod:Private Reserves","expansioncontent:PrepareCrush","REME_FirmDetermination"],"picked":"expansioncontent:DarkVoid","floor":12},{"not_picked":["KiyohimeMod:FirstPremonition","KiyohimeMod:RedBlackKey","KiyohimeMod:GreenBlackKey","KiyohimeMod:FacelessMoon"],"picked":"KiyohimeMod:ExSpicyMapoTofu","floor":13},{"not_picked":["KiyohimeMod:Barrier","KiyohimeMod:Destruction","KiyohimeMod:CastleOfTheSun","KiyohimeMod:MagicCrystal"],"picked":"KiyohimeMod:Servant_Osakabehime","floor":16},{"not_picked":["KiyohimeMod:FacelessMoon","KiyohimeMod:Servant_TamamoNoMae","KiyohimeMod:Barrier","KiyohimeMod:Servant_Osakabehime"],"picked":"KiyohimeMod:PrismaCosmos","floor":18},{"not_picked":["KiyohimeMod:DragonVein+1","KiyohimeMod:Preemptive","KiyohimeMod:BlueBlackKey+1","KiyohimeMod:SteelTraining"],"picked":"KiyohimeMod:EatSoul","floor":18},{"not_picked":["KiyohimeMod:Fragarach","KiyohimeMod:RealityMarble","KiyohimeMod:SteelTraining","KiyohimeMod:EatSoul"],"picked":"KiyohimeMod:Berserker","floor":18},{"not_picked":["KiyohimeMod:FormalCraft","KiyohimeMod:AndSoTheShipConquers","KiyohimeMod:BeastOfBillows+1","KiyohimeMod:DragonVein"],"picked":"KiyohimeMod:RedBlackKey","floor":19},{"not_picked":["KiyohimeMod:BlueBlackKey","KiyohimeMod:DragonVein+1","KiyohimeMod:DivineConstruct","KiyohimeMod:EatSoul"],"picked":"KiyohimeMod:JeweledSword","floor":19},{"not_picked":["KiyohimeMod:DivineConstruct","KiyohimeMod:GreenBlackKey+1","KiyohimeMod:BlueBlackKey+1","KiyohimeMod:Preemptive+1"],"picked":"KiyohimeMod:CommandCard_Buster","floor":20},{"not_picked":["KiyohimeMod:EatSoul+1","KiyohimeMod:BlueBlackKey","KiyohimeMod:WaterTurn","KiyohimeMod:AndSoTheShipConquers"],"picked":"KiyohimeMod:Tenacious","floor":20},{"not_picked":["KiyohimeMod:RealityMarble","KiyohimeMod:SteelTraining","KiyohimeMod:CommandCard_Quick","KiyohimeMod:Berserker"],"picked":"KiyohimeMod:CelestialInvertedMoon","floor":21},{"not_picked":["KiyohimeMod:BlueBlackKey","KiyohimeMod:GreenBlackKey","KiyohimeMod:RedBlackKey","KiyohimeMod:DivineConstruct"],"picked":"KiyohimeMod:Berserker","floor":21},{"not_picked":["KiyohimeMod:BlueBlackKey","KiyohimeMod:Fragarach+1","KiyohimeMod:MagicCrystal","KiyohimeMod:SteelTraining"],"picked":"KiyohimeMod:CastleOfTheSun","floor":23},{"not_picked":["KiyohimeMod:WaterTurn","KiyohimeMod:Fragarach","KiyohimeMod:DivineConstruct","KiyohimeMod:Preemptive","KiyohimeMod:RedBlackKey"],"picked":"SKIP","floor":24},{"not_picked":["KiyohimeMod:GreenBlackKey+1","KiyohimeMod:ImaginaryAround","KiyohimeMod:EatSoul","KiyohimeMod:SteelTraining","KiyohimeMod:Fragarach"],"picked":"SKIP","floor":24},{"not_picked":["KiyohimeMod:AndSoTheShipConquers+1","KiyohimeMod:CommandCard_Arts","KiyohimeMod:RealityMarble","KiyohimeMod:EatSoul","KiyohimeMod:BlueBlackKey+1"],"picked":"SKIP","floor":25},{"not_picked":["KiyohimeMod:WaterTurn","KiyohimeMod:SteelTraining","KiyohimeMod:Preemptive+1","KiyohimeMod:RealityMarble"],"picked":"KiyohimeMod:PrismaCosmos","floor":29},{"not_picked":["Fire Breathing","Replay:Undeath\u0027s Touch"],"picked":"Entrench+1","floor":30},{"not_picked":["KiyohimeMod:BlueBlackKey","KiyohimeMod:CommandCard_Buster","KiyohimeMod:SteelTraining+1","KiyohimeMod:WaterTurn"],"picked":"KiyohimeMod:PrismaCosmos","floor":30},{"not_picked":["KiyohimeMod:ImaginaryAround","KiyohimeMod:GreenBlackKey","KiyohimeMod:WaterTurn+1","KiyohimeMod:Projection"],"picked":"KiyohimeMod:Berserker","floor":30},{"not_picked":["KiyohimeMod:BeElegant","KiyohimeMod:CommandCard_Buster","KiyohimeMod:AndSoTheShipConquers","KiyohimeMod:RedBlackKey"],"picked":"KiyohimeMod:HotSpringOfTheMoon","floor":31},{"not_picked":["AT_BodySlamDance+1","Run Through","hubris:ReadiedAction+1"],"picked":"SKIP","floor":31},{"not_picked":["KiyohimeMod:SteelTraining","KiyohimeMod:Preemptive","KiyohimeMod:GreenBlackKey","KiyohimeMod:EatSoul","KiyohimeMod:AndSoTheShipConquers"],"picked":"SKIP","floor":31},{"not_picked":["Phantasmal Killer","MostiFishMod:SpreadingSpore"],"picked":"Doppelganger","floor":33},{"not_picked":["KiyohimeMod:JeweledSword","KiyohimeMod:FacelessMoon","KiyohimeMod:GoldenCarpFigure","KiyohimeMod:MagicCrystal"],"picked":"KiyohimeMod:Destruction","floor":33},{"not_picked":["KiyohimeMod:RedBlackKey+1","KiyohimeMod:FormalCraft+1","KiyohimeMod:BlueBlackKey","KiyohimeMod:EatSoul+1"],"picked":"KiyohimeMod:Berserker+1","floor":35},{"not_picked":["KiyohimeMod:SteelTraining+1","KiyohimeMod:AndSoTheShipConquers","KiyohimeMod:RedBlackKey+1","KiyohimeMod:DragonVein"],"picked":"KiyohimeMod:Berserker+1","floor":35},{"not_picked":["Halt","MostiFishMod:StarOceanP","Crescendo"],"picked":"SKIP","floor":35},{"not_picked":["KiyohimeMod:WaterTurn+1","KiyohimeMod:BlueBlackKey+1","KiyohimeMod:RedBlackKey+1","KiyohimeMod:RealityMarble+1"],"picked":"KiyohimeMod:LimitedZeroOver","floor":37},{"not_picked":["Sucker Punch","Caltrops","Cloak And Dagger"],"picked":"SKIP","floor":37},{"not_picked":["KiyohimeMod:Fragarach+1","KiyohimeMod:SteelTraining","KiyohimeMod:Preemptive","KiyohimeMod:Destruction","KiyohimeMod:RealityMarble+1"],"picked":"SKIP","floor":37},{"not_picked":["KiyohimeMod:Berserker","KiyohimeMod:SteelTraining+1","KiyohimeMod:GreenBlackKey","KiyohimeMod:CelestialInvertedMoon","KiyohimeMod:CommandCard_Quick"],"picked":"SKIP","floor":38},{"not_picked":["KiyohimeMod:Fragarach","KiyohimeMod:Berserker+1","KiyohimeMod:Preemptive+1","KiyohimeMod:BlueBlackKey+1","KiyohimeMod:EatSoul+1"],"picked":"SKIP","floor":38},{"not_picked":["KiyohimeMod:GreenBlackKey","KiyohimeMod:BlueBlackKey","KiyohimeMod:Fragarach","KiyohimeMod:FormalCraft+1"],"picked":"KiyohimeMod:Tenacious+1","floor":41},{"not_picked":["KiyohimeMod:EatSoul","KiyohimeMod:Preemptive","KiyohimeMod:RedBlackKey","KiyohimeMod:ImaginaryAround+1","KiyohimeMod:Berserker+1"],"picked":"SKIP","floor":41},{"not_picked":["KiyohimeMod:SteelTraining","KiyohimeMod:WaterTurn","KiyohimeMod:CommandCard_Quick","KiyohimeMod:Servant_TamamoNoMae"],"picked":"KiyohimeMod:HotSpringOfTheMoon","floor":42},{"not_picked":["KiyohimeMod:Grimoire","KiyohimeMod:Projection","KiyohimeMod:RedBlackKey","KiyohimeMod:ExSpicyMapoTofu","KiyohimeMod:FormalCraft"],"picked":"SKIP","floor":44},{"not_picked":["KiyohimeMod:CommandCard_Arts+1","KiyohimeMod:FirstPremonition","KiyohimeMod:RedBlackKey","KiyohimeMod:BlueBlackKey"],"picked":"KiyohimeMod:Berserker+1","floor":45},{"not_picked":["KiyohimeMod:ImaginaryAround","KiyohimeMod:RedBlackKey+1","KiyohimeMod:CommandCard_Buster+1","KiyohimeMod:CelestialInvertedMoon","KiyohimeMod:GreenBlackKey+1"],"picked":"SKIP","floor":46},{"not_picked":["KiyohimeMod:SteelTraining","KiyohimeMod:BlueBlackKey","KiyohimeMod:Berserker","KiyohimeMod:AgainstMagic","KiyohimeMod:AndSoTheShipConquers"],"picked":"SKIP","floor":46},{"not_picked":["KiyohimeMod:WaterTurn+1","KiyohimeMod:AndSoTheShipConquers+1","KiyohimeMod:HydraDagger+1","KiyohimeMod:RealityMarble+1","KiyohimeMod:CommandCard_Arts+1"],"picked":"SKIP","floor":47},{"not_picked":["KiyohimeMod:WaterTurn+1","KiyohimeMod:AndSoTheShipConquers","KiyohimeMod:BlueBlackKey","KiyohimeMod:SteelTraining+1","KiyohimeMod:Berserker"],"picked":"SKIP","floor":47},{"not_picked":["KiyohimeMod:ExSpicyMapoTofu","KiyohimeMod:BeastOfBillows+1","KiyohimeMod:Preemptive+1","KiyohimeMod:GreenBlackKey"],"picked":"KiyohimeMod:FormalCraft+1","floor":48}],"player_experience":297688,"relics_obtained":[{"floor":1,"key":"SynthV:TestCard"},{"floor":6,"key":"hexamod:BolsterEngine"},{"floor":8,"key":"HornCleat"},{"floor":9,"key":"Replay:Bottled Steam"},{"floor":23,"key":"DianPoetry"},{"floor":25,"key":"Whetstone"},{"floor":26,"key":"Golden Egg"},{"floor":29,"key":"qcfpunch:School_Backpack"},{"floor":42,"key":"qcfpunch:Red_Beret"},{"floor":43,"key":"Blue Candle"},{"floor":44,"key":"RuthlessExorcism:ReiMu"},{"floor":48,"key":"Replay:Bottled Eggs"}],"event_choices":[{"damage_healed":0,"gold_gain":0,"player_choice":"1","damage_taken":0,"max_hp_gain":0,"max_hp_loss":0,"event_name":"betterMatch:BetterMatch","floor":12,"gold_loss":0,"cards_obtained":["betterMatch:UncommonCard","betterMatch:ColorlessUncommonCard"]},{"damage_healed":0,"gold_gain":100,"player_choice":"Pray","damage_taken":0,"max_hp_gain":0,"max_hp_loss":0,"event_name":"Golden Shrine","floor":22,"gold_loss":0}],"is_beta":false,"boss_relics":[{"not_picked":["ReplayTheSpireMod:DimensionalGlitch","qcfpunch:Dark_Gi"],"picked":"ChiXiaoBlade"},{"not_picked":["hubris:Stopwatch","Replay:Wanted Poster"],"picked":"Replay:Bronze Core"}],"items_purged_floors":[4,28],"is_endless":false,"potions_floor_spawned":[2,6,8,21,24,25,30,35,42,44,47],"ascension_level":2}}