{"host":"xwog71r75u8mqwn1","time":1610559767,"event":{"mods":["BaseMod","Evolution","Minty Spire (QoL Compilation)","StSLib"],"gold_per_floor":[365,55,55,55,55,83,83,113,139,139,167,167,183,194,194,295,295,314,333,28,28,48,48,80,93,140,175,175,203,203,216,216,311,311,322,332,382,395,415,415,415,445,445,461,281,281,156,175,175,175],"floor_reached":51,"language":"ENG","playtime":2626,"items_purged":["Strike_R","Strike_R","Strike_R"],"score":1178,"play_id":"5646c12f-3974-4aa6-904b-22749afc73e2","local_time":"20210113114246","is_ascension_mode":true,"campfire_choices":[{"data":"Inflame","floor":7,"key":"SMITH"},{"floor":10,"key":"REST"},{"floor":12,"key":"REST"},{"data":"Heavy Blade","floor":15,"key":"SMITH"},{"data":"Pommel Strike","floor":23,"key":"SMITH"},{"floor":30,"key":"REST"},{"data":"Demon Form","floor":32,"key":"SMITH"},{"data":"Heavy Blade","floor":40,"key":"SMITH"},{"data":"Shrug It Off","floor":49,"key":"SMITH"}],"circlet_count":0,"master_deck":["AscendersBane","Defend_R","Defend_R","Defend_R","Bash+1","Iron Wave","Inflame+1","Spot Weakness","Cleave","Shrug It Off+1","Heavy Blade+1","Impervious","Thunderclap+1","Pommel Strike+1","Twin Strike+1","Demon Form+1","Thunderclap","Heavy Blade+1","Ghostly Armor+1"],"relics":["Black Blood","EVO:Axolotl","ClockworkSouvenir","Du-Vu Doll","Kunai","Strawberry","Champion Belt","Velvet Choker","Thread and Needle","Toxic Egg 2","Toy Ornithopter","Turnip","Bottled Flame","Torii","Meat on the Bone","Gremlin Horn"],"acts_visited":["Exordium","TheCity","TheBeyond"],"potions_floor_usage":[11,16,50,50],"damage_taken":[{"damage":3,"enemies":"2 Louse","floor":1,"turns":3},{"damage":40,"enemies":"3 Sentries","floor":6,"turns":10},{"damage":35,"enemies":"Lagavulin","floor":8,"turns":5},{"damage":30,"enemies":"3 Sentries","floor":11,"turns":8},{"damage":0,"enemies":"Small Slimes","floor":13,"turns":2},{"damage":0,"enemies":"Cultist","floor":14,"turns":3},{"damage":27,"enemies":"Hexaghost","floor":16,"turns":7},{"damage":7,"enemies":"Chosen","floor":18,"turns":4},{"damage":2,"enemies":"Spheric Guardian","floor":19,"turns":3},{"damage":6,"enemies":"Centurion and Healer","floor":22,"turns":5},{"damage":11,"enemies":"Book of Stabbing","floor":24,"turns":3},{"damage":21,"enemies":"Shelled Parasite and Fungi","floor":25,"turns":4},{"damage":6,"enemies":"Gremlin Leader","floor":27,"turns":5},{"damage":30,"enemies":"Book of Stabbing","floor":29,"turns":5},{"damage":15,"enemies":"Snake Plant","floor":31,"turns":3},{"damage":27,"enemies":"Champ","floor":33,"turns":7},{"damage":11,"enemies":"3 Darklings","floor":35,"turns":4},{"damage":17,"enemies":"Orb Walker","floor":36,"turns":4},{"damage":16,"enemies":"Mind Bloom Boss Battle","floor":37,"turns":7},{"damage":12,"enemies":"Sphere and 2 Shapes","floor":38,"turns":4},{"damage":1,"enemies":"Maw","floor":39,"turns":5},{"damage":3,"enemies":"Nemesis","floor":42,"turns":5},{"damage":25,"enemies":"3 Darklings","floor":44,"turns":4},{"damage":1,"enemies":"4 Shapes","floor":48,"turns":3},{"damage":66,"enemies":"Time Eater","floor":50,"turns":7}],"seed_played":"-8969522549046664742","potions_obtained":[{"floor":6,"key":"Swift Potion"},{"floor":11,"key":"PowerPotion"},{"floor":14,"key":"SteroidPotion"},{"floor":16,"key":"Ancient Potion"},{"floor":33,"key":"Regen Potion"},{"floor":39,"key":"PowerPotion"}],"is_trial":false,"path_per_floor":["M","$","?","?","?","E","R","E","T","R","E","R","M","M","R","B",null,"M","M","$","?","M","R","E","M","T","E","?","E","R","M","R","B",null,"M","M","?","M","M","R","?","E","T","M","$","?","$","M","R","B",null],"character_chosen":"IRONCLAD","items_purchased":["Inflame","ClockworkSouvenir","Thread and Needle","Ghostly Armor+1"],"campfire_rested":3,"item_purchase_floors":[2,2,20,45],"current_hp_per_floor":[54,54,47,73,73,39,39,10,17,43,19,45,51,57,57,36,74,73,77,77,77,77,77,72,57,57,57,57,33,59,50,50,29,73,74,69,65,65,76,76,76,85,85,72,72,72,72,83,83,63],"gold":175,"neow_bonus":"TWO_FIFTY_GOLD","is_daily":false,"chose_seed":false,"campfire_upgraded":6,"win_rate":0.0,"timestamp":1610559766,"path_taken":["M","$","?","?","?","E","R","E","T","R","E","R","M","M","R","BOSS","M","M","$","?","M","R","E","M","T","E","?","E","R","M","R","BOSS","M","M","?","M","M","R","?","E","T","?","$","?","$","M","R","BOSS"],"items_purchased_type":["Card","Relic","Relic","Card"],"build_version":"2020-12-22","purchased_purges":3,"victory":true,"max_hp_per_floor":[80,80,80,80,80,80,80,80,87,87,87,87,87,87,87,87,87,87,87,87,87,87,87,87,87,87,87,87,87,87,87,87,87,87,87,87,87,87,87,87,87,87,87,87,87,87,87,87,87,87],"card_choices":[{"not_picked":["Anger","Rupture"],"picked":"Iron Wave","floor":1},{"not_picked":["Armaments","Exhume"],"picked":"Spot Weakness","floor":6},{"not_picked":["Offering","Wild Strike","Anger"],"picked":"SKIP","floor":8},{"not_picked":["Flex","Thunderclap"],"picked":"Cleave","floor":11},{"not_picked":["Clash","Whirlwind"],"picked":"Shrug It Off","floor":13},{"not_picked":["Sword Boomerang","Entrench"],"picked":"Heavy Blade","floor":14},{"not_picked":["Feed","Corruption"],"picked":"Impervious","floor":16},{"not_picked":["Twin Strike","Pommel Strike"],"picked":"Thunderclap+1","floor":18},{"not_picked":["Cleave","Armaments+1"],"picked":"Pommel Strike","floor":19},{"not_picked":["True Grit","Body Slam"],"picked":"Twin Strike+1","floor":22},{"not_picked":["Anger","Twin Strike"],"picked":"Demon Form","floor":24},{"not_picked":["Twin Strike","True Grit+1"],"picked":"Thunderclap","floor":25},{"not_picked":["Searing Blow","Clash","Pommel Strike"],"picked":"SKIP","floor":27},{"not_picked":["Pummel","Whirlwind","Pommel Strike+1"],"picked":"SKIP","floor":29},{"not_picked":["Pommel Strike","Warcry+1","Pummel"],"picked":"SKIP","floor":31},{"not_picked":["Clash+1","Perfected Strike+1","Flex+1"],"picked":"SKIP","floor":35},{"not_picked":["Feel No Pain+1","Flex+1","Carnage"],"picked":"SKIP","floor":36},{"not_picked":["Shockwave+1","Armaments+1"],"picked":"Heavy Blade","floor":37},{"not_picked":["Pommel Strike+1","Rupture","Dark Embrace+1"],"picked":"SKIP","floor":38},{"not_picked":["Dropkick+1","Evolve","True Grit+1"],"picked":"SKIP","floor":39},{"not_picked":["Whirlwind","Rampage","Shockwave+1"],"picked":"SKIP","floor":42},{"not_picked":["Headbutt+1","Thunderclap","Exhume+1"],"picked":"SKIP","floor":44},{"not_picked":["Flex+1","Thunderclap+1","Feel No Pain+1"],"picked":"SKIP","floor":48}],"player_experience":2450415,"relics_obtained":[{"floor":6,"key":"Du-Vu Doll"},{"floor":8,"key":"Kunai"},{"floor":9,"key":"Strawberry"},{"floor":11,"key":"Champion Belt"},{"floor":24,"key":"Toxic Egg 2"},{"floor":26,"key":"Toy Ornithopter"},{"floor":27,"key":"Turnip"},{"floor":29,"key":"Bottled Flame"},{"floor":37,"key":"Torii"},{"floor":42,"key":"Meat on the Bone"},{"floor":43,"key":"Gremlin Horn"}],"event_choices":[{"cards_removed":["Defend_R"],"damage_healed":0,"gold_gain":0,"player_choice":"Card Removal","damage_taken":7,"max_hp_gain":0,"max_hp_loss":0,"event_name":"Golden Wing","floor":3,"gold_loss":0},{"damage_healed":26,"gold_gain":0,"player_choice":"Banana","damage_taken":0,"max_hp_gain":0,"max_hp_loss":0,"event_name":"Big Fish","floor":4,"gold_loss":0},{"damage_healed":0,"gold_gain":0,"player_choice":"Grow","damage_taken":0,"max_hp_gain":0,"max_hp_loss":0,"event_name":"Living Wall","floor":5,"gold_loss":0,"cards_upgraded":["Bash"]},{"cards_removed":["Strike_R"],"damage_healed":0,"gold_gain":0,"player_choice":"Elegance","damage_taken":0,"max_hp_gain":0,"max_hp_loss":0,"event_name":"Back to Basics","floor":21,"gold_loss":0},{"damage_healed":0,"gold_gain":0,"player_choice":"Ignored","damage_taken":0,"max_hp_gain":0,"max_hp_loss":0,"event_name":"Vampires","floor":28,"gold_loss":0},{"damage_healed":0,"gold_gain":0,"player_choice":"Fight","damage_taken":0,"max_hp_gain":0,"max_hp_loss":0,"event_name":"MindBloom","floor":37,"gold_loss":0},{"damage_healed":0,"gold_gain":0,"player_choice":"Bought 0 Potions","damage_taken":0,"max_hp_gain":0,"max_hp_loss":0,"event_name":"The Woman in Blue","floor":41,"gold_loss":0},{"cards_removed":["Strike_R"],"damage_healed":0,"gold_gain":0,"player_choice":"Removed Attack","damage_taken":0,"max_hp_gain":0,"max_hp_loss":0,"event_name":"Falling","floor":46,"gold_loss":0}],"is_beta":false,"boss_relics":[{"not_picked":["Runic Pyramid","Runic Cube"],"picked":"Velvet Choker"},{"not_picked":["Runic Dome","Mark of Pain"],"picked":"Black Blood"}],"items_purged_floors":[2,45,47],"is_endless":false,"potions_floor_spawned":[6,11,14,16,18,19,27,31,33,35,39,44,48],"ascension_level":11}}