{"host":"a0d98l75j0h1o085","time":1610566224,"event":{"mods":["AlwaysNeverKeys","BaseMod","Downfall","Highlight Path","Minty Spire (QoL Compilation)","StSLib"],"gold_per_floor":[112,112,112,37,57,92,111,123,123,123,123,136,154,197,197,316,316,337,337,361,460,460,494,494,494,543,543,568,602,602,362,362,488,488,511,536,758,824,824,824,824],"floor_reached":40,"language":"ENG","playtime":10464,"items_purged":["Defend_P"],"score":587,"play_id":"d485099e-aeab-47bc-8c63-ed40cf67bebe","local_time":"20210113193024","is_ascension_mode":false,"campfire_choices":[{"data":"Eruption","floor":11.0,"key":"SMITH"},{"data":"Perseverance","floor":15.0,"key":"SMITH"},{"data":"Study","floor":25.0,"key":"SMITH"},{"data":"DevaForm","floor":27.0,"key":"SMITH"},{"data":"DeusExMachina","floor":30.0,"key":"SMITH"},{"data":"expansioncontent:QuickStudy","floor":32.0,"key":"SMITH"}],"circlet_count":0,"master_deck":["Strike_P+1","Strike_P+1","Strike_P+1","Strike_P+1","Defend_P+1","Defend_P+1","Defend_P+1","Eruption+1","Vigilance","Perseverance+1","Indignation","Adaptation","ThirdEye","DeusExMachina+1","FearNoEvil","DevaForm+1","Crescendo+1","Study+1","ConjureBlade","expansioncontent:QuickStudy+1","JustLucky","Establishment","CurseOfTheBell","Brilliance","Halt+1"],"relics":["PureWater","NeowsBlessing","Thread and Needle","Blue Candle","Golden Idol","Question Card","VioletLotus","Sundial","Eternal Feather","Pen Nib","Red Mask","Calling Bell","Damaru","Gremlin Horn","Ginger","CaptainsWheel"],"acts_visited":["Exordium","TheCity","TheBeyond"],"potions_floor_usage":[38],"damage_taken":[{"damage":0.0,"enemies":"2 Louse","floor":1.0,"turns":1.0},{"damage":0.0,"enemies":"Cultist","floor":5.0,"turns":1.0},{"damage":0.0,"enemies":"Lagavulin","floor":6.0,"turns":1.0},{"damage":0.0,"enemies":"Small Slimes","floor":7.0,"turns":3.0},{"damage":0.0,"enemies":"2 Fungi Beasts","floor":8.0,"turns":2.0},{"damage":0.0,"enemies":"Blue Slaver","floor":12.0,"turns":4.0},{"damage":0.0,"enemies":"Large Slime","floor":13.0,"turns":4.0},{"damage":9.0,"enemies":"Gremlin Nob","floor":14.0,"turns":4.0},{"damage":0.0,"enemies":"Slime Boss","floor":16.0,"turns":8.0},{"damage":5.0,"enemies":"Chosen","floor":18.0,"turns":5.0},{"damage":0.0,"enemies":"3 Byrds","floor":20.0,"turns":5.0},{"damage":0.0,"enemies":"Book of Stabbing","floor":23.0,"turns":4.0},{"damage":0.0,"enemies":"Shelled Parasite and Fungi","floor":28.0,"turns":6.0},{"damage":61.0,"enemies":"Masked Bandits","floor":29.0,"turns":6.0},{"damage":0.0,"enemies":"Collector","floor":33.0,"turns":5.0},{"damage":0.0,"enemies":"3 Shapes","floor":35.0,"turns":2.0},{"damage":0.0,"enemies":"Orb Walker","floor":36.0,"turns":2.0},{"damage":35,"enemies":"2 Orb Walkers","floor":38,"turns":5},{"damage":42,"enemies":"Nemesis","floor":40,"turns":4}],"seed_played":"6590645620707326595","potions_obtained":[{"floor":5.0,"key":"AttackPotion"},{"floor":6.0,"key":"Weak Potion"},{"floor":7.0,"key":"DistilledChaos"},{"floor":12.0,"key":"FearPotion"},{"floor":20.0,"key":"AttackPotion"},{"floor":23.0,"key":"Explosive Potion"},{"floor":29.0,"key":"SkillPotion"},{"floor":33.0,"key":"Ambrosia"},{"floor":38,"key":"BlessingOfTheForge"}],"is_trial":false,"path_per_floor":["M","?","$","$","M","E","M","M","T","?","R","M","M","E","R","B",null,"M","?","M","?","T","E","?","R","T","R","M","?","R","$","R","B",null,"M","M","?","?","?","E"],"character_chosen":"WATCHER","items_purchased":["expansioncontent:QuickStudy","JustLucky"],"campfire_rested":0,"item_purchase_floors":[31,31],"current_hp_per_floor":[72,72,72,72,72,72,72,72,72,54,54,54,54,45,45,45,72,67,67,67,67,67,67,67,72,72,72,72,11,20,20,32,32,72,72,72,72,37,37,0,0],"gold":824,"neow_bonus":"THREE_ENEMY_KILL","is_daily":false,"chose_seed":false,"campfire_upgraded":6,"win_rate":0.0,"timestamp":1610566224,"path_taken":["M","?","?","$","M","E","M","?","T","?","R","M","M","E","R","BOSS","M","?","M","?","?","E","?","R","T","R","M","?","R","$","R","BOSS","M","M","?","?","?","E"],"items_purchased_type":["Card","Card"],"build_version":"2020-12-22","purchased_purges":1,"victory":false,"max_hp_per_floor":[72,72,72,72,72,72,72,72,72,72,72,72,72,72,72,72,72,72,72,72,72,72,72,72,72,72,72,72,72,72,72,72,72,72,72,72,72,72,72,72,72],"card_choices":[{"not_picked":["EmptyBody","FlyingSleeves"],"picked":"Perseverance","floor":1.0},{"not_picked":["EmptyMind","SashWhip"],"picked":"Indignation","floor":5.0},{"not_picked":["Consecrate","Collect"],"picked":"Adaptation","floor":6.0},{"not_picked":["FlurryOfBlows","FlyingSleeves"],"picked":"ThirdEye","floor":7.0},{"not_picked":["ReachHeaven","CutThroughFate","EmptyFist"],"picked":"SKIP","floor":8.0},{"not_picked":["FlyingSleeves","EmptyFist","CrushJoints"],"picked":"SKIP","floor":12.0},{"not_picked":["Indignation","FlyingSleeves"],"picked":"DeusExMachina","floor":13.0},{"not_picked":["Nirvana","WheelKick"],"picked":"FearNoEvil","floor":14.0},{"not_picked":["ConjureBlade","Vault","DeusExMachina"],"picked":"DevaForm","floor":16.0},{"not_picked":["Protect","Nirvana","Meditate"],"picked":"Crescendo+1","floor":18.0},{"not_picked":["CrushJoints","Consecrate","ClearTheMind+1"],"picked":"Study","floor":20.0},{"not_picked":["EmptyFist","FollowUp","Study","EmptyMind"],"picked":"SKIP","floor":23.0},{"not_picked":["BowlingBash","Halt+1","SashWhip"],"picked":"ConjureBlade","floor":28.0},{"not_picked":["ConjureBlade","DevaForm","Ragnarok"],"picked":"Establishment","floor":33.0},{"not_picked":["Consecrate+1","JustLucky","Halt+1"],"picked":"Brilliance","floor":35.0},{"not_picked":["TalkToTheHand+1","Sanctity","WaveOfTheHand"],"picked":"Halt+1","floor":36.0}],"player_experience":897367,"relics_obtained":[{"floor":6.0,"key":"Thread and Needle"},{"floor":9.0,"key":"Blue Candle"},{"floor":14.0,"key":"Question Card"},{"floor":22.0,"key":"Sundial"},{"floor":23.0,"key":"Eternal Feather"},{"floor":26.0,"key":"Pen Nib"},{"floor":29.0,"key":"Red Mask"},{"floor":34.0,"key":"Damaru"},{"floor":34.0,"key":"Gremlin Horn"},{"floor":34.0,"key":"Ginger"},{"floor":38,"key":"CaptainsWheel"}],"event_choices":[{"damage_healed":0.0,"max_hp_gain":0.0,"max_hp_loss":0.0,"gold_gain":0.0,"event_name":"NoteForYourself","player_choice":"Ignored","floor":2.0,"gold_loss":0.0,"damage_taken":0.0},{"damage_healed":0.0,"max_hp_gain":0.0,"max_hp_loss":0.0,"gold_gain":0.0,"event_name":"Golden Idol","player_choice":"Take Damage","floor":10.0,"gold_loss":0.0,"damage_taken":18.0,"relics_obtained":["Golden Idol"]},{"damage_healed":0.0,"max_hp_gain":0.0,"max_hp_loss":0.0,"gold_gain":0.0,"event_name":"Back to Basics","player_choice":"Simplicity","floor":19.0,"gold_loss":0.0,"damage_taken":0.0,"cards_upgraded":["Strike_P","Strike_P","Strike_P","Strike_P","Defend_P","Defend_P","Defend_P"]},{"damage_healed":0.0,"max_hp_gain":0.0,"max_hp_loss":0.0,"gold_gain":99.0,"event_name":"Nest","player_choice":"Stole From Cult","floor":21.0,"gold_loss":0.0,"damage_taken":0.0},{"damage_healed":0.0,"max_hp_gain":0.0,"max_hp_loss":0.0,"gold_gain":0.0,"event_name":"Vampires","player_choice":"Ignored","floor":24.0,"gold_loss":0.0,"damage_taken":0.0},{"damage_healed":0.0,"max_hp_gain":0.0,"max_hp_loss":0.0,"gold_gain":0.0,"event_name":"Masked Bandits","player_choice":"Fought Bandits","floor":29.0,"gold_loss":0.0,"damage_taken":0.0},{"damage_healed":0.0,"max_hp_gain":0.0,"max_hp_loss":0.0,"gold_gain":222.0,"event_name":"Tomb of Lord Red Mask","player_choice":"Wore Mask","floor":37.0,"gold_loss":0.0,"damage_taken":0.0},{"damage_healed":0,"gold_gain":0,"player_choice":"Fight","damage_taken":0,"max_hp_gain":0,"max_hp_loss":0,"event_name":"Mysterious Sphere","floor":38,"gold_loss":0},{"damage_healed":0,"gold_gain":0,"player_choice":"Ignored","damage_taken":0,"max_hp_gain":0,"max_hp_loss":0,"event_name":"SecretPortal","floor":39,"gold_loss":0}],"is_beta":false,"boss_relics":[{"not_picked":["SacredBark","Coffee Dripper"],"picked":"VioletLotus"},{"not_picked":["expansioncontent:StudyCardRelic","Empty Cage"],"picked":"Calling Bell"}],"items_purged_floors":[4],"is_endless":false,"potions_floor_spawned":[5,6,7,12,20,23,29,33,38],"killed_by":"Nemesis","ascension_level":0}}