{"host":"659h2nzl21d2gfgw","time":1610578323,"event":{"mods":["AchievementEnabler","Act Like it!","Astrologer","BaseMod","DeckTracker","Downfall","Hermit","Jorbs\u0027s Wanderer Trilogy","Marisa????????","Minty Spire (QoL Compilation)","Shade Mod","Somnambulant","StSLib","The Construct","The Hierophant","The Poker Player","The Runesmith","TheArtist","TheBandit"],"gold_per_floor":[99,99,99,99,99,99,146,51,76,76,92,123,136,166,185,185,185,185],"floor_reached":16,"language":"ENG","playtime":1392,"items_purged":[],"score":116,"play_id":"fc25a1fc-7769-47f8-a5ec-7f8763f26140","local_time":"20210113175203","is_ascension_mode":false,"campfire_choices":[{"data":"champ:Taunt","floor":1.0,"key":"SMITH"},{"data":"champ:TornadoPunch","floor":6.0,"key":"SMITH"}],"circlet_count":0,"master_deck":["champ:Strike","champ:Strike","champ:Strike","champ:Strike","champ:Defend","champ:Defend","champ:Defend","champ:Defend","champ:Execute","champ:Taunt+1","champ:TornadoPunch+1","champ:FlashCut","champ:BerserkerStyle+1","champ:Backstep","champ:ShieldWall","champ:ShieldWall","champ:DefensiveShout","champ:Circumvent","champ:RisingSlash"],"relics":["champ:ChampionCrown","downfall:HeartsMalice","Bronze Scales","construct:FoamFinger","champ:FightingForDummies","champ:DefensiveTrainingManual"],"acts_visited":["Exordium"],"potions_floor_usage":[14,16,16],"damage_taken":[{"damage":0.0,"enemies":"Cultist","floor":2.0,"turns":1.0},{"damage":0.0,"enemies":"2 Louse","floor":3.0,"turns":1.0},{"damage":0.0,"enemies":"Small Slimes","floor":4.0,"turns":1.0},{"damage":10.0,"enemies":"downfall:FleeingMerchant","floor":8.0,"turns":4.0},{"damage":30.0,"enemies":"3 Sentries","floor":9.0,"turns":7.0},{"damage":13.0,"enemies":"2 Fungi Beasts","floor":11.0,"turns":3.0},{"damage":22.0,"enemies":"Gremlin Nob","floor":12.0,"turns":4.0},{"damage":10.0,"enemies":"3 Louse","floor":13.0,"turns":3.0},{"damage":5,"enemies":"3 Sentries","floor":14,"turns":5},{"damage":0,"enemies":"Lots of Slimes","floor":15,"turns":1},{"damage":26,"enemies":"downfall:Defect","floor":16,"turns":4}],"seed_played":"5671849190078174798","potions_obtained":[{"floor":9.0,"key":"EntropicBrew"},{"floor":11.0,"key":"Weak Potion"},{"floor":12.0,"key":"SkillPotion"},{"floor":15,"key":"champ:CounterPotion"}],"is_trial":false,"path_per_floor":["R","M","M","M","?","R","T","$","E","?","M","E","M","E","M","B"],"character_chosen":"THE_CHAMP","items_purchased":["champ:ShieldWall"],"campfire_rested":0,"item_purchase_floors":[8],"current_hp_per_floor":[90,90,90,90,90,90,90,90,67,49,45,30,25,20,20,0,0,0],"gold":185,"neow_bonus":"THREE_ENEMY_KILL","is_daily":false,"chose_seed":false,"campfire_upgraded":2,"win_rate":0.0,"timestamp":1610578323,"path_taken":["R","M","?","M","?","R","T","?","E","?","M","E","M","E","M","BOSS"],"items_purchased_type":["Card"],"build_version":"2020-12-22","purchased_purges":0,"victory":false,"max_hp_per_floor":[90,90,90,90,90,90,90,90,90,90,90,90,90,90,90,90,90,90],"card_choices":[{"not_picked":["champ:AdrenalArmor","champ:BringItOn"],"picked":"champ:TornadoPunch","floor":2.0},{"not_picked":["champ:HeartStrike","champ:PerfectedStrike"],"picked":"champ:FlashCut","floor":3.0},{"not_picked":["champ:StanceDance","champ:BringItOn"],"picked":"champ:BerserkerStyle","floor":4.0},{"not_picked":["champ:Riposte","champ:FaceSlap"],"picked":"champ:Backstep","floor":8.0},{"not_picked":["champ:FocusedBerserking","champ:SkillfulDodge"],"picked":"champ:ShieldWall","floor":9.0},{"not_picked":["champ:LastStand","champ:RapidStrikes","champ:Haymaker"],"picked":"SKIP","floor":11.0},{"not_picked":["champ:ViciousMockery","champ:RecklessLeap"],"picked":"champ:DefensiveShout","floor":12.0},{"not_picked":["champ:ViciousMockery","champ:AdrenalArmor"],"picked":"champ:Circumvent","floor":13.0},{"not_picked":["champ:Duel","champ:GladiatorsShout","champ:BladeFlurry"],"picked":"SKIP","floor":14},{"not_picked":["champ:Duel","champ:GladiatorsShout","champ:BladeFlurry"],"picked":"SKIP","floor":14},{"not_picked":["champ:TornadoPunch","champ:GladiatorsShout"],"picked":"champ:RisingSlash","floor":15}],"player_experience":158037,"relics_obtained":[{"floor":9.0,"key":"Bronze Scales"},{"floor":12.0,"key":"champ:FightingForDummies"},{"floor":14,"key":"champ:DefensiveTrainingManual"}],"event_choices":[{"damage_healed":0.0,"max_hp_gain":0.0,"max_hp_loss":0.0,"gold_gain":0.0,"event_name":"Upgrade Shrine","player_choice":"Upgraded","floor":5.0,"gold_loss":0.0,"damage_taken":0.0,"cards_upgraded":["champ:BerserkerStyle"]},{"damage_healed":0.0,"max_hp_gain":0.0,"max_hp_loss":0.0,"gold_gain":0.0,"event_name":"Scrap Ooze","player_choice":"Success","floor":10.0,"gold_loss":0.0,"damage_taken":18.0,"relics_obtained":["construct:FoamFinger"]}],"is_beta":false,"boss_relics":[],"items_purged_floors":[],"is_endless":false,"potions_floor_spawned":[9,11,12,15],"killed_by":"downfall:Defect","ascension_level":0}}