{"host":"eejrqhjknvwl59ep","time":1610519542,"event":{"mods":["BaseMod","Downfall","Hubris","Infinite Spire","Minty Spire (QoL Compilation)","StSLib"],"gold_per_floor":[111,123,123,123,19,19,19,45,45,45,45,73,106,106,106,206,256,273,273,31,31,31,31,31,86,86,86,86,113,133,29,29,127,127,139,139,101,101,101,101],"floor_reached":38,"language":"ENG","playtime":1581,"items_purged":["Writhe"],"score":500,"play_id":"0ae9879c-2df2-4021-8858-ce23cee118a9","local_time":"20210113073222","daily_mods":["SealedDeck","Heirloom","Time Dilation","Flight"],"is_ascension_mode":false,"campfire_choices":[{"data":"Slimebound:RollThrough","floor":6,"key":"SMITH"},{"data":"Slimebound:SamplingLick","floor":10,"key":"SMITH"},{"data":"Slimebound:SlimeSpikes","floor":11,"key":"SMITH"},{"data":"Slimebound:SlimeSpikes","floor":15,"key":"SMITH"},{"data":"Apotheosis","floor":23,"key":"SMITH"},{"floor":27,"key":"DIG"},{"floor":28,"key":"DIG"},{"data":"Slimebound:Schlurp","floor":32,"key":"SMITH"}],"circlet_count":0,"master_deck":["Slimebound:AcidTongue","Slimebound:Gluttony","Slimebound:SplitBruiser","Slimebound:SplitMire","Slimebound:SplitMire+1","Slimebound:SlimeSpikes+1","Slimebound:SlimeSpikes+1","Slimebound:SlimeSpikes+1","Slimebound:LeadByExample+1","Slimebound:LeechingTouch","Slimebound:LeechingTouch","Slimebound:RollThrough+1","Slimebound:ComboTackle+1","Slimebound:SamplingLick+1","Slimebound:SplitMire","Slimebound:RallyTheTroops","Slimebound:AcidTongue","Slimebound:ComboTackle+1","J.A.X.","Apotheosis+1","infinitespire:Collect","Slimebound:Schlurp+1","Slimebound:MassFeed","Slimebound:ViciousTackle+1","Slimebound:ItLooksTasty","Slimebound:SamplingLick","expansioncontent:Hexaburn"],"relics":["Slimebound:AbsorbEndCombat","Calipers","Anchor","Shovel","Letter Opener","Juzu Bracelet","Tiny House","Membership Card","Guardian:PocketSentry","Akabeko","Ornamental Fan","Happy Flower","The Courier","hubris:BundleOfHerbs","infinitespire:Bottled Soul","SacredBark"],"acts_visited":["Exordium","TheCity","TheBeyond"],"potions_floor_usage":[35,35,38,38],"damage_taken":[{"damage":32,"enemies":"infinitespire:Voidling","floor":1,"turns":4},{"damage":9,"enemies":"2 Louse","floor":2,"turns":3},{"damage":20,"enemies":"Gremlin Nob","floor":8,"turns":3},{"damage":32,"enemies":"Lagavulin","floor":12,"turns":4},{"damage":14,"enemies":"Gremlin Nob","floor":13,"turns":3},{"damage":19,"enemies":"Slime Boss","floor":16,"turns":5},{"damage":18,"enemies":"Shell Parasite","floor":18,"turns":4},{"damage":31,"enemies":"Book of Stabbing","floor":29,"turns":4},{"damage":4,"enemies":"2 Thieves","floor":30,"turns":3},{"damage":29,"enemies":"Champ","floor":33,"turns":7},{"damage":24,"enemies":"3 Darklings","floor":35,"turns":4},{"damage":5,"enemies":"infinitespire:Three Voidlings","floor":38,"turns":3},{"damage":65,"enemies":"Nightmare_Alpha","floor":38,"turns":5}],"seed_played":"-4235187119181594280","potions_obtained":[{"floor":2,"key":"Explosive Potion"},{"floor":8,"key":"LiquidBronze"},{"floor":13,"key":"champ:CounterPotion"},{"floor":17,"key":"DuplicationPotion"},{"floor":35,"key":"SteroidPotion"}],"is_trial":true,"path_per_floor":["M","M","?","?","$","R","?","E","T","R","R","E","E","?","R","B",null,"M","?","$","?","?","R","?","T","T","R","R","E","M","$","R","B",null,"M","?","$","?"],"character_chosen":"SLIMEBOUND","items_purchased":["Slimebound:RollThrough","Slimebound:ComboTackle","Membership Card","Apotheosis","infinitespire:Bottled Soul"],"campfire_rested":0,"item_purchase_floors":[5,5,20,20,31],"current_hp_per_floor":[50,49,49,49,49,49,49,43,43,43,43,31,37,37,37,48,65,65,65,65,65,50,50,50,50,50,50,50,35,39,39,39,44,65,45,45,45,0,0,0],"gold":101,"neow_bonus":"","is_daily":false,"chose_seed":false,"campfire_upgraded":6,"win_rate":0.0,"timestamp":1610519542,"path_taken":["M","?","?","?","?","R","?","E","T","R","R","E","E","?","R","BOSS","M","?","$","?","?","R","?","?","T","R","R","E","M","?","R","BOSS","M","?","?","?"],"items_purchased_type":["Card","Card","Relic","Card","Relic"],"build_version":"2020-12-22","purchased_purges":1,"victory":false,"max_hp_per_floor":[60,60,60,60,60,60,60,60,60,60,60,60,60,60,60,60,65,65,65,65,65,65,65,65,65,65,65,65,65,65,65,65,65,65,65,65,65,73,73,73],"card_choices":[{"not_picked":["Slimebound:ComboTackle","Slimebound:ViciousTackle"],"picked":"Slimebound:LeechingTouch","floor":1},{"not_picked":["Slimebound:SlimeTap","Slimebound:SplitAcid"],"picked":"Slimebound:LeechingTouch","floor":2},{"not_picked":["Slimebound:LeechEnergy","Slimebound:SlimeTap"],"picked":"Slimebound:SamplingLick","floor":8},{"not_picked":["Slimebound:Prepare","Slimebound:ViciousTackle"],"picked":"Slimebound:SplitMire","floor":12},{"not_picked":["Slimebound:SlimeBrawl","Slimebound:SplitLeeching","Slimebound:Prepare"],"picked":"SKIP","floor":13},{"not_picked":["Slimebound:Teamwork","Slimebound:DouseInSlime"],"picked":"Slimebound:RallyTheTroops","floor":16},{"not_picked":["Slimebound:SlimeBarrage","Slimebound:LeechingTouch"],"picked":"Slimebound:AcidTongue","floor":17},{"not_picked":["Slimebound:PressTheAttack","Slimebound:SplitBruiser"],"picked":"Slimebound:ComboTackle+1","floor":18},{"not_picked":["hubris:Rewind","infinitespire:NeuralNetwork"],"picked":"infinitespire:Collect","floor":22},{"not_picked":["Slimebound:ForwardTackle","Slimebound:SlimeTap","Slimebound:GoopTackle"],"picked":"SKIP","floor":29},{"not_picked":["Slimebound:ForwardTackle","Slimebound:SlimeTap","Slimebound:GoopTackle"],"picked":"SKIP","floor":29},{"not_picked":["Slimebound:Dissolve","Slimebound:GoopTackle"],"picked":"Slimebound:Schlurp","floor":30},{"not_picked":["Slimebound:RallyTheTroops","Slimebound:CheckThePlaybook"],"picked":"Slimebound:MassFeed","floor":33},{"not_picked":["Slimebound:LeechingTouch","Slimebound:LeechEnergy+1"],"picked":"Slimebound:ViciousTackle+1","floor":35}],"player_experience":248175,"relics_obtained":[{"floor":8,"key":"Anchor"},{"floor":9,"key":"Shovel"},{"floor":12,"key":"Letter Opener"},{"floor":13,"key":"Juzu Bracelet"},{"floor":25,"key":"Akabeko"},{"floor":26,"key":"Ornamental Fan"},{"floor":27,"key":"Happy Flower"},{"floor":28,"key":"The Courier"},{"floor":29,"key":"hubris:BundleOfHerbs"}],"event_choices":[{"damage_healed":0,"gold_gain":0,"player_choice":"Grow","damage_taken":0,"max_hp_gain":0,"max_hp_loss":0,"event_name":"Living Wall","floor":3,"gold_loss":0,"cards_upgraded":["Slimebound:LeadByExample"]},{"damage_healed":0,"gold_gain":0,"player_choice":"Forge","damage_taken":0,"max_hp_gain":0,"max_hp_loss":0,"event_name":"Accursed Blacksmith","floor":7,"gold_loss":0,"cards_upgraded":["Slimebound:ComboTackle"]},{"damage_healed":0,"gold_gain":0,"player_choice":"Obtain J.A.X.","damage_taken":0,"max_hp_gain":0,"max_hp_loss":0,"event_name":"Drug Dealer","floor":19,"gold_loss":0,"cards_obtained":["J.A.X."]},{"cards_removed":["Slimebound:SplitBruiser"],"damage_healed":0,"gold_gain":0,"player_choice":"Card Removal","damage_taken":0,"max_hp_gain":0,"max_hp_loss":0,"event_name":"Wheel of Change","floor":21,"gold_loss":0},{"damage_healed":0,"gold_gain":0,"player_choice":"Opened","damage_taken":0,"relics_obtained":["Guardian:PocketSentry"],"max_hp_gain":0,"max_hp_loss":0,"event_name":"The Mausoleum","floor":24,"gold_loss":0,"cards_obtained":["Writhe"]},{"damage_healed":0,"gold_gain":0,"player_choice":"3 cards matched","damage_taken":0,"max_hp_gain":0,"max_hp_loss":0,"event_name":"Match and Keep!","floor":36,"gold_loss":0,"cards_obtained":["Slimebound:ItLooksTasty","Slimebound:SamplingLick","expansioncontent:Hexaburn"]},{"damage_healed":0,"gold_gain":0,"player_choice":"3 cards matched","damage_taken":0,"max_hp_gain":0,"max_hp_loss":0,"event_name":"Match and Keep!","floor":36,"gold_loss":0,"cards_obtained":["Slimebound:ItLooksTasty","Slimebound:SamplingLick","expansioncontent:Hexaburn"]}],"is_beta":false,"boss_relics":[{"not_picked":["Snecko Eye","hubris:GrandSneckoEye"],"picked":"Tiny House"},{"not_picked":["Calling Bell","hubris:BlackHole"],"picked":"SacredBark"}],"items_purged_floors":[37],"is_endless":false,"potions_floor_spawned":[2,8,13,29,33,35,38],"killed_by":"Nightmare_Alpha","ascension_level":0}}