{"host":"bzg9y3flbaqjj1j7","time":1610578855,"event":{"mods":["100% Spire Juice","AchievementEnabler","Act Like it!","Aspiration","Astrologer","BaseMod","Challenge The Spire","Dark Map","Elementarium","Gensokyo","Hallownest","Hubris","Infinite Spire","Lobotomy","LobotomyExtend","Marisa????????","Marked Mod","Minty Spire (QoL Compilation)","Permanent Neow","Poor People Problems","Prisma Mod","Quick Restart","Rare Cards Sparkle","Reimu??????","Remilia??????","Replay The Spire","RumiaBox-????????","Shop Mod","Spicy Shops","StSLib","The Animator","The Blue Laboratory","The Bug Knight","Waifu the Spire","vexMod"],"gold_per_floor":[118,131,131,204,204,204,231,231,254,266,280,296,324,324,324,429,429,441,441,457,477,31,42,92,92,92,127,127,127,127,175,175,421,421,434,434,434,349,368,394,394,408,408,408,408,408,423,457,457,457],"floor_reached":51,"language":"ENG","playtime":6535,"items_purged":["astrologer:Strike"],"score":858,"play_id":"3dd9981f-7343-4964-8c83-bb89dce6ac5a","local_time":"20210113193055","is_ascension_mode":false,"campfire_choices":[{"floor":6.0,"key":"RECALL"},{"data":"astrologer:TheFool","floor":15.0,"key":"SMITH"},{"floor":25.0,"key":"REST"},{"floor":32.0,"key":"REST"},{"floor":41,"key":"REST"},{"floor":44,"key":"REST"},{"floor":46,"key":"REST"},{"floor":49,"key":"REST"}],"circlet_count":0,"master_deck":["Apotheosis+1","astrologer:Defend","astrologer:TheFool+1","astrologer:ShootingStar","astrologer:Starfield","ReplayTheSpireMod:Black Plague","astrologer:Retelling","astrologer:ReadTheStars","astrologer:Prismatic","astrologer:TheMagician","astrologer:RejectReality+1","astrologer:Conjunction+1","astrologer:TheTower+1","astrologer:Quincunx","astrologer:Stardust+1","astrologer:Sunrise+1","aspiration:Lunge","Predator","Predator","astrologer:NeutronStar","astrologer:DarkMatter","astrologer:Justice","Hallownest:skillKingdomsEdgeMap","astrologer:TheStar+1","astrologer:ReadTheStars+1"],"relics":["astrologer:SkyMirror","aspiration:Nostalgia","ScarletHat","LetterFromLob","Hallownest:SalubrasBlessingRelic","hubris:MobiusCoin","infinitespire:Satchel","Lantern","Hallownest:DreamNailRelic","aspiration:FutureDiary","MagicDraw2","MerchantsRug","Juzu Bracelet","hubris:BottledRain","Mirror","infinitespire:Broken Mirror","Black Star","Mastiff:ReiMu","hubris:ToyBattleship","InkBottle","hubris:Icosahedron","Strawberry","Toxic Egg 2"],"acts_visited":["Exordium","Hallownest:Greenpath","Hallownest:CityofTears"],"potions_floor_usage":[47,50],"damage_taken":[{"damage":0.0,"enemies":"Hallownest:monsterHuskGuard","floor":1.0,"turns":3.0},{"damage":0.0,"enemies":"Hallownest:monsterHuskWarrior","floor":2.0,"turns":2.0},{"damage":2.0,"enemies":"Hallownest:eliteCrystalGuardian","floor":7.0,"turns":5.0},{"damage":5.0,"enemies":"Hallownest:2_Tiktiks_and_1_Crawlid","floor":10.0,"turns":4.0},{"damage":3.0,"enemies":"Hallownest:1_Baldur_1_Crawlid_1_Warrior","floor":11.0,"turns":4.0},{"damage":0.0,"enemies":"Hallownest:1_Ooma_and_2_Uuma","floor":12.0,"turns":8.0},{"damage":0.0,"enemies":"Hallownest:eliteMossKnight","floor":13.0,"turns":6.0},{"damage":13.0,"enemies":"Hallownest:BossHornet","floor":16.0,"turns":9.0},{"damage":7.0,"enemies":"Hallownest:3_Youths","floor":18.0,"turns":4.0},{"damage":0.0,"enemies":"Hallownest:Guard_and_Sentry","floor":20.0,"turns":5.0},{"damage":15.0,"enemies":"Hallownest:3_Mistakes","floor":21.0,"turns":6.0},{"damage":9.0,"enemies":"Hallownest:Warrior_and_Youth","floor":23.0,"turns":6.0},{"damage":9.0,"enemies":"Hallownest:Glutton_and_Coward","floor":24.0,"turns":4.0},{"damage":0.0,"enemies":"Hallownest:Nosk","floor":27.0,"turns":5.0},{"damage":1.0,"enemies":"Hallownest:BossGrimm","floor":33.0,"turns":4.0},{"damage":0.0,"enemies":"Hallownest:3_Siblings","floor":35.0,"turns":7.0},{"damage":34.0,"enemies":"Hallownest:2_Littles","floor":39.0,"turns":5.0},{"damage":31,"enemies":"Nightmare","floor":40,"turns":9},{"damage":30,"enemies":"Hallownest:Slobbering_and_Violent","floor":42,"turns":7},{"damage":0,"enemies":"Hallownest:2_Great","floor":47,"turns":5},{"damage":37,"enemies":"Hallownest:StalkingDevout","floor":48,"turns":6},{"damage":0,"enemies":"Hallownest:Radiance","floor":50,"turns":7},{"damage":75,"enemies":"Malkuth","floor":51,"turns":14}],"seed_played":"-3672798862573383912","potions_obtained":[{"floor":10.0,"key":"Strength Potion"},{"floor":13.0,"key":"blueLaboratory:BottledHope"},{"floor":16.0,"key":"SkillPotion"},{"floor":23.0,"key":"Reflective Coating"},{"floor":24.0,"key":"Block Potion"},{"floor":27.0,"key":"blueLaboratory:EmptyBottle"},{"floor":33.0,"key":"blueLaboratory:CorrosionFlask"},{"floor":40,"key":"FearPotion"},{"floor":42,"key":"FairyPotion"},{"floor":48,"key":"blueLaboratory:LouseDecoction"}],"is_trial":false,"path_per_floor":["M","M","?","T","?","R","E","?","T","M","M","M","E","?","R","B",null,"M","AVR","M","M","$","M","M","R","T","E","T","?","?","?","R","B",null,"M","?","?","?","M","NM","R","M","T","R","?","R","M","E","R","B",null],"character_chosen":"ASTROLOGER","items_purchased":["MagicDraw2","MerchantsRug","Juzu Bracelet"],"campfire_rested":6,"item_purchase_floors":[22,22,22],"current_hp_per_floor":[70,70,70,70,70,70,68,51,51,46,43,43,43,43,43,30,70,63,63,63,48,48,39,30,53,53,53,53,53,53,35,58,57,74,74,74,74,74,40,9,33,3,3,27,27,52,52,22,50,50],"gold":457,"neow_bonus":"NOSTALGIA","is_daily":false,"chose_seed":false,"campfire_upgraded":1,"win_rate":0.0,"timestamp":1610578855,"path_taken":["M","M","?","?","?","R","E","?","T","?","?","M","E","?","R","BOSS","M","AVR","?","M","$","M","M","R","T","E","?","?","?","?","R","BOSS","M","?","?","?","M","NM","R","M","T","R","?","R","M","E","R","BOSS"],"items_purchased_type":["Relic","Relic","Relic"],"build_version":"2020-12-22","purchased_purges":1,"victory":true,"max_hp_per_floor":[70,70,70,70,70,70,70,70,70,70,70,70,70,70,70,70,70,70,70,70,70,70,70,70,72,72,72,72,72,72,72,74,74,74,74,74,74,74,74,74,76,76,76,78,78,80,80,87,89,89],"card_choices":[{"not_picked":["astrologer:ReadTheStars","astrologer:MeteorShower","astrologer:StarOfRegret"],"picked":"SKIP","floor":1.0},{"not_picked":["astrologer:StarOfRegret","astrologer:ReadTheStars"],"picked":"astrologer:ShootingStar","floor":2.0},{"not_picked":["astrologer:TheHermit","astrologer:MeteorShower"],"picked":"astrologer:Starfield","floor":7.0},{"not_picked":["infinitespire:DeathsTouch","infinitespire:Punishment"],"picked":"ReplayTheSpireMod:Black Plague","floor":8.0},{"not_picked":["astrologer:CometStrike","astrologer:MeteorShower"],"picked":"astrologer:Retelling","floor":10.0},{"not_picked":["astrologer:FadingStar","astrologer:Radiance"],"picked":"astrologer:ReadTheStars","floor":11.0},{"not_picked":["astrologer:Radiance","astrologer:Fireball","astrologer:MeteorShower"],"picked":"SKIP","floor":12.0},{"not_picked":["astrologer:SpaceDust","astrologer:Opposition"],"picked":"astrologer:Prismatic","floor":13.0},{"not_picked":["astrologer:RejectReality","astrologer:Alignment"],"picked":"astrologer:TheMagician","floor":16.0},{"not_picked":["astrologer:TheTower","astrologer:SpaceDust","astrologer:MeteorShower"],"picked":"SKIP","floor":18.0},{"not_picked":["astrologer:SolarFlare","astrologer:Conjunction"],"picked":"astrologer:Quincunx","floor":20.0},{"not_picked":["astrologer:CometStrike","astrologer:Eclipse"],"picked":"astrologer:Stardust+1","floor":21.0},{"not_picked":["astrologer:Opposition+1","astrologer:Radiance+1","astrologer:Stardust"],"picked":"SKIP","floor":23.0},{"not_picked":["astrologer:SpaceDust","astrologer:Opposition","astrologer:Moonlight"],"picked":"SKIP","floor":24.0},{"not_picked":["astrologer:Observe","astrologer:NeutronStar+1"],"picked":"astrologer:Sunrise+1","floor":27.0},{"not_picked":["astrologer:Conjunction","astrologer:Moonlight"],"picked":"astrologer:NeutronStar","floor":31.0},{"not_picked":["astrologer:Trine","astrologer:HeatDeath"],"picked":"astrologer:DarkMatter","floor":33.0},{"not_picked":["astrologer:SpaceDust","astrologer:Radiance"],"picked":"astrologer:Justice","floor":35.0},{"not_picked":["astrologer:CometStrike+1","astrologer:ShiningStar","astrologer:SpaceDust"],"picked":"SKIP","floor":39.0},{"not_picked":["astrologer:ShootingStar","astrologer:DarkMatter"],"picked":"astrologer:TheStar+1","floor":40},{"not_picked":["astrologer:Still","astrologer:Retelling"],"picked":"astrologer:ReadTheStars+1","floor":42},{"not_picked":["astrologer:CometStrike","astrologer:Judgement","astrologer:Moonlight"],"picked":"SKIP","floor":47},{"not_picked":["astrologer:Judgement","astrologer:Still+1","astrologer:Observe+1"],"picked":"SKIP","floor":48}],"player_experience":188246,"relics_obtained":[{"floor":1.0,"key":"LetterFromLob"},{"floor":4.0,"key":"hubris:MobiusCoin"},{"floor":7.0,"key":"infinitespire:Satchel"},{"floor":9.0,"key":"Lantern"},{"floor":13.0,"key":"ScarletDevilRocket"},{"floor":27.0,"key":"hubris:BottledRain"},{"floor":28.0,"key":"Mirror"},{"floor":31.0,"key":"infinitespire:Broken Mirror"},{"floor":40,"key":"Mastiff:ReiMu"},{"floor":40,"key":"hubris:ToyBattleship"},{"floor":43,"key":"InkBottle"},{"floor":48,"key":"Strawberry"},{"floor":48,"key":"Toxic Egg 2"}],"event_choices":[],"is_beta":false,"boss_relics":[{"not_picked":["Replay:Bronze Core","hubris:VirtuousBlindfold"],"picked":"Astrolabe"},{"not_picked":["aspiration:PoetsPen_weak","Replay:Ancient Bell"],"picked":"Black Star"}],"items_purged_floors":[19],"is_endless":false,"potions_floor_spawned":[10,13,16,23,24,27,33,40,42,48],"ascension_level":0}}