{"host":"qd0djjbxud4lzzbr","time":1610561459,"event":{"mods":["AchievementEnabler","BaseMod","Bestiary","Minty Spire (QoL Compilation)","Replay The Spire","StSLib","UnlockEverythingMod"],"gold_per_floor":[111,111,111,121,138,169,199,214,266,279,291,303,348,360,372,483,495,523,535,547,559,457,457,236,236,262,262,262,262,112,128,128,229,229,241,241,261,261,362,362,378,400,424,197,197,197,197,197,197,197,197,197,119,154,154],"floor_reached":56,"language":"ZHS","playtime":1097,"items_purged":["Wild Strike"],"score":932,"play_id":"61f6e175-a4be-48ca-9bc5-50009196cebb","local_time":"20210114021059","daily_mods":["SealedDeck","Vintage","Heirloom","Time Dilation","Flight"],"is_ascension_mode":false,"campfire_choices":[{"floor":11,"key":"RECALL"},{"data":"Fire Breathing","floor":12,"key":"SMITH"},{"data":"Seeing Red","floor":23,"key":"SMITH"},{"data":"Evolve","floor":25,"key":"SMITH"},{"data":"True Grit","floor":28,"key":"SMITH"},{"data":"Power Through","floor":32,"key":"SMITH"},{"data":"Armaments","floor":40,"key":"SMITH"},{"data":"Power Through","floor":45,"key":"SMITH"},{"data":"Immolate","floor":52,"key":"SMITH"}],"circlet_count":0,"master_deck":["Havoc","ReplayTheSpireMod:Strike From Hell","Warcry+1","True Grit+1","Armaments+1","Power Through+1","Wild Strike+1","Fire Breathing+1","Wild Strike+1","Metallicize","Immolate+1","Sentinel","Seeing Red+1","Evolve+1","Power Through+1","Madness","Madness","Replay:Undeath\u0027s Touch","ReplayReversal+1","Pot Of Greed","Pot Of Greed","True Grit","Feel No Pain"],"relics":["Burning Blood","replay:Trail_Library","CaptainsWheel","Orichalcum","NeowsBlessing","NeowsBlessing","Chameleon Ring","Blood Vial","PreservedInsect","Mercury Hourglass","Anchor","Replay:Mystery Machine","MawBank","Vajra","Busted Crown","Potion Belt","NeowsBlessing","NeowsBlessing","Replay:Wax Seal","ClockworkSouvenir","Replay:Baseball","NeowsBlessing","NeowsBlessing","Strange Spoon","Shuriken","SlaversCollar","Pear","Nunchaku","Replay:Bandana","Replay:WaspNest","Grinning Jar","Strawberry","NeowsBlessing","NeowsBlessing","NeowsBlessing","Boot"],"acts_visited":["Exordium","TheCity","TheBeyond","TheEnding"],"potions_floor_usage":[],"damage_taken":[{"damage":0,"enemies":"Cultist","floor":1,"turns":3},{"damage":0,"enemies":"Small Slimes","floor":4,"turns":2},{"damage":0,"enemies":"2 Louse","floor":5,"turns":2},{"damage":0,"enemies":"Gremlin Nob","floor":6,"turns":1},{"damage":0,"enemies":"3 Sentries","floor":7,"turns":2},{"damage":0,"enemies":"Exordium Thugs","floor":8,"turns":1},{"damage":0,"enemies":"Large Slime","floor":10,"turns":3},{"damage":11,"enemies":"Lagavulin","floor":13,"turns":4},{"damage":4,"enemies":"The Guardian","floor":16,"turns":7},{"damage":0,"enemies":"2 Thieves","floor":18,"turns":2},{"damage":0,"enemies":"Chosen","floor":31,"turns":1},{"damage":0,"enemies":"Collector","floor":33,"turns":1},{"damage":0,"enemies":"3 Darklings","floor":35,"turns":1},{"damage":0,"enemies":"Orb Walker","floor":37,"turns":1},{"damage":0,"enemies":"Sphere and 2 Shapes","floor":41,"turns":3},{"damage":0,"enemies":"Jaw Worm Horde","floor":42,"turns":1},{"damage":0,"enemies":"Replay:Hell Engine","floor":50,"turns":1},{"damage":0,"enemies":"Shield and Spear","floor":54,"turns":1},{"damage":0,"enemies":"The Heart","floor":55,"turns":1}],"seed_played":"-5962853671011235668","potions_obtained":[{"floor":5,"key":"ColorlessPotion"},{"floor":7,"key":"Weak Potion"},{"floor":8,"key":"BlessingOfTheForge"},{"floor":10,"key":"Strength Potion"},{"floor":16,"key":"Adrenaline Potion"},{"floor":20,"key":"Explosive Potion"},{"floor":20,"key":"Flashbang"}],"is_trial":true,"path_per_floor":["M","WH","WH","M","M","E","E","M","T","M","R","R","E","?","R","B",null,"M","WH","?","WH","$","R","$","R","T","WH","R","WH","$","M","R","B",null,"M","?","M","?","?","R","M","M","T","$","R","WH","WH","WH","R","B",null,"R","$","E","B",null],"character_chosen":"IRONCLAD","items_purchased":["Replay:Wax Seal","Seeing Red","Evolve","ClockworkSouvenir","Strange Spoon","Strawberry","Feel No Pain"],"campfire_rested":0,"item_purchase_floors":[22,22,24,24,30,44,53],"current_hp_per_floor":[80,80,80,80,80,80,80,80,80,80,80,80,75,59,80,80,80,80,80,80,80,80,80,80,80,80,80,80,80,80,80,80,80,80,90,90,90,79,79,79,87,90,90,97,97,97,97,97,97,97,97,97,97,97,97],"gold":154,"neow_bonus":"THREE_ENEMY_KILL","is_daily":false,"chose_seed":false,"campfire_upgraded":8,"win_rate":0.0,"timestamp":1610561459,"path_taken":["M","WH","WH","M","M","E","E","M","T","?","R","R","E","?","R","BOSS","M","WH","?","WH","$","R","$","R","T","WH","R","WH","$","?","R","BOSS","M","?","?","?","?","R","?","M","T","$","R","WH","WH","WH","R","BOSS","R","$","E","BOSS"],"items_purchased_type":["Relic","Card","Card","Relic","Relic","Relic","Card"],"build_version":"2020-12-22","purchased_purges":1,"victory":true,"max_hp_per_floor":[80,80,80,80,80,80,80,80,80,80,80,80,80,80,80,80,80,80,80,80,80,80,80,80,80,80,80,80,80,80,80,80,80,80,90,90,90,90,90,90,90,90,90,97,97,97,97,97,97,97,97,97,97,97,97],"card_choices":[{"not_picked":["Shrug It Off","Twin Strike"],"picked":"Metallicize","floor":6},{"not_picked":["Flex","Body Slam"],"picked":"Immolate","floor":7},{"not_picked":["Uppercut","Twin Strike"],"picked":"Sentinel","floor":13},{"not_picked":[],"picked":"Replay:Undeath\u0027s Touch","floor":39},{"not_picked":[],"picked":"ReplayReversal+1","floor":39},{"not_picked":["Anger+1"],"picked":"SKIP","floor":54}],"player_experience":55388,"relics_obtained":[{"floor":1,"key":"Orichalcum"},{"floor":4,"key":"Chameleon Ring"},{"floor":5,"key":"Blood Vial"},{"floor":6,"key":"PreservedInsect"},{"floor":7,"key":"Mercury Hourglass"},{"floor":8,"key":"Anchor"},{"floor":9,"key":"Replay:Mystery Machine"},{"floor":10,"key":"MawBank"},{"floor":13,"key":"Vajra"},{"floor":18,"key":"Potion Belt"},{"floor":26,"key":"Replay:Baseball"},{"floor":31,"key":"Shuriken"},{"floor":35,"key":"Pear"},{"floor":37,"key":"Replay:Bandana"},{"floor":41,"key":"Replay:WaspNest"},{"floor":42,"key":"Grinning Jar"},{"floor":54,"key":"Boot"}],"event_choices":[{"damage_healed":0,"gold_gain":0,"player_choice":"Entered Light","damage_taken":16,"max_hp_gain":0,"max_hp_loss":0,"event_name":"Shining Light","floor":14,"gold_loss":0,"cards_upgraded":["Wild Strike","Wild Strike"]},{"damage_healed":0,"gold_gain":0,"player_choice":"Got Potions","damage_taken":0,"max_hp_gain":0,"max_hp_loss":0,"event_name":"Lab","floor":20,"gold_loss":0},{"cards_removed":["Sentinel"],"damage_healed":0,"gold_gain":0,"player_choice":"Gave Card","damage_taken":0,"relics_obtained":["Nunchaku"],"max_hp_gain":0,"max_hp_loss":0,"event_name":"WeMeetAgain","floor":36,"gold_loss":0},{"damage_healed":0,"gold_gain":0,"player_choice":"Embrace Madness","damage_taken":11,"max_hp_gain":0,"max_hp_loss":0,"event_name":"Winding Halls","floor":38,"gold_loss":0,"cards_obtained":["Madness","Madness"]},{"cards_removed":["True Grit"],"damage_healed":5,"gold_gain":0,"player_choice":"Offered Common","damage_taken":0,"max_hp_gain":0,"max_hp_loss":0,"event_name":"Bonfire Elementals","floor":49,"gold_loss":0},{"cards_removed":["True Grit"],"damage_healed":5,"gold_gain":0,"player_choice":"Offered Special","damage_taken":0,"max_hp_gain":0,"max_hp_loss":0,"event_name":"Bonfire Elementals","floor":49,"gold_loss":0}],"is_beta":false,"boss_relics":[{"not_picked":["Fusion Hammer","Replay:Drink Me"],"picked":"Busted Crown"},{"not_picked":["ReplayTheSpireMod:DimensionalGlitch","Sozu"],"picked":"SlaversCollar"}],"items_purged_floors":[44],"is_endless":false,"potions_floor_spawned":[5,7,8,10,16,31,35,37],"ascension_level":0}}