{"host":"33eci8hn4byprget","time":1610556154,"event":{"mods":["Aspiration","BaseMod","Colored Powertips","Downfall","GifTheSpireLib","Hubris","KinomotoSakuraMod(ƒæ÷Æ±æ”£)","Marisa£®ÏF”Í°°ƒß¿Ì…≥£©","Minty Spire (QoL Compilation)","Reimu£®≤©¿ˆ¡È√Œ£©","StSLib","The Construct","The Poker Player","The Servant 0.9.4"],"gold_per_floor":[199,211,49,499,515,515,815,815,832,1007,1007,1007,1007,517,531,629,629,629,629,629,742,149,169,218,249,165,190,200,214,214,231,247,352,352,352,372,385,313,364,378,403,403,70,80,80,106,106,106,125,125],"floor_reached":51,"language":"ZHS","playtime":2897,"items_purged":["Doubt","Regret","Slimebound:Icky","Slimebound:Icky","Slimebound:Icky"],"score":775,"play_id":"1dc62cc4-2be6-4c51-bfa4-5a356bb53ced","local_time":"20210114004234","is_ascension_mode":false,"campfire_choices":[{"data":"hexamod:Sear","floor":1.0,"key":"SMITH"},{"data":"hexamod:PhantomCloak","floor":11.0,"key":"SMITH"},{"floor":13.0,"key":"REST"},{"data":"hexamod:BurningTouch","floor":18.0,"key":"SMITH"},{"floor":30.0,"key":"REST"},{"data":"hexamod:VolcanoVisage","floor":35.0,"key":"SMITH"},{"floor":42.0,"key":"REST"},{"floor":47.0,"key":"REST"}],"circlet_count":0,"master_deck":["hexamod:Strike+1","hexamod:Strike","hexamod:Defend","hexamod:Defend+1","hexamod:Defend+1","hexamod:Sear+1","hexamod:Float","hexamod:RadiantFlame+1","hexamod:ChargedBarrage+1","hexamod:FourthSeal","hexamod:PhantomCloak+1","hexamod:BurningTouch+1","hexamod:EmpoweredFlame","hexamod:SixthSeal","Flying Knee+1","Defend_G","Riddle With Holes","hexamod:BurningTouch","hexamod:NightmareGuise+1","hexamod:ExtraCrispy","hexamod:Firestarter+1","hexamod:BurningTouch","hexamod:VolcanoVisage+1","hexamod:Incineration+1","hexamod:Firestarter+1","hexamod:ThermalTransfer+1","hexamod:InspiringFlames+1","hexamod:ShieldOfDarkness","hexamod:VolcanoVisage","hexamod:TimeOfNeed","hexamod:ChargedBarrage","Parasite","hexamod:GhostflameBarrier+1","hexamod:ThermalTransfer","hexamod:CrushingStance","expansioncontent:DecasProtection","expansioncontent:Collect","expansioncontent:ChargeUp"],"relics":["hexamod:SpiritBrand","Old Coin","aspiration:FrozenJewel","Medical Kit","construct:ClawGrip","hubris:Icosahedron","Bottled Tornado","Bag of Preparation","Vajra","hubris:DeckOfHolding","Tea:ReiMu","Black Star","Bird Faced Urn","CatCart","aspiration:ChemicalBlood","hubris:Towel","Dream Catcher"],"acts_visited":["Exordium","TheCity","TheBeyond"],"potions_floor_usage":[50,50,50,50],"damage_taken":[{"damage":0.0,"enemies":"Cultist","floor":2.0,"turns":3.0},{"damage":0.0,"enemies":"downfall:FleeingMerchant","floor":3.0,"turns":4.0},{"damage":3.0,"enemies":"2 Louse","floor":5.0,"turns":3.0},{"damage":9.0,"enemies":"Small Slimes","floor":9.0,"turns":3.0},{"damage":9.0,"enemies":"downfall:FleeingMerchant","floor":14.0,"turns":4.0},{"damage":2.0,"enemies":"2 Fungi Beasts","floor":15.0,"turns":3.0},{"damage":34.0,"enemies":"downfall:Watcher","floor":16.0,"turns":6.0},{"damage":0.0,"enemies":"3 Byrds","floor":21.0,"turns":6.0},{"damage":10.0,"enemies":"downfall:FleeingMerchant","floor":22.0,"turns":4.0},{"damage":0.0,"enemies":"Spheric Guardian","floor":23.0,"turns":5.0},{"damage":9.0,"enemies":"Book of Stabbing","floor":25.0,"turns":3.0},{"damage":9.0,"enemies":"downfall:FleeingMerchant","floor":26.0,"turns":4.0},{"damage":30.0,"enemies":"Gremlin Leader","floor":27.0,"turns":5.0},{"damage":2.0,"enemies":"Chosen and Byrds","floor":28.0,"turns":3.0},{"damage":0.0,"enemies":"Snake Plant","floor":29.0,"turns":3.0},{"damage":0.0,"enemies":"Centurion and Healer","floor":31.0,"turns":5.0},{"damage":6.0,"enemies":"Sentry and Sphere","floor":32.0,"turns":6.0},{"damage":12.0,"enemies":"downfall:Silent","floor":33.0,"turns":7.0},{"damage":5.0,"enemies":"Orb Walker","floor":36.0,"turns":4.0},{"damage":14.0,"enemies":"3 Darklings","floor":37.0,"turns":3.0},{"damage":0.0,"enemies":"downfall:FleeingMerchant","floor":38.0,"turns":3.0},{"damage":30.0,"enemies":"Orin","floor":39.0,"turns":7.0},{"damage":13.0,"enemies":"Writhing Mass","floor":40.0,"turns":6.0},{"damage":33.0,"enemies":"Maw","floor":44.0,"turns":9.0},{"damage":23.0,"enemies":"Jaw Worm Horde","floor":49.0,"turns":7.0},{"damage":65,"enemies":"downfall:Defect","floor":50,"turns":10}],"seed_played":"-6421624345498730066","potions_obtained":[{"floor":5.0,"key":"Fire Potion"},{"floor":5.0,"key":"GrandPatriotsElixir:ReiMu"},{"floor":9.0,"key":"EntropicBrew"},{"floor":14.0,"key":"Weak Potion"},{"floor":15.0,"key":"champ:CounterPotion"},{"floor":16.0,"key":"EssenceOfSteel"},{"floor":21.0,"key":"Fire Potion"},{"floor":21.0,"key":"champ:CounterPotion"},{"floor":22.0,"key":"AttackPotion"},{"floor":23.0,"key":"LiquidBronze"},{"floor":26.0,"key":"SkillPotion"},{"floor":27.0,"key":"Strength Potion"},{"floor":27.0,"key":"SpeedPotion"},{"floor":28.0,"key":"Explosive Potion"},{"floor":29.0,"key":"Swift Potion"},{"floor":29.0,"key":"CultistPotion"},{"floor":31.0,"key":"DuplicationPotion"},{"floor":31.0,"key":"Weak Potion"},{"floor":32.0,"key":"Dexterity Potion"},{"floor":33.0,"key":"SkillPotion"},{"floor":36.0,"key":"Fire Potion"},{"floor":39.0,"key":"SmokeBomb"},{"floor":40.0,"key":"Strength Potion"},{"floor":44.0,"key":"Fire Potion"},{"floor":49.0,"key":"Fruit Juice"}],"is_trial":false,"path_per_floor":["R","M","$","?","M","?","T","?","M","?","R","$","R","$","M","B",null,"R","?","?","M","$","M","T","E","$","E","M","M","R","M","M","B",null,"R","M","M","$","?","M","T","R","?","M","?","T","R","?","M","B",null],"character_chosen":"THE_SPIRIT","items_purchased":["hexamod:ChargedBarrage","hexamod:FourthSeal","aspiration:FrozenJewel","Medical Kit","Bottled Tornado","hexamod:ExtraCrispy","Bag of Preparation","hexamod:Incineration","hexamod:TimeOfNeed","Bird Faced Urn"],"campfire_rested":4,"item_purchase_floors":[3,3,14,14,22,22,22,26,38,38],"current_hp_per_floor":[70,70,70,70,67,67,67,67,58,58,58,37,58,49,47,13,70,70,70,70,70,60,60,60,51,42,12,10,10,31,31,25,13,70,70,65,51,51,37,38,38,59,79,46,46,46,69,59,55,10],"gold":125,"neow_bonus":"HUNDRED_GOLD","is_daily":false,"chose_seed":false,"campfire_upgraded":4,"win_rate":0.0,"timestamp":1610556154,"path_taken":["R","M","?","?","M","?","T","?","M","?","R","?","R","$","M","BOSS","R","?","?","M","$","M","T","E","?","E","M","M","R","M","M","BOSS","R","M","M","?","?","M","T","R","?","?","?","?","R","?","M","BOSS"],"items_purchased_type":["Card","Card","Relic","Relic","Relic","Card","Relic","Card","Card","Relic"],"build_version":"2020-12-22","purchased_purges":5,"victory":true,"max_hp_per_floor":[70,70,70,70,70,70,70,70,70,70,70,70,70,70,70,70,70,70,70,70,70,70,70,70,70,70,70,70,70,70,70,70,70,70,70,70,70,70,70,70,70,70,79,79,79,79,79,79,84,84],"card_choices":[{"not_picked":["hexamod:BacktrackSmack","hexamod:SwordOfDarkness","hexamod:EtherealExpedition"],"picked":"SKIP","floor":2.0},{"not_picked":["hexamod:SwordOfDarkness","hexamod:HeatCrush"],"picked":"hexamod:RadiantFlame","floor":3.0},{"not_picked":["hexamod:Haunt","hexamod:GhostLash"],"picked":"hexamod:Firestarter","floor":5.0},{"not_picked":["hexamod:AdvancingGuard","hexamod:InspiringFlames"],"picked":"hexamod:PhantomCloak","floor":9.0},{"not_picked":["hexamod:Firestarter","hexamod:FourthSeal"],"picked":"hexamod:BurningTouch","floor":14.0},{"not_picked":["hexamod:GhostLash","hexamod:FourthSeal"],"picked":"hexamod:EmpoweredFlame","floor":15.0},{"not_picked":["hexamod:TurnItUp","hexamod:WildfireWeapon"],"picked":"hexamod:SixthSeal","floor":16.0},{"not_picked":["hexamod:EmpoweredFlame","hexamod:GhostShield"],"picked":"hexamod:BurningTouch","floor":21.0},{"not_picked":["hexamod:Firestarter","hexamod:ChargedBarrage"],"picked":"hexamod:NightmareGuise+1","floor":22.0},{"not_picked":["hexamod:AdvancingGuard","hexamod:GhostOfSpirePresent"],"picked":"hexamod:Firestarter","floor":23.0},{"not_picked":["hexamod:Hexaguard","hexamod:GhostShield+1"],"picked":"hexamod:BurningTouch","floor":25.0},{"not_picked":["hexamod:NightmareStrike","hexamod:HauntingEcho"],"picked":"hexamod:VolcanoVisage","floor":26.0},{"not_picked":["hexamod:RecurringNightmare","hexamod:SoulSteal","hexamod:BacktrackSmack"],"picked":"SKIP","floor":27.0},{"not_picked":["hexamod:FourthSeal","hexamod:SecondSeal"],"picked":"hexamod:Firestarter+1","floor":28.0},{"not_picked":["hexamod:Hexaguard","hexamod:HauntingEcho+1"],"picked":"hexamod:ThermalTransfer+1","floor":29.0},{"not_picked":["hexamod:GhostShield","hexamod:NightmareGuise+1"],"picked":"hexamod:InspiringFlames+1","floor":31.0},{"not_picked":["hexamod:ThermalTransfer","hexamod:GhostLash"],"picked":"hexamod:ShieldOfDarkness","floor":32.0},{"not_picked":["hexamod:SixthSeal","hexamod:ParanormalForm"],"picked":"hexamod:VolcanoVisage","floor":33.0},{"not_picked":["hexamod:SwordOfDarkness+1","hexamod:ExtraCrispy","hexamod:RadiantFlame"],"picked":"SKIP","floor":36.0},{"not_picked":["hexamod:SecondSeal","hexamod:ExtraCrispy+1","hexamod:NecessarySacrifice"],"picked":"SKIP","floor":37.0},{"not_picked":["hexamod:GhostLash+1","hexamod:GhostOfSpirePast+1","hexamod:EtherealExpedition+1"],"picked":"SKIP","floor":38.0},{"not_picked":["hexamod:InspiringFlames+1","hexamod:GhostLash+1"],"picked":"hexamod:ChargedBarrage","floor":39.0},{"not_picked":["hexamod:BacktrackSmack","hexamod:NightmareGuise+1"],"picked":"hexamod:GhostflameBarrier+1","floor":40.0},{"not_picked":["hexamod:FastForward","hexamod:RecurringNightmare"],"picked":"hexamod:ThermalTransfer","floor":44.0},{"not_picked":["hexamod:SoulSteal+1","hexamod:BurningTouch"],"picked":"hexamod:CrushingStance","floor":47.0},{"not_picked":["expansioncontent:GuardianWhirl","expansioncontent:Chronoboost"],"picked":"expansioncontent:DecasProtection","floor":48.0},{"not_picked":["expansioncontent:DonusPower","expansioncontent:Torchfire"],"picked":"expansioncontent:Collect","floor":48.0},{"not_picked":["expansioncontent:YouAreMine","expansioncontent:LastStand"],"picked":"expansioncontent:ChargeUp","floor":48.0},{"not_picked":["hexamod:AdvancingGuard","hexamod:InspiringFlames+1","hexamod:ChargedBarrage+1"],"picked":"SKIP","floor":49.0}],"player_experience":147153,"relics_obtained":[{"floor":7.0,"key":"Old Coin"},{"floor":24.0,"key":"Vajra"},{"floor":25.0,"key":"hubris:DeckOfHolding"},{"floor":27.0,"key":"Tea:ReiMu"},{"floor":39.0,"key":"CatCart"},{"floor":41.0,"key":"aspiration:ChemicalBlood"},{"floor":46.0,"key":"Dream Catcher"}],"event_choices":[{"damage_healed":0.0,"max_hp_gain":0.0,"max_hp_loss":0.0,"gold_gain":0.0,"event_name":"OrinTheCat","player_choice":"Fight","floor":39.0,"gold_loss":0.0,"damage_taken":0.0}],"is_beta":false,"boss_relics":[{"not_picked":["hubris:Stopwatch","hubris:ScarierMask"],"picked":"construct:ClawGrip"},{"not_picked":["Sozu","Velvet Choker"],"picked":"Black Star"}],"items_purged_floors":[12,12,12,14,22],"is_endless":false,"potions_floor_spawned":[5,15,21,23,27,29,31,32,36,44,49],"ascension_level":0}}