{"host":"gk336il5jfnqajsw","time":1610571945,"event":{"mods":["2.2 Compatiblity","AchievementEnabler","BaseMod","Colored Powertips","Downfall","Minty Spire (QoL Compilation)","Relic Stats","StSLib"],"gold_per_floor":[110,285,299,599,310,310,336,336,336,187,202,215,230,54,54,150,150,168,183,193,193,193,193,193,193],"floor_reached":24,"language":"ENG","playtime":779,"items_purged":["Doubt","Strike_P","Defend_P"],"score":221,"play_id":"17e881a6-35f0-4c83-9947-5e091b8fe151","local_time":"20210113140545","is_ascension_mode":false,"campfire_choices":[{"data":"Eruption","floor":6,"key":"SMITH"},{"data":"Devotion","floor":8,"key":"SMITH"},{"floor":15,"key":"REST"},{"floor":23,"key":"REST"}],"circlet_count":0,"master_deck":["Defend_P","Defend_P","Eruption+1","Vigilance","Ragnarok","Consecrate","Weave","Devotion+1","CutThroughFate","CutThroughFate","EmptyFist","JustLucky","Wallop","Bite","Bite","Bite","Bite","Bite"],"relics":["PureWater","Old Coin","Sundial","Pantograph","Empty Cage"],"acts_visited":["Exordium","TheCity"],"potions_floor_usage":[7,20,20,24],"damage_taken":[{"damage":2,"enemies":"2 Louse","floor":1,"turns":2},{"damage":1,"enemies":"Jaw Worm","floor":3,"turns":2},{"damage":17,"enemies":"3 Sentries","floor":7,"turns":4},{"damage":0,"enemies":"Cultist","floor":11,"turns":1},{"damage":8,"enemies":"Lots of Slimes","floor":12,"turns":2},{"damage":15,"enemies":"Exordium Wildlife","floor":13,"turns":4},{"damage":30,"enemies":"The Guardian","floor":16,"turns":7},{"damage":5,"enemies":"Chosen","floor":18,"turns":3},{"damage":14,"enemies":"Shell Parasite","floor":19,"turns":4},{"damage":33,"enemies":"Centurion and Healer","floor":20,"turns":2},{"damage":24,"enemies":"Shelled Parasite and Fungi","floor":24,"turns":1}],"seed_played":"2485750673639236068","potions_obtained":[{"floor":1,"key":"Strength Potion"},{"floor":11,"key":"champ:CounterPotion"},{"floor":16,"key":"StancePotion"},{"floor":20,"key":"AttackPotion"}],"is_trial":false,"path_per_floor":["M","?","M","T","$","R","E","R","T","$","M","M","M","$","R","B",null,"M","M","M","?","?","R","M"],"character_chosen":"WATCHER","items_purchased":["Weave","Devotion","CutThroughFate","JustLucky"],"campfire_rested":2,"item_purchase_floors":[5,5,10,14],"current_hp_per_floor":[63,63,62,62,62,62,45,45,45,45,45,37,22,22,41,35,65,60,46,13,2,2,16,0,0],"gold":193,"neow_bonus":"THREE_RARE_CARDS","is_daily":false,"chose_seed":false,"campfire_upgraded":2,"win_rate":0.0,"timestamp":1610571945,"path_taken":["M","?","M","?","?","R","E","R","T","$","M","M","?","$","R","BOSS","M","M","?","?","?","R","M"],"items_purchased_type":["Card","Card","Card","Card"],"build_version":"2020-12-22","purchased_purges":3,"victory":false,"max_hp_per_floor":[65,65,65,65,65,65,65,65,65,65,65,65,65,65,65,65,65,65,65,65,70,49,49,49,49],"relic_stats":{"counters":[11,32],"Sundial":[4],"Pantograph":24,"obtain_stats":[{"Sundial":7,"Pantograph":9,"PureWater":0,"Empty Cage":17,"Old Coin":4},{"Sundial":3,"Pantograph":3,"PureWater":0,"Empty Cage":7,"Old Coin":2},{"Sundial":8,"Pantograph":8,"PureWater":0,"Empty Cage":22,"Old Coin":4}]},"card_choices":[{"not_picked":["DevaForm","Alpha"],"picked":"Ragnarok","floor":0},{"not_picked":["SashWhip","ThirdEye"],"picked":"Consecrate","floor":1},{"not_picked":["Collect","EmptyBody","BowlingBash"],"picked":"SKIP","floor":3},{"not_picked":["SashWhip","Study"],"picked":"CutThroughFate","floor":7},{"not_picked":["CrushJoints","FlurryOfBlows"],"picked":"EmptyFist","floor":11},{"not_picked":["Tantrum","CutThroughFate","CrushJoints"],"picked":"SKIP","floor":12},{"not_picked":["SpiritShield","Evaluate","Indignation"],"picked":"SKIP","floor":13},{"not_picked":["Wallop+1","Meditate","Wireheading"],"picked":"SKIP","floor":18},{"not_picked":["BowlingBash","ThirdEye","Swivel+1"],"picked":"SKIP","floor":19},{"not_picked":["Worship+1","SashWhip"],"picked":"Wallop","floor":20}],"player_experience":550482,"relics_obtained":[{"floor":4,"key":"Old Coin"},{"floor":7,"key":"Sundial"},{"floor":9,"key":"Pantograph"}],"event_choices":[{"damage_healed":0,"gold_gain":175,"player_choice":"AGREE","damage_taken":0,"max_hp_gain":0,"max_hp_loss":0,"event_name":"Liars Game","floor":2,"gold_loss":0,"cards_obtained":["Doubt"]},{"damage_healed":0,"gold_gain":0,"player_choice":"Shed Blood","damage_taken":16,"max_hp_gain":5,"max_hp_loss":0,"event_name":"Forgotten Altar","floor":21,"gold_loss":0},{"damage_healed":0,"gold_gain":0,"player_choice":"Became a vampire","damage_taken":0,"max_hp_gain":0,"max_hp_loss":21,"event_name":"Vampires","floor":22,"gold_loss":0,"cards_obtained":["Bite","Bite","Bite","Bite","Bite"]}],"is_beta":false,"boss_relics":[{"not_picked":["Coffee Dripper","Sozu"],"picked":"Empty Cage"}],"items_purged_floors":[5,10,14],"is_endless":false,"potions_floor_spawned":[1,11,16,20],"killed_by":"Shelled Parasite and Fungi","ascension_level":0}}