{"host":"guwca93h2ke9l2g3","time":1610519032,"event":{"mods":["100% Spire Juice","2.2 Compatiblity","Act Like it!","Arknights The Spire","Aspiration","BaseMod","Better Skull","ChefMod","Colored Powertips","Conspire","Dark Map","Downfall","Fox Events","GungeonMod","Halation","Hallownest","HololiveMod","Hubris","Infinite Spire","Lobotomy","LobotomyExtend","Marked Mod","Minty Spire (QoL Compilation)","Permanent Neow","Potionbrewer","Prisma Mod","Quick Restart","Relic Sorter","Relic Stats","Replay The Spire","Robot Space Explorer","Shade Mod","Spicy Shops","StSLib","The Alterego","The Animator","The Bug Knight","The Cursed","The Marked","The Mystic","The Necromancer","The Poker Player","TheVacant","TheWitcher","Waifu the Spire","WarShipGirlsR/????R mod","Yakumo Yukari mod","Yuri Mod","vexMod"],"gold_per_floor":[116,126,138,157,171,171,171,171],"floor_reached":7,"language":"ENG","playtime":779,"items_purged":[],"score":56,"play_id":"f7cf21fb-c9ea-4363-81b8-f95452b8450d","local_time":"20210113002352","is_ascension_mode":true,"campfire_choices":[{"data":"DemoMod:ShadowBullets","floor":6,"key":"SMITH"}],"circlet_count":0,"master_deck":["DemoMod:Strike_Huntress","DemoMod:Strike_Huntress","DemoMod:Strike_Huntress","DemoMod:Defend_Huntress","DemoMod:Defend_Huntress","DemoMod:Defend_Huntress","DemoMod:Defend_Huntress","DemoMod:Roll","DemoMod:ManualReload","DemoMod:RustySidearm","DemoMod:CrossBow","DemoMod:TripleGun","DemoMod:ShadowBullets+1","DemoMod:LifeOrb","DemoMod:Casey"],"relics":["DemoMod:Dog","aspiration:Nostalgia","PrismaMod:PrismaTraceOn","LetterFromLob"],"acts_visited":["Exordium"],"potions_floor_usage":[7,7],"damage_taken":[{"damage":14,"enemies":"Cultist","floor":1,"turns":5},{"damage":0,"enemies":"Jaw Worm","floor":2,"turns":3},{"damage":4,"enemies":"Small Slimes","floor":3,"turns":4},{"damage":9,"enemies":"Exordium Thugs","floor":4,"turns":5},{"damage":10,"enemies":"Looter","floor":5,"turns":3},{"damage":29,"enemies":"3 Sentries","floor":7,"turns":5}],"seed_played":"-1380931134349684723","potions_obtained":[{"floor":3,"key":"SteroidPotion"},{"floor":4,"key":"GamblersBrew"}],"is_trial":false,"path_per_floor":["M","M","M","M","M","R","E"],"character_chosen":"HUNTRESS","items_purchased":[],"campfire_rested":0,"item_purchase_floors":[],"current_hp_per_floor":[56,56,52,43,33,33,4,4],"gold":171,"neow_bonus":"NOSTALGIA","is_daily":false,"chose_seed":false,"campfire_upgraded":1,"win_rate":0.0,"timestamp":1610519032,"path_taken":["M","?","M","M","M","R","E"],"items_purchased_type":[],"build_version":"2020-12-22","purchased_purges":0,"victory":false,"max_hp_per_floor":[70,70,70,70,70,70,70,70],"relic_stats":{"counters":[6,25],"obtain_stats":[{"DemoMod:Dog":0,"aspiration:Nostalgia":0,"DemoMod:GlassGuonStoneRelic":1,"LetterFromLob":1,"PrismaMod:PrismaTraceOn":0},{"DemoMod:Dog":0,"aspiration:Nostalgia":0,"DemoMod:GlassGuonStoneRelic":1,"LetterFromLob":1,"PrismaMod:PrismaTraceOn":0},{"DemoMod:Dog":0,"aspiration:Nostalgia":0,"DemoMod:GlassGuonStoneRelic":5,"LetterFromLob":5,"PrismaMod:PrismaTraceOn":0}]},"card_choices":[{"not_picked":["DemoMod:GunstockTap","DemoMod:BoxingGlove"],"picked":"DemoMod:TripleGun","floor":1},{"not_picked":["DemoMod:Unmoved","DemoMod:SAA"],"picked":"DemoMod:ShadowBullets","floor":2},{"not_picked":["DemoMod:TeaPot","DemoMod:GunstockTap","DemoMod:BattleInHaste"],"picked":"SKIP","floor":3},{"not_picked":["DemoMod:AC15","DemoMod:Replace"],"picked":"DemoMod:LifeOrb","floor":4},{"not_picked":["DemoMod:PotionOfGunFriendShip","DemoMod:RadGun"],"picked":"DemoMod:Casey","floor":5}],"player_experience":295349,"relics_obtained":[{"floor":1,"key":"LetterFromLob"}],"event_choices":[],"is_beta":false,"boss_relics":[],"items_purged_floors":[],"is_endless":false,"potions_floor_spawned":[3,4],"killed_by":"3 Sentries","ascension_level":5}}