{"host":"6swbl1yqdi8v28pk","time":1610498134,"event":{"mods":["AchievementEnabler","BaseMod","Colored Map","Minty Spire (QoL Compilation)","Quick Restart"],"gold_per_floor":[116,129,129,141,161,187,187,218,218,183,2,14,89,189,189,291,291,301,315,315,335,346,346,346],"floor_reached":23,"language":"SPA","playtime":759,"items_purged":["Defend_B"],"score":253,"play_id":"53564106-eb95-4ad5-9055-d766f33d3ced","local_time":"20210112183534","is_ascension_mode":false,"campfire_choices":[{"data":"Dualcast","floor":7,"key":"SMITH"},{"floor":15,"key":"REST"}],"circlet_count":0,"master_deck":["Zap","Dualcast+1","Compile Driver","Conserve Battery","Steam","Leap","Ball Lightning","Darkness","FTL","Hologram+1","Undo+1","Self Repair","Core Surge","Rebound","All For One","Capacitor","White Noise+1","Static Discharge","Aggregate+1","Genetic Algorithm+1","Double Energy+1","Ball Lightning+1","Sunder","Chaos+1","Go for the Eyes"],"relics":["Cracked Core","NeowsBlessing","The Courier","Kunai","Toxic Egg 2","Pandora\u0027s Box"],"acts_visited":["Exordium","TheCity"],"potions_floor_usage":[16,16,16,23],"damage_taken":[{"damage":0,"enemies":"Cultist","floor":1,"turns":1},{"damage":0,"enemies":"2 Louse","floor":2,"turns":1},{"damage":0,"enemies":"Small Slimes","floor":4,"turns":1},{"damage":0,"enemies":"Looter","floor":5,"turns":4},{"damage":25,"enemies":"Lagavulin","floor":6,"turns":8},{"damage":18,"enemies":"Gremlin Nob","floor":8,"turns":4},{"damage":3,"enemies":"Gremlin Gang","floor":12,"turns":4},{"damage":0,"enemies":"Hexaghost","floor":16,"turns":7},{"damage":4,"enemies":"Spheric Guardian","floor":18,"turns":4},{"damage":20,"enemies":"2 Thieves","floor":19,"turns":4},{"damage":20,"enemies":"Chosen and Byrds","floor":21,"turns":6},{"damage":33,"enemies":"Snecko","floor":22,"turns":6},{"damage":27,"enemies":"Gremlin Leader","floor":23,"turns":2}],"seed_played":"-5593010642176284011","potions_obtained":[{"floor":1,"key":"EssenceOfDarkness"},{"floor":8,"key":"Weak Potion"},{"floor":12,"key":"PowerPotion"},{"floor":16,"key":"PotionOfCapacity"},{"floor":21,"key":"SpeedPotion"}],"is_trial":false,"path_per_floor":["M","M","?","M","M","E","R","E","T","?","$","M","?","?","R","B",null,"M","M","?","M","M","E"],"character_chosen":"DEFECT","items_purchased":["FTL","Hologram+1","Undo+1"],"campfire_rested":1,"item_purchase_floors":[11,11,11],"current_hp_per_floor":[75,75,68,68,68,43,43,25,25,43,43,40,29,29,51,58,75,75,62,62,49,23,0,0],"gold":346,"neow_bonus":"THREE_ENEMY_KILL","is_daily":false,"chose_seed":false,"campfire_upgraded":1,"win_rate":0.0,"timestamp":1610498134,"path_taken":["M","M","?","?","M","E","R","E","T","?","$","M","?","?","R","BOSS","M","?","?","M","M","E"],"items_purchased_type":["Card","Card","Card"],"build_version":"2020-12-22","purchased_purges":1,"victory":false,"max_hp_per_floor":[75,75,75,75,75,75,75,75,75,75,75,75,75,75,75,75,75,75,75,75,75,75,75,75],"card_choices":[{"not_picked":["Scrape","Force Field"],"picked":"Compile Driver","floor":1},{"not_picked":["Steam Power","Skim"],"picked":"Conserve Battery","floor":2},{"not_picked":["Streamline","Heatsinks"],"picked":"Steam","floor":4},{"not_picked":["Go for the Eyes","Heatsinks"],"picked":"Leap","floor":5},{"not_picked":["Hello World","Machine Learning"],"picked":"Ball Lightning","floor":6},{"not_picked":["Conserve Battery","Reboot"],"picked":"Darkness","floor":8},{"not_picked":["Gash","Reinforced Body+1"],"picked":"Self Repair","floor":12},{"not_picked":["Amplify+1","Creative AI"],"picked":"Core Surge","floor":16},{"not_picked":["Steam+1","Rebound+1"],"picked":"Double Energy+1","floor":18},{"not_picked":["Steam+1","Reprogram+1"],"picked":"Ball Lightning+1","floor":19},{"not_picked":["Beam Cell","Go for the Eyes"],"picked":"Chaos+1","floor":21},{"not_picked":["Gash","Stack+1"],"picked":"Go for the Eyes","floor":22}],"player_experience":136038,"relics_obtained":[{"floor":6,"key":"The Courier"},{"floor":8,"key":"Kunai"},{"floor":9,"key":"Toxic Egg 2"}],"event_choices":[{"damage_healed":0,"gold_gain":0,"player_choice":"Damaged","damage_taken":7,"max_hp_gain":0,"max_hp_loss":0,"event_name":"Wheel of Change","floor":3,"gold_loss":0},{"damage_healed":18,"gold_gain":0,"player_choice":"Healed","damage_taken":0,"max_hp_gain":0,"max_hp_loss":0,"event_name":"The Cleric","floor":10,"gold_loss":35},{"damage_healed":0,"gold_gain":75,"player_choice":"Gather Gold","damage_taken":11,"max_hp_gain":0,"max_hp_loss":0,"event_name":"World of Goop","floor":13,"gold_loss":0},{"damage_healed":0,"gold_gain":100,"player_choice":"Pray","damage_taken":0,"max_hp_gain":0,"max_hp_loss":0,"event_name":"Golden Shrine","floor":14,"gold_loss":0},{"damage_healed":0,"gold_gain":0,"player_choice":"Read","damage_taken":0,"max_hp_gain":0,"max_hp_loss":0,"event_name":"The Library","floor":20,"gold_loss":0,"cards_obtained":["Sunder"]}],"is_beta":false,"boss_relics":[{"not_picked":["Busted Crown","SlaversCollar"],"picked":"Pandora\u0027s Box"}],"items_purged_floors":[11],"is_endless":false,"potions_floor_spawned":[1,8,12,16,21],"killed_by":"Gremlin Leader","ascension_level":0}}