{"host":"a8v0czv88scrgx5i","time":1610524525,"event":{"mods":["2.2 Compatiblity","Act Like it!","Aspiration","Astrologer","Bard","BaseMod","Beaked The Cultist","Better Third Choice","BetterRewards","Colored Map","Colored Powertips","Curses Come First","Dota2Spire","Downfall","Friendly Minions","GifTheSpireLib","GungeonMod","Hermit","Hubris","Infinite Spire","Luminous","Marisa????????","Minty Spire (QoL Compilation)","READ ME - Guardian Mod","Rare Cards Sparkle","Relic Sorter","Replay The Spire","Shade Mod","Shop Mod","StSLib","The Animator","The Blackbeard","The Bug Knight","The Construct","The Cursed","The Disciple","The Elementalist","The Hierophant","The Jungle","The Mystic","The Necromancer","The Runesmith","The Servant 0.9.4","The Spell Scribe","vexMod"],"gold_per_floor":[115,115,129,179,203,203,231,247,247,247,247,270,281,315,315,411,411,428,447,465,481,53,53,80,80,80,124,124,141,141,158,158,254,254,273,273,72,84,126,159,159,159,159,159,170,184,215,227,227,227,227,227,419,469,524,524,524,8,83,83,83],"floor_reached":60,"language":"ENG","playtime":4390,"items_purged":["animator:Strike","animator:Strike","animator:Strike_OnePunchMan","animator:Defend"],"score":1235,"play_id":"98ec3f8c-edeb-4484-95d3-528d93e6e2f1","local_time":"20210113025525","is_ascension_mode":false,"campfire_choices":[{"data":"animator:Melzalgald","floor":6,"key":"SMITH"},{"floor":11,"key":"REST"},{"data":"hubris:Fate","floor":15,"key":"SMITH"},{"data":"animator:MetalKnight","floor":23,"key":"SMITH"},{"floor":28,"key":"RECALL"},{"data":"animator:Geryuganshoop","floor":32,"key":"SMITH"},{"data":"animator:Melzalgald","floor":42,"key":"SMITH"},{"data":"animator:Viivi","floor":44,"key":"SMITH"},{"data":"animator:Assassin","floor":49,"key":"SMITH"},{"data":"animator:SilverFang","floor":52,"key":"SMITH"}],"circlet_count":0,"master_deck":["animator:Defend_OnePunchMan+1","animator:Defend+1","animator:Defend","animator:Genos+1","animator:MumenRider+1","animator:MumenRider+1","Discovery+1","animator:Assassin+1","animator:Melzalgald+1","animator:MetalKnight","animator:Viivi","animator:SilverFang","animator:SilverFang","animator:Melzalgald+1","animator:Geryuganshoop+1","animator:Geryuganshoop+1","animator:Kuribayashi+1","animator:MetalKnight","animator:Emonzaemon","animator:MumenRider+1","animator:MetalKnight","animator:Geryuganshoop"],"relics":["animator:TheEgnaroPiece","animator:LivingPicture","animator:TheMissingPiece","animator:AncientMedallion","elementalistmod:GreenCirclet"],"acts_visited":["Exordium","Exordium","TheBeyond","TheEnding","EYB:TheUnnamedReign"],"potions_floor_usage":[50,59,60,60],"damage_taken":[{"damage":0,"enemies":"Small Slimes","floor":1,"turns":3},{"damage":0,"enemies":"Jaw Worm","floor":3,"turns":3},{"damage":1,"enemies":"Cultist","floor":5,"turns":4},{"damage":11,"enemies":"Gremlin Nob","floor":7,"turns":4},{"damage":0,"enemies":"Lots of Slimes","floor":8,"turns":4},{"damage":4,"enemies":"Red Slaver","floor":12,"turns":4},{"damage":0,"enemies":"Blue Slaver","floor":13,"turns":3},{"damage":0,"enemies":"3 Sentries","floor":14,"turns":7},{"damage":0,"enemies":"Fading Forest","floor":16,"turns":1},{"damage":0,"enemies":"Shell Parasite","floor":18,"turns":1},{"damage":0,"enemies":"theJungle:Flameango_and_Byrd","floor":19,"turns":3},{"damage":0,"enemies":"theJungle:Snecko_Cultist_And_Trap","floor":20,"turns":1},{"damage":0,"enemies":"theJungle:Lyon","floor":21,"turns":4},{"damage":0,"enemies":"theJungle:MamaSnecko","floor":24,"turns":2},{"damage":0,"enemies":"theJungle:2_Phrogs","floor":27,"turns":5},{"damage":0,"enemies":"theJungle:JungleHuntersEncounter","floor":29,"turns":5},{"damage":6,"enemies":"theJungle:Snecko_Cultist_And_Trap","floor":31,"turns":6},{"damage":0,"enemies":"theJungle:QueenSpyder","floor":33,"turns":8},{"damage":0,"enemies":"Orb Walker","floor":35,"turns":3},{"damage":2,"enemies":"3 Darklings","floor":38,"turns":4},{"damage":4,"enemies":"Giant Head","floor":40,"turns":6},{"damage":0,"enemies":"Transient","floor":45,"turns":3},{"damage":0,"enemies":"Maw","floor":46,"turns":5},{"damage":0,"enemies":"Nemesis","floor":47,"turns":3},{"damage":0,"enemies":"4 Shapes","floor":48,"turns":4},{"damage":14,"enemies":"infinitespire:MassOfShapes","floor":50,"turns":8},{"damage":3,"enemies":"animator:UNNAMED_HAT","floor":54,"turns":16},{"damage":0,"enemies":"animator:UNNAMED_CULTIST_1","floor":55,"turns":10},{"damage":22,"enemies":"animator:TRIPLE_LAGAVULIN","floor":59,"turns":8},{"damage":85,"enemies":"animator:LARGE_CUBE","floor":60,"turns":3}],"seed_played":"7606789682479284447","potions_obtained":[{"floor":1,"key":"Reflective Coating"},{"floor":12,"key":"Fire Potion"},{"floor":13,"key":"CultistPotion"},{"floor":19,"key":"Dota2Spire:HealingSalve"},{"floor":27,"key":"Dota2Spire:HealingSalve"},{"floor":50,"key":"SpeedPotion"},{"floor":54,"key":"animator:FalseLifePotion"},{"floor":55,"key":"animator:FalseLifePotion"},{"floor":59,"key":"animator:FalseLifePotion"}],"is_trial":false,"path_per_floor":["M","?","M","?","M","R","E","M","T","?","R","M","M","E","R","B",null,"M","M","M","M","$","R","E","$","T","E","R","M","AVR","M","R","B",null,"M","?","$","M","?","E","AVR","R","T","R","M","M","E","M","R","B",null,"R","??","M","M","T","?","$","M","M"],"character_chosen":"THE_ANIMATOR","items_purchased":["MerchantsRug","hubris:MedicalManual","Molten Egg 2","Dota2Spire:HeartOfTarrasque","animator:AncientMedallion","animator:AncientMedallion"],"campfire_rested":1,"item_purchase_floors":[0,22,22,37,58,58],"current_hp_per_floor":[34,18,18,18,32,32,28,28,28,28,49,50,50,50,50,50,73,73,73,73,74,74,74,74,74,74,74,74,74,74,68,74,74,74,74,74,82,80,60,65,65,65,65,65,65,73,73,77,77,77,82,82,86,83,83,83,83,83,64,0,0],"gold":83,"neow_bonus":"","is_daily":false,"chose_seed":false,"campfire_upgraded":8,"win_rate":0.0,"timestamp":1610524525,"path_taken":["M","?","M","?","M","R","E","M","T","?","R","M","M","E","R","BOSS","M","M","M","M","$","R","E","?","T","E","R","?","AVR","M","R","BOSS","M","?","$","M","?","E","AVR","R","T","R","M","M","E","M","R","BOSS","R","??","M","M","T","?","$","M","M"],"items_purchased_type":["Relic","Relic","Relic","Relic","Relic","Relic"],"build_version":"2020-12-22","purchased_purges":4,"victory":false,"max_hp_per_floor":[66,66,66,66,66,66,73,73,73,73,73,73,73,73,73,73,73,73,73,73,74,74,74,74,74,74,74,74,74,74,74,74,74,74,74,74,82,82,82,82,82,82,82,82,82,82,82,82,82,82,82,82,86,86,86,86,86,86,86,86,86],"card_choices":[{"not_picked":["animator:Shinoa","animator:LizardPriest"],"picked":"animator:MumenRider","floor":1},{"not_picked":["infinitespire:Punishment","infinitespire:UltimateForm"],"picked":"hubris:Fate","floor":2},{"not_picked":["animator:Genos","animator:Tatsumaki"],"picked":"animator:Assassin","floor":3},{"not_picked":["animator:Hitei","animator:EmiyaShirou"],"picked":"animator:Melzalgald","floor":5},{"not_picked":["animator:MumenRider","animator:Sonic"],"picked":"animator:MetalKnight","floor":7},{"not_picked":["animator:HiiragiShinya","animator:Bozes"],"picked":"animator:Viivi","floor":8},{"not_picked":["animator:DolaSchwi","animator:ShinjiMatou"],"picked":"animator:SilverFang","floor":12},{"not_picked":["animator:HiiragiShinya","animator:Aisha"],"picked":"animator:SilverFang","floor":13},{"not_picked":["animator:Tatsumaki","animator:SilverFang"],"picked":"animator:Melzalgald","floor":14},{"not_picked":["animator:Ara","animator:Mikaela","animator:YaoHaDucy"],"picked":"SKIP","floor":18},{"not_picked":["animator:FielNirvalen","animator:Shichika","animator:LeleiLaLalena+1"],"picked":"SKIP","floor":19},{"not_picked":["animator:Witch","animator:Tatsumaki+1","animator:Fredrika"],"picked":"SKIP","floor":20},{"not_picked":["animator:Tatsumaki","animator:MumenRider"],"picked":"animator:Geryuganshoop","floor":21},{"not_picked":["animator:Tatsumaki","animator:ZankiKiguchi+1"],"picked":"animator:Geryuganshoop+1","floor":24},{"not_picked":["animator:RoryMercury+1","animator:HighElfArcher+1"],"picked":"animator:Kuribayashi+1","floor":27},{"not_picked":["animator:Tatsumaki","animator:Jibril+1","animator:Assassin+1"],"picked":"SKIP","floor":29},{"not_picked":["animator:Tatsumaki","animator:Melzalgald+1"],"picked":"animator:MetalKnight+1","floor":31},{"not_picked":["animator:HiiragiShinya+1","animator:RinTohsaka+1"],"picked":"animator:Emonzaemon+1","floor":35},{"not_picked":["animator:Tet","animator:TukaLunaMarceau+1","animator:UneriGinkaku"],"picked":"SKIP","floor":38},{"not_picked":["animator:Jibril","animator:Witch"],"picked":"animator:MumenRider","floor":39},{"not_picked":["animator:SilverFang+1","animator:MumenRider+1","animator:Fredrika"],"picked":"SKIP","floor":40},{"not_picked":["animator:MumenRider","animator:Tatsumaki"],"picked":"animator:MetalKnight","floor":45},{"not_picked":["animator:Alexander","animator:TsurugaMeisai","animator:LizardPriest+1"],"picked":"SKIP","floor":46},{"not_picked":["animator:DolaSchwi","animator:LeleiLaLalena+1","animator:Ara"],"picked":"SKIP","floor":47},{"not_picked":["animator:Lancer","animator:MetalKnight","animator:Gilgamesh"],"picked":"SKIP","floor":48},{"not_picked":["animator:MumenRider","animator:MetalKnight"],"picked":"animator:Geryuganshoop","floor":54},{"not_picked":["animator:Guy","animator:Aisha","animator:Elsword"],"picked":"SKIP","floor":55},{"not_picked":["animator:Rider","animator:DolaSchwi+1","animator:Eve"],"picked":"SKIP","floor":59}],"player_experience":958222,"relics_obtained":[{"floor":7,"key":"vexMod:BerryBomb"},{"floor":9,"key":"CaptainsWheel"},{"floor":14,"key":"infinitespire:Satchel"},{"floor":24,"key":"aspiration:ChemicalBlood"},{"floor":26,"key":"DemoMod:BlueGuonStone"},{"floor":27,"key":"Eternal Feather"},{"floor":39,"key":"Dota2Spire:MantaStyle"},{"floor":40,"key":"Mirror"},{"floor":47,"key":"Bag of Preparation"},{"floor":53,"key":"animator:TheEgnaroPiece"},{"floor":56,"key":"animator:AncientMedallion"}],"event_choices":[{"cards_removed":["animator:Strike"],"damage_healed":0,"gold_gain":0,"player_choice":"Purged","damage_taken":0,"max_hp_gain":0,"max_hp_loss":0,"event_name":"Purifier","floor":10,"gold_loss":0},{"damage_healed":0,"gold_gain":0,"player_choice":"Ignored","damage_taken":0,"max_hp_gain":0,"max_hp_loss":0,"event_name":"Tomb of Lord Red Mask","floor":36,"gold_loss":0}],"is_beta":false,"boss_relics":[{"not_picked":["aspiration:RitualDagger","Replay:Drink Me"],"picked":"aspiration:FutureDiary"},{"not_picked":["hubris:HollowSoul","vexMod:BigBerry"],"picked":"vexMod:TanglingVine"}],"items_purged_floors":[0,30,37,41],"is_endless":false,"potions_floor_spawned":[1,12,13,16,19,20,24,27,33,35,45,54,55],"killed_by":"animator:LARGE_CUBE","ascension_level":0}}