{"host":"pbf6u3tyx46snqc7","time":1610548060,"event":{"mods":["AchievementEnabler","BaseMod","Colored Map","Minty Spire (QoL Compilation)","Rare Cards Sparkle","SuperFastMode"],"gold_per_floor":[13,13,13,27,37,37,51,69,69,84,9,23,23,43,43,43,43],"floor_reached":16,"language":"KOR","playtime":425,"items_purged":["Strike_G"],"score":134,"play_id":"b49aed6c-cc91-4231-935a-fbbd971f8720","local_time":"20210113232740","is_ascension_mode":true,"campfire_choices":[{"data":"Bouncing Flask","floor":6.0,"key":"SMITH"},{"floor":15.0,"key":"REST"}],"circlet_count":0,"master_deck":["Strike_G","Defend_G","Defend_G","Defend_G","Defend_G","Survivor","Neutralize","Poisoned Stab+1","Calculated Gamble","Bouncing Flask+1","Backflip","Wraith Form v2","Prepared"],"relics":["Ring of the Snake"],"acts_visited":["Exordium"],"potions_floor_usage":[],"damage_taken":[{"damage":0.0,"enemies":"2 Louse","floor":1.0,"turns":4.0},{"damage":1.0,"enemies":"Small Slimes","floor":4.0,"turns":3.0},{"damage":1.0,"enemies":"Cultist","floor":5.0,"turns":3.0},{"damage":8.0,"enemies":"Large Slime","floor":7.0,"turns":6.0},{"damage":10.0,"enemies":"Red Slaver","floor":8.0,"turns":3.0},{"damage":6.0,"enemies":"Looter","floor":10.0,"turns":3.0},{"damage":4.0,"enemies":"Large Slime","floor":12.0,"turns":4.0},{"damage":1.0,"enemies":"Blue Slaver","floor":14.0,"turns":2.0},{"damage":45,"enemies":"Slime Boss","floor":16,"turns":8}],"seed_played":"2680488288224309241","potions_obtained":[{"floor":4.0,"key":"Regen Potion"},{"floor":5.0,"key":"SteroidPotion"},{"floor":8.0,"key":"DistilledChaos"},{"floor":14.0,"key":"Block Potion"}],"is_trial":false,"path_per_floor":["M","?","?","M","M","R","M","M","T","M","$","M","?","M","R","B"],"character_chosen":"THE_SILENT","items_purchased":[],"campfire_rested":1,"item_purchase_floors":[],"current_hp_per_floor":[63,63,63,62,61,61,53,43,43,37,37,33,33,32,53,8,8],"gold":43,"neow_bonus":"REMOVE_TWO","is_daily":false,"chose_seed":false,"campfire_upgraded":1,"win_rate":0.0,"timestamp":1610548060,"path_taken":["M","?","?","M","?","R","M","M","T","M","$","M","?","M","R","BOSS"],"items_purchased_type":[],"build_version":"2020-12-22","purchased_purges":1,"victory":false,"max_hp_per_floor":[70,70,70,70,70,70,70,70,70,70,70,70,70,70,70,70,70],"card_choices":[{"not_picked":["Acrobatics","Underhanded Strike"],"picked":"Poisoned Stab","floor":1.0},{"not_picked":["Infinite Blades","Flying Knee"],"picked":"Calculated Gamble","floor":4.0},{"not_picked":["Dodge and Roll","Cloak And Dagger"],"picked":"Bouncing Flask","floor":5.0},{"not_picked":["Cloak And Dagger","Accuracy"],"picked":"Backflip","floor":7.0},{"not_picked":["Caltrops","Cloak And Dagger","Choke"],"picked":"SKIP","floor":8.0},{"not_picked":["Caltrops","Cloak And Dagger","Choke"],"picked":"SKIP","floor":8.0},{"not_picked":["Flechettes","Outmaneuver"],"picked":"Wraith Form v2","floor":10.0},{"not_picked":["Poisoned Stab","Concentrate","All Out Attack"],"picked":"SKIP","floor":12.0},{"not_picked":["Quick Slash","Flying Knee"],"picked":"Prepared","floor":14.0}],"player_experience":420428,"relics_obtained":[],"event_choices":[{"cards_removed":["Strike_G"],"damage_healed":0.0,"max_hp_gain":0.0,"max_hp_loss":0.0,"gold_gain":0.0,"event_name":"Living Wall","player_choice":"Forget","floor":2.0,"gold_loss":0.0,"damage_taken":0.0},{"damage_healed":0.0,"max_hp_gain":0.0,"max_hp_loss":0.0,"gold_gain":0.0,"event_name":"Upgrade Shrine","player_choice":"Upgraded","floor":3.0,"gold_loss":0.0,"damage_taken":0.0,"cards_upgraded":["Poisoned Stab"]},{"cards_removed":["Strike_G"],"damage_healed":0.0,"max_hp_gain":0.0,"max_hp_loss":0.0,"gold_gain":0.0,"event_name":"Purifier","player_choice":"Purged","floor":13.0,"gold_loss":0.0,"damage_taken":0.0}],"is_beta":false,"boss_relics":[],"items_purged_floors":[11],"is_endless":false,"potions_floor_spawned":[4,5,8,12,14],"killed_by":"Slime Boss","ascension_level":8}}