{"host":"jl3raagrljzztomj","time":1610526440,"event":{"mods":["BaseMod","BetterRewards","Colored Map","Colored Powertips","Custom Start","Hermit","Highlight Path","Minty Spire (QoL Compilation)","Permanent Neow","StSLib","The Runesmith"],"gold_per_floor":[118,118,131,151,162,162,162],"floor_reached":6,"language":"ENG","playtime":325,"items_purged":[],"score":38,"play_id":"cbbf6d1e-6e43-40e2-ab10-5da490df0a80","local_time":"20210113022720","is_ascension_mode":false,"campfire_choices":[],"circlet_count":0,"master_deck":["Strike_B","Strike_B","Strike_B","Defend_B","Defend_B","Defend_B","Defend_B","Zap","Dualcast","Capacitor","Barrage","Capacitor","Darkness","Static Discharge"],"relics":["Cracked Core"],"acts_visited":["Exordium"],"potions_floor_usage":[5],"damage_taken":[{"damage":1,"enemies":"Jaw Worm","floor":1,"turns":4},{"damage":1,"enemies":"Cultist","floor":3,"turns":4},{"damage":8,"enemies":"2 Louse","floor":4,"turns":4},{"damage":51,"enemies":"Gremlin Gang","floor":5,"turns":5},{"damage":31,"enemies":"Lagavulin","floor":6,"turns":5}],"seed_played":"-2241950753051618218","potions_obtained":[{"floor":1,"key":"Weak Potion"},{"floor":5,"key":"PotionOfCapacity"}],"is_trial":false,"path_per_floor":["M","?","M","M","M","E"],"character_chosen":"DEFECT","items_purchased":[],"campfire_rested":0,"item_purchase_floors":[],"current_hp_per_floor":[74,74,73,65,14,0,0],"gold":162,"neow_bonus":"THREE_CARDS","is_daily":false,"chose_seed":false,"campfire_upgraded":0,"win_rate":0.0,"timestamp":1610526440,"path_taken":["M","?","?","M","M","E"],"items_purchased_type":[],"build_version":"2020-12-22","purchased_purges":0,"victory":false,"max_hp_per_floor":[75,75,75,75,75,75,75],"card_choices":[{"not_picked":["Sweeping Beam","Chill"],"picked":"Capacitor","floor":0},{"not_picked":["Blizzard","Genetic Algorithm"],"picked":"Barrage","floor":1},{"not_picked":["Sweeping Beam","Steam"],"picked":"Darkness","floor":3},{"not_picked":["Go for the Eyes","Turbo","Undo"],"picked":"SKIP","floor":4},{"not_picked":["Scrape","Redo"],"picked":"Static Discharge","floor":5}],"player_experience":928440,"relics_obtained":[],"event_choices":[{"damage_healed":0,"gold_gain":0,"cards_transformed":["Strike_B"],"player_choice":"Transformed","damage_taken":0,"max_hp_gain":0,"max_hp_loss":0,"event_name":"Transmorgrifier","floor":2,"gold_loss":0,"cards_obtained":["Capacitor"]}],"is_beta":false,"boss_relics":[],"items_purged_floors":[],"is_endless":false,"potions_floor_spawned":[1,5],"killed_by":"Lagavulin","ascension_level":0}}