{"host":"3a1ypf1irl30q4k8","time":1610544945,"event":{"mods":["AchievementEnabler","BaseMod","Bestiary","Colored Map","Minty Spire (QoL Compilation)","Relic Stats"],"gold_per_floor":[118,130,147,147,8,25,52,72,72,84,100,135,135,185,185,185,185],"floor_reached":16,"language":"ENG","playtime":882,"items_purged":[],"score":181,"play_id":"fad5424f-1400-441b-8816-8db5677feeb4","local_time":"20210113133545","is_ascension_mode":true,"campfire_choices":[{"floor":13,"key":"REST"},{"floor":15,"key":"DIG"}],"circlet_count":0,"master_deck":["Strike_R","Strike_R","Strike_R","Strike_R","Defend_R","Defend_R","Defend_R","Defend_R","Bash","Flame Barrier","Warcry","Whirlwind","Heavy Blade","Feed","Dual Wield","Feed","Reaper","Shrug It Off","Battle Trance","Corruption"],"relics":["Fusion Hammer","Bronze Scales","Shovel","Bird Faced Urn","Toy Ornithopter","Pear"],"acts_visited":["Exordium"],"potions_floor_usage":[12,16],"damage_taken":[{"damage":2.0,"enemies":"Small Slimes","floor":1.0,"turns":3.0},{"damage":0.0,"enemies":"Cultist","floor":2.0,"turns":4.0},{"damage":2.0,"enemies":"Jaw Worm","floor":3.0,"turns":4.0},{"damage":0.0,"enemies":"3 Louse","floor":6.0,"turns":2.0},{"damage":52.0,"enemies":"Lagavulin","floor":7.0,"turns":8.0},{"damage":2.0,"enemies":"Red Slaver","floor":8.0,"turns":3.0},{"damage":11.0,"enemies":"Looter","floor":10.0,"turns":4.0},{"damage":1,"enemies":"2 Fungi Beasts","floor":11,"turns":3},{"damage":27,"enemies":"3 Sentries","floor":12,"turns":6},{"damage":77,"enemies":"Hexaghost","floor":16,"turns":10}],"seed_played":"-5963956863136569659","potions_obtained":[{"floor":2.0,"key":"LiquidBronze"},{"floor":6.0,"key":"Energy Potion"},{"floor":11,"key":"ElixirPotion"}],"is_trial":false,"path_per_floor":["M","M","M","?","$","M","E","M","T","M","M","E","R","T","R","B"],"character_chosen":"IRONCLAD","items_purchased":["Feed"],"campfire_rested":1,"item_purchase_floors":[5],"current_hp_per_floor":[78,78,76,76,76,79,30,31,31,27,32,23,54,54,64,0,0],"gold":185,"neow_bonus":"BOSS_RELIC","is_daily":false,"chose_seed":false,"campfire_upgraded":0,"win_rate":0.0,"timestamp":1610544945,"path_taken":["M","M","M","?","$","M","E","?","T","M","?","E","R","?","R","BOSS"],"items_purchased_type":["Card"],"build_version":"2020-12-22","purchased_purges":0,"victory":false,"max_hp_per_floor":[80,80,80,80,80,83,86,89,89,92,98,104,104,104,114,114,114],"relic_stats":{"Shovel":1,"counters":[10,47],"Bronze Scales":[93],"Bird Faced Urn":[2],"obtain_stats":[{"Shovel":9,"Pear":15,"Bronze Scales":7,"Bird Faced Urn":12,"Fusion Hammer":0,"Burning Blood":0,"Toy Ornithopter":14},{"Shovel":6,"Pear":9,"Bronze Scales":5,"Bird Faced Urn":9,"Fusion Hammer":0,"Burning Blood":0,"Toy Ornithopter":9},{"Shovel":24,"Pear":37,"Bronze Scales":21,"Bird Faced Urn":37,"Fusion Hammer":0,"Burning Blood":0,"Toy Ornithopter":37}],"Toy Ornithopter":5},"card_choices":[{"not_picked":["Anger","Heavy Blade"],"picked":"Flame Barrier","floor":1.0},{"not_picked":["Blood for Blood","Thunderclap"],"picked":"Warcry","floor":2.0},{"not_picked":["Anger","Disarm"],"picked":"Whirlwind","floor":3.0},{"not_picked":["Cleave","Thunderclap"],"picked":"Dual Wield","floor":6.0},{"not_picked":["Fire Breathing","Iron Wave"],"picked":"Feed","floor":7.0},{"not_picked":["Havoc","Sword Boomerang"],"picked":"Reaper","floor":8.0},{"not_picked":["Pummel","Carnage"],"picked":"Shrug It Off","floor":10},{"not_picked":["Anger","Heavy Blade"],"picked":"Battle Trance","floor":11},{"not_picked":["Carnage","Headbutt"],"picked":"Corruption","floor":12}],"player_experience":1041755,"relics_obtained":[{"floor":7.0,"key":"Bronze Scales"},{"floor":9.0,"key":"Shovel"},{"floor":12,"key":"Bird Faced Urn"},{"floor":14,"key":"Toy Ornithopter"},{"floor":15,"key":"Pear"}],"event_choices":[{"damage_healed":0.0,"max_hp_gain":0.0,"max_hp_loss":0.0,"gold_gain":0.0,"cards_transformed":["Strike_R"],"event_name":"Transmorgrifier","player_choice":"Transformed","floor":4.0,"gold_loss":0.0,"damage_taken":0.0,"cards_obtained":["Heavy Blade"]}],"is_beta":false,"boss_relics":[],"items_purged_floors":[],"is_endless":false,"potions_floor_spawned":[2,6,11],"killed_by":"Hexaghost","ascension_level":3}}