{"host":"zekcc3vicrep0och","time":1610523262,"event":{"mods":["AchievementEnabler","BaseMod","Colored Map","Colored Powertips","Displayed Cursed Tome","Highlight Path","Minty Spire (QoL Compilation)","Quick Restart","Relic Stats","StSLib","The Cursed"],"gold_per_floor":[110,122,134,146,165,200,216,216,216,227,227,227,242,254,254,325,325,336,10,10,30,30,30],"floor_reached":22,"language":"ENG","playtime":849,"items_purged":[],"score":399,"play_id":"9f9d67f1-25b9-4cad-b6bf-4164ef55a340","local_time":"20210113103422","is_ascension_mode":true,"campfire_choices":[{"floor":8.0,"key":"REST"},{"data":"Bash","floor":11.0,"key":"SMITH"},{"floor":15.0,"key":"REST"}],"circlet_count":0,"master_deck":["AscendersBane","Defend_R","Defend_R","Defend_R","Defend_R","Bash+1","Spot Weakness","Feed","Inflame","Sword Boomerang","Pummel","Exhume","Flame Barrier+1","Bite","Bite","Bite","Bite","Bite","Armaments+1"],"relics":["Burning Blood","Dead Branch","Lantern","Pantograph","CultistMask","Black Star","Toxic Egg 2"],"acts_visited":["Exordium","TheCity"],"potions_floor_usage":[21],"damage_taken":[{"damage":11.0,"enemies":"2 Louse","floor":1.0,"turns":4.0},{"damage":1.0,"enemies":"Cultist","floor":2.0,"turns":3.0},{"damage":18.0,"enemies":"Small Slimes","floor":3.0,"turns":4.0},{"damage":6.0,"enemies":"Blue Slaver","floor":4.0,"turns":5.0},{"damage":24.0,"enemies":"Exordium Thugs","floor":5.0,"turns":6.0},{"damage":30.0,"enemies":"Lagavulin","floor":6.0,"turns":5.0},{"damage":12.0,"enemies":"Looter","floor":7.0,"turns":5.0},{"damage":12.0,"enemies":"Exordium Wildlife","floor":10.0,"turns":3.0},{"damage":8.0,"enemies":"Blue Slaver","floor":13.0,"turns":2.0},{"damage":14.0,"enemies":"Lots of Slimes","floor":14.0,"turns":4.0},{"damage":48.0,"enemies":"Hexaghost","floor":16.0,"turns":9.0},{"damage":5.0,"enemies":"Chosen","floor":18.0,"turns":5.0},{"damage":41,"enemies":"Shell Parasite","floor":21,"turns":7},{"damage":50,"enemies":"Snake Plant","floor":22,"turns":5}],"seed_played":"-1829365434906274038","potions_obtained":[{"floor":2.0,"key":"Ancient Potion"},{"floor":3.0,"key":"Energy Potion"},{"floor":7.0,"key":"FearPotion"},{"floor":16.0,"key":"SkillPotion"}],"is_trial":false,"path_per_floor":["M","M","M","M","M","E","M","R","T","M","R","?","M","M","R","B",null,"M","$","?","M","M"],"character_chosen":"IRONCLAD","items_purchased":["Toxic Egg 2","BloodPotion"],"campfire_rested":2,"item_purchase_floors":[19,19],"current_hp_per_floor":[63,68,56,56,38,14,8,28,28,22,22,22,23,18,40,23,61,65,65,53,38,0,0],"gold":30,"neow_bonus":"ONE_RARE_RELIC","is_daily":false,"chose_seed":false,"campfire_upgraded":1,"win_rate":0.0,"timestamp":1610523262,"path_taken":["M","M","M","M","M","E","M","R","T","M","R","?","?","?","R","BOSS","M","$","?","M","M"],"items_purchased_type":["Relic","Potion"],"build_version":"2020-12-22","purchased_purges":0,"victory":false,"max_hp_per_floor":[68,68,68,68,68,68,68,68,68,68,68,68,71,74,74,74,74,77,77,53,53,53,53],"relic_stats":{"counters":[14,67],"Dead Branch":[30],"Pantograph":25,"Black Star":0,"obtain_stats":[{"Lantern":6,"Dead Branch":0,"Pantograph":9,"CultistMask":12,"Black Star":17,"Toxic Egg 2":19,"Burning Blood":0},{"Lantern":6,"Dead Branch":0,"Pantograph":7,"CultistMask":8,"Black Star":11,"Toxic Egg 2":12,"Burning Blood":0},{"Lantern":27,"Dead Branch":0,"Pantograph":32,"CultistMask":35,"Black Star":50,"Toxic Egg 2":55,"Burning Blood":0}],"Burning Blood":78},"card_choices":[{"not_picked":["Flex","Anger","Clothesline"],"picked":"SKIP","floor":1.0},{"not_picked":["Burning Pact","Iron Wave"],"picked":"Spot Weakness","floor":2.0},{"not_picked":["Iron Wave","Bloodletting","Sever Soul"],"picked":"SKIP","floor":3.0},{"not_picked":["Body Slam","Burning Pact","Pommel Strike"],"picked":"SKIP","floor":4.0},{"not_picked":["Clash","Sentinel","Hemokinesis"],"picked":"SKIP","floor":5.0},{"not_picked":["Dual Wield","Clash","True Grit"],"picked":"SKIP","floor":6.0},{"not_picked":["Bloodletting","Dropkick"],"picked":"Feed","floor":7.0},{"not_picked":["Havoc","Carnage"],"picked":"Inflame","floor":10.0},{"not_picked":["Clothesline","Pommel Strike"],"picked":"Sword Boomerang","floor":13.0},{"not_picked":["Clothesline","Body Slam"],"picked":"Pummel","floor":14.0},{"not_picked":["Berserk","Corruption"],"picked":"Exhume","floor":16.0},{"not_picked":["Seeing Red+1","Battle Trance"],"picked":"Flame Barrier+1","floor":18.0},{"not_picked":["Perfected Strike","Bloodletting+1"],"picked":"Armaments+1","floor":21}],"player_experience":525397,"relics_obtained":[{"floor":6.0,"key":"Lantern"},{"floor":9.0,"key":"Pantograph"}],"event_choices":[{"damage_healed":0.0,"max_hp_gain":0.0,"max_hp_loss":0.0,"gold_gain":0.0,"event_name":"FaceTrader","player_choice":"Trade","floor":12.0,"gold_loss":0.0,"damage_taken":0.0,"relics_obtained":["CultistMask"]},{"damage_healed":0.0,"max_hp_gain":0.0,"max_hp_loss":24.0,"gold_gain":0.0,"event_name":"Vampires","player_choice":"Became a vampire","floor":20.0,"gold_loss":0.0,"damage_taken":0.0,"cards_obtained":["Bite","Bite","Bite","Bite","Bite"]}],"is_beta":false,"boss_relics":[{"not_picked":["Busted Crown","SlaversCollar"],"picked":"Black Star"}],"items_purged_floors":[],"is_endless":false,"potions_floor_spawned":[2,3,5,7,16],"killed_by":"Snake Plant","ascension_level":19}}