{"host":"fm9e0lfunjlbhzxv","time":1610582161,"event":{"mods":["AchievementEnabler","BaseMod","Bestiary","Colored Map","Colored Powertips","Key Reminder","Minty Spire (QoL Compilation)","Permanent Neow","Rare Cards Sparkle","Relic Stats","StSLib","The IronCluck","slay the spire mod where everything is the same but ironclad has a cowboy hat"],"gold_per_floor":[119,131,131,131,144,144,169,193,228,265,287,335,356,368,380,392,392],"floor_reached":16,"language":"ENG","playtime":996,"items_purged":[],"score":132,"play_id":"09d223e6-d6dd-4cf7-86b5-c038089d58e7","local_time":"20210113155601","is_ascension_mode":true,"campfire_choices":[{"data":"Backflip","floor":6,"key":"SMITH"},{"floor":15,"key":"REST"}],"circlet_count":0,"master_deck":["Strike_G","Strike_G","Defend_G","Defend_G","Defend_G","Survivor","Neutralize","Die Die Die+1","Calculated Gamble+1","Venomology+1","Bouncing Flask","Backflip+1","Poisoned Stab","Deadly Poison","Dagger Throw","PiercingWail","Leg Sweep","Backflip"],"relics":["Astrolabe","MawBank","keyreminder:keyreminder","Centennial Puzzle","CeramicFish"],"acts_visited":["Exordium"],"potions_floor_usage":[10,11,11,12,12,16],"damage_taken":[{"damage":0,"enemies":"2 Louse","floor":1,"turns":3},{"damage":0,"enemies":"Jaw Worm","floor":2,"turns":3},{"damage":0,"enemies":"Cultist","floor":5,"turns":4},{"damage":18,"enemies":"3 Sentries","floor":7,"turns":13},{"damage":0,"enemies":"3 Louse","floor":8,"turns":2},{"damage":4,"enemies":"Gremlin Nob","floor":10,"turns":4},{"damage":9,"enemies":"Exordium Thugs","floor":11,"turns":4},{"damage":8,"enemies":"Lagavulin","floor":12,"turns":6},{"damage":54,"enemies":"Slime Boss","floor":16,"turns":12}],"seed_played":"5005344310086437677","potions_obtained":[{"floor":7,"key":"PowerPotion"},{"floor":8,"key":"SkillPotion"},{"floor":11,"key":"Weak Potion"}],"is_trial":false,"path_per_floor":["M","M","?","?","M","R","E","M","T","E","M","E","?","$","R","B"],"character_chosen":"THE_SILENT","items_purchased":[],"campfire_rested":1,"item_purchase_floors":[],"current_hp_per_floor":[70,70,70,70,70,70,52,52,52,48,39,31,31,31,52,0,0],"gold":392,"neow_bonus":"BOSS_RELIC","is_daily":false,"chose_seed":false,"campfire_upgraded":1,"win_rate":0.0,"timestamp":1610582161,"path_taken":["M","M","?","?","?","R","E","M","T","E","M","E","?","$","R","BOSS"],"items_purchased_type":[],"build_version":"2020-12-22","purchased_purges":0,"victory":false,"max_hp_per_floor":[70,70,70,70,70,70,70,70,70,70,70,70,70,70,70,70,70],"relic_stats":{"Centennial Puzzle":[9],"counters":[9,51],"Astrolabe":["Die Die Die","Calculated Gamble","Venomology"],"CeramicFish":18,"MawBank":108,"obtain_stats":[{"keyreminder:keyreminder":9,"Centennial Puzzle":10,"Astrolabe":0,"CeramicFish":12,"MawBank":7,"Ring of the Snake":0},{"keyreminder:keyreminder":5,"Centennial Puzzle":6,"Astrolabe":0,"CeramicFish":8,"MawBank":4,"Ring of the Snake":0},{"keyreminder:keyreminder":25,"Centennial Puzzle":29,"Astrolabe":0,"CeramicFish":39,"MawBank":23,"Ring of the Snake":0}]},"card_choices":[{"not_picked":["Deadly Poison","Bane"],"picked":"Bouncing Flask","floor":1},{"not_picked":["Acrobatics","Outmaneuver"],"picked":"Backflip","floor":2},{"not_picked":["Sucker Punch","Bane","Grand Finale"],"picked":"SKIP","floor":5},{"not_picked":["Bullet Time","Escape Plan"],"picked":"Poisoned Stab","floor":7},{"not_picked":["Poisoned Stab","Dagger Throw"],"picked":"Deadly Poison","floor":8},{"not_picked":["Glass Knife","Prepared"],"picked":"Dagger Throw","floor":10},{"not_picked":["Choke","Endless Agony"],"picked":"PiercingWail","floor":11},{"not_picked":["Skewer","Flying Knee"],"picked":"Leg Sweep","floor":12}],"player_experience":404768,"relics_obtained":[{"floor":7,"key":"MawBank"},{"floor":10,"key":"Centennial Puzzle"},{"floor":12,"key":"CeramicFish"}],"event_choices":[{"cards_removed":["Defend_G"],"damage_healed":0,"gold_gain":0,"player_choice":"Forget","damage_taken":0,"max_hp_gain":0,"max_hp_loss":0,"event_name":"Living Wall","floor":3,"gold_loss":0},{"cards_removed":["Strike_G"],"damage_healed":0,"gold_gain":0,"player_choice":"Purged","damage_taken":0,"max_hp_gain":0,"max_hp_loss":0,"event_name":"Purifier","floor":4,"gold_loss":0},{"damage_healed":0,"gold_gain":0,"player_choice":"1 cards matched","damage_taken":0,"max_hp_gain":0,"max_hp_loss":0,"event_name":"Match and Keep!","floor":13,"gold_loss":0,"cards_obtained":["Backflip"]}],"is_beta":false,"boss_relics":[],"items_purged_floors":[],"is_endless":false,"potions_floor_spawned":[7,8,10,11],"killed_by":"Slime Boss","ascension_level":2}}