{"host":"TheHustler","time":1610539527,"event":{"mods":["BaseMod","Block Reminder","Colored Map","Colored Powertips","Minty Spire (QoL Compilation)","Quick Restart","StSLib","SuperFastMode","Unceasing Turn Reminder"],"gold_per_floor":[118,128,145,155,155,181,181,181,231,247,265,300,313,333,333,433,433,433,433,209,209,57,57,57,57,57,57,57,57,57,57,57,57,57,57,57,57,0,0,0,0,0,0,0,0,0,0,0,0,0,0],"floor_reached":50,"language":"ENG","playtime":1262,"items_purged":["Strike_B","Strike_B"],"score":606,"play_id":"94b79c64-57c0-4cde-9122-a311e2e8d0ea","local_time":"20210113130527","is_ascension_mode":false,"campfire_choices":[{"data":"Beam Cell","floor":8,"key":"SMITH"},{"data":"Loop","floor":15,"key":"SMITH"},{"data":"Biased Cognition","floor":23,"key":"SMITH"},{"data":"Echo Form","floor":28,"key":"SMITH"},{"data":"Coolheaded","floor":30,"key":"SMITH"},{"data":"Leap","floor":32,"key":"SMITH"},{"data":"Buffer","floor":40,"key":"SMITH"},{"data":"Amplify","floor":46,"key":"SMITH"},{"floor":49,"key":"REST"}],"circlet_count":0,"master_deck":["Strike_B","Defend_B","Defend_B","Defend_B","Defend_B","Zap+1","Chill","Leap+1","Beam Cell+1","Cold Snap","Ball Lightning","Sweeping Beam","Core Surge","Loop+1","Biased Cognition+1","Coolheaded+1","Ball Lightning","Echo Form+1","Tempest+1","Sweeping Beam+1","Undo+1","Buffer+1","FTL+1","Madness","Madness","Stack+1","Parasite","Amplify+1","Turbo+1"],"relics":["Cracked Core","Question Card","Matryoshka","Akabeko","Bag of Preparation","Cables","Ectoplasm","DataDisk","Anchor","Orichalcum","Molten Egg 2","Darkstone Periapt","Cursed Key","Red Mask","Letter Opener","Ornamental Fan","CaptainsWheel"],"acts_visited":["Exordium","TheCity","TheBeyond"],"potions_floor_usage":[6,27,27,41,41,50,50],"damage_taken":[{"damage":1,"enemies":"Cultist","floor":1,"turns":3},{"damage":0,"enemies":"2 Louse","floor":2,"turns":1},{"damage":0,"enemies":"Jaw Worm","floor":3,"turns":2},{"damage":1,"enemies":"Red Slaver","floor":4,"turns":4},{"damage":16,"enemies":"Gremlin Nob","floor":6,"turns":3},{"damage":5,"enemies":"Gremlin Gang","floor":10,"turns":3},{"damage":0,"enemies":"3 Louse","floor":11,"turns":1},{"damage":12,"enemies":"Lagavulin","floor":12,"turns":6},{"damage":0,"enemies":"Red Slaver","floor":13,"turns":1},{"damage":0,"enemies":"2 Fungi Beasts","floor":14,"turns":1},{"damage":16,"enemies":"Hexaghost","floor":16,"turns":8},{"damage":0,"enemies":"Spheric Guardian","floor":18,"turns":3},{"damage":7,"enemies":"Shell Parasite","floor":19,"turns":5},{"damage":10,"enemies":"Centurion and Healer","floor":21,"turns":5},{"damage":30,"enemies":"Slavers","floor":24,"turns":3},{"damage":5,"enemies":"Shelled Parasite and Fungi","floor":25,"turns":4},{"damage":0,"enemies":"Gremlin Leader","floor":27,"turns":6},{"damage":0,"enemies":"Snecko","floor":29,"turns":3},{"damage":9,"enemies":"Collector","floor":33,"turns":7},{"damage":0,"enemies":"3 Shapes","floor":35,"turns":3},{"damage":0,"enemies":"3 Darklings","floor":36,"turns":3},{"damage":31,"enemies":"Reptomancer","floor":41,"turns":5},{"damage":0,"enemies":"Transient","floor":42,"turns":5},{"damage":0,"enemies":"Giant Head","floor":44,"turns":6},{"damage":4,"enemies":"Writhing Mass","floor":47,"turns":5},{"damage":13,"enemies":"Maw","floor":48,"turns":8},{"damage":56,"enemies":"Time Eater","floor":50,"turns":8}],"seed_played":"24520091281055987","potions_obtained":[{"floor":2,"key":"FearPotion"},{"floor":10,"key":"Strength Potion"},{"floor":14,"key":"Regen Potion"},{"floor":19,"key":"Energy Potion"},{"floor":29,"key":"Swift Potion"},{"floor":36,"key":"Energy Potion"},{"floor":47,"key":"SkillPotion"}],"is_trial":false,"path_per_floor":["M","M","M","M","?","E","T","R","T","M","M","E","M","M","R","B",null,"M","M","$","M","$","R","E","M","T","E","R","M","R","?","R","B",null,"M","M","?","?","?","R","E","M","T","E","$","R","M","M","R","B"],"character_chosen":"DEFECT","items_purchased":["DataDisk","Ball Lightning"],"campfire_rested":1,"item_purchase_floors":[20,22],"current_hp_per_floor":[74,74,74,73,73,57,57,57,57,52,52,40,40,40,40,24,75,75,68,68,58,58,58,28,23,23,38,38,38,38,38,38,29,75,75,75,75,75,66,66,35,35,41,41,41,41,37,24,48,0,0],"gold":0,"neow_bonus":"UPGRADE_CARD","is_daily":false,"chose_seed":false,"campfire_upgraded":8,"win_rate":0.0,"timestamp":1610539527,"path_taken":["M","M","M","?","?","E","?","R","T","M","M","E","?","M","R","BOSS","M","M","$","M","$","R","E","M","T","E","R","?","R","?","R","BOSS","M","M","?","?","?","R","E","M","T","E","$","R","M","M","R","BOSS"],"items_purchased_type":["Relic","Card"],"build_version":"2020-12-18","purchased_purges":2,"victory":false,"max_hp_per_floor":[75,75,75,75,75,75,75,75,75,75,75,75,75,75,75,75,75,75,75,75,75,75,75,75,75,75,75,75,75,75,75,75,75,75,75,75,75,75,75,75,75,75,81,81,81,81,81,81,81,81,81],"card_choices":[{"not_picked":["Redo","Sweeping Beam"],"picked":"Chill","floor":1},{"not_picked":["Beam Cell","Cold Snap"],"picked":"Leap","floor":2},{"not_picked":["Force Field","Chaos"],"picked":"Beam Cell","floor":3},{"not_picked":["Beam Cell","Conserve Battery"],"picked":"Cold Snap","floor":4},{"not_picked":["Barrage","Thunder Strike"],"picked":"Ball Lightning","floor":6},{"not_picked":["Barrage","Redo","Darkness"],"picked":"Sweeping Beam","floor":10},{"not_picked":["Hologram","Stack","Redo","Streamline"],"picked":"SKIP","floor":11},{"not_picked":["Rebound","Doom and Gloom","Leap"],"picked":"Core Surge","floor":12},{"not_picked":["Self Repair","Lockon","Reprogram"],"picked":"Loop","floor":13},{"not_picked":["Beam Cell","Redo","Gash","Streamline"],"picked":"SKIP","floor":14},{"not_picked":["Hyperbeam","Fission","Meteor Strike"],"picked":"Biased Cognition","floor":16},{"not_picked":["Cold Snap","Doom and Gloom","Turbo+1"],"picked":"Coolheaded","floor":18},{"not_picked":["Redo","Compile Driver","Turbo","Beam Cell+1"],"picked":"SKIP","floor":19},{"not_picked":["Beam Cell","Conserve Battery","Loop","Stack"],"picked":"SKIP","floor":21},{"not_picked":["Compile Driver+1","Streamline","Steam+1"],"picked":"Echo Form","floor":24},{"not_picked":["Ball Lightning","Recycle+1","Gash+1"],"picked":"Tempest+1","floor":25},{"not_picked":["Heatsinks+1","Creative AI","Doom and Gloom+1"],"picked":"Sweeping Beam+1","floor":27},{"not_picked":["Hologram","Lockon+1","Compile Driver+1"],"picked":"Undo+1","floor":29},{"not_picked":["Reboot","Hyperbeam+1","Meteor Strike+1"],"picked":"Buffer","floor":33},{"not_picked":["Steam+1","Barrage+1","Turbo","Conserve Battery+1"],"picked":"SKIP","floor":35},{"not_picked":["Hologram","Rebound+1","Reprogram"],"picked":"FTL+1","floor":36},{"not_picked":["Hologram","Undo","Skim"],"picked":"Stack+1","floor":41},{"not_picked":["Conserve Battery","Chill","Cold Snap+1","Redo+1"],"picked":"SKIP","floor":42},{"not_picked":["Turbo","Compile Driver+1","Sweeping Beam+1"],"picked":"Amplify","floor":44},{"not_picked":["Go for the Eyes+1","Beam Cell+1","Redo+1","Sweeping Beam+1"],"picked":"SKIP","floor":47},{"not_picked":["Doom and Gloom+1","Melter+1","FTL+1"],"picked":"Turbo+1","floor":48}],"player_experience":630187,"relics_obtained":[{"floor":6,"key":"Question Card"},{"floor":7,"key":"Matryoshka"},{"floor":9,"key":"Akabeko"},{"floor":9,"key":"Bag of Preparation"},{"floor":12,"key":"Cables"},{"floor":24,"key":"Anchor"},{"floor":26,"key":"Orichalcum"},{"floor":26,"key":"Molten Egg 2"},{"floor":27,"key":"Darkstone Periapt"},{"floor":41,"key":"Letter Opener"},{"floor":43,"key":"Ornamental Fan"},{"floor":44,"key":"CaptainsWheel"}],"event_choices":[{"damage_healed":0,"gold_gain":0,"player_choice":"Ignored","damage_taken":0,"max_hp_gain":0,"max_hp_loss":0,"event_name":"Liars Game","floor":5,"gold_loss":0},{"cards_removed":["Strike_B"],"damage_healed":0,"gold_gain":0,"player_choice":"Purged","damage_taken":0,"max_hp_gain":0,"max_hp_loss":0,"event_name":"Purifier","floor":31,"gold_loss":0},{"cards_removed":["Dualcast"],"damage_healed":0,"gold_gain":0,"player_choice":"Removed Skill","damage_taken":0,"max_hp_gain":0,"max_hp_loss":0,"event_name":"Falling","floor":37,"gold_loss":0},{"damage_healed":0,"gold_gain":0,"player_choice":"Paid","damage_taken":0,"relics_obtained":["Red Mask"],"max_hp_gain":0,"max_hp_loss":0,"event_name":"Tomb of Lord Red Mask","floor":38,"gold_loss":57},{"damage_healed":0,"gold_gain":0,"player_choice":"Embrace Madness","damage_taken":9,"max_hp_gain":0,"max_hp_loss":0,"event_name":"Winding Halls","floor":39,"gold_loss":0,"cards_obtained":["Madness","Madness"]}],"is_beta":true,"boss_relics":[{"not_picked":["Runic Pyramid","Philosopher\u0027s Stone"],"picked":"Ectoplasm"},{"not_picked":["Velvet Choker","Tiny House"],"picked":"Cursed Key"}],"items_purged_floors":[20,22],"is_endless":false,"potions_floor_spawned":[2,10,14,19,29,36,47],"killed_by":"Time Eater","ascension_level":0}}