{"host":"52lujqhsyicpcskq","time":1610546657,"event":{"mods":["BaseMod","Colored Map","DeckTracker","Minty Spire (QoL Compilation)","Permanent Neow","StSLib","SuperFastMode","everything is the same but u backflip on backflip"],"gold_per_floor":[10,23,23,42,61,61,78,78,102,136,136,106,106,121,121,121,121],"floor_reached":16,"language":"KOR","playtime":496,"items_purged":[],"score":158,"play_id":"e5727c13-d359-4cf5-998f-dab0f879400f","local_time":"20210113230417","is_ascension_mode":true,"campfire_choices":[{"data":"Dualcast","floor":6,"key":"SMITH"},{"data":"Zap","floor":8,"key":"SMITH"},{"data":"Glacier","floor":11,"key":"SMITH"},{"floor":13,"key":"REST"},{"data":"Reinforced Body","floor":15,"key":"SMITH"}],"circlet_count":0,"master_deck":["AscendersBane","Strike_B","Strike_B","Strike_B","Strike_B","Defend_B","Defend_B","Defend_B","Defend_B+1","Zap+1","Dualcast+1","Core Surge","Glacier+1","Compile Driver","Rebound","Conserve Battery+1","Undo","FTL","Reinforced Body+1"],"relics":["Cracked Core","Pocketwatch","War Paint","Calipers"],"acts_visited":["Exordium"],"potions_floor_usage":[16],"damage_taken":[{"damage":1,"enemies":"Cultist","floor":1,"turns":3},{"damage":5,"enemies":"Small Slimes","floor":2,"turns":3},{"damage":9,"enemies":"2 Louse","floor":4,"turns":2},{"damage":0,"enemies":"Large Slime","floor":5,"turns":4},{"damage":6,"enemies":"Exordium Wildlife","floor":7,"turns":3},{"damage":17,"enemies":"Gremlin Nob","floor":10,"turns":4},{"damage":2,"enemies":"3 Louse","floor":14,"turns":2},{"damage":51,"enemies":"Hexaghost","floor":16,"turns":16}],"seed_played":"-2707268169948125642","potions_obtained":[{"floor":1,"key":"Ancient Potion"},{"floor":4,"key":"Weak Potion"}],"is_trial":false,"path_per_floor":["M","M","T","M","M","R","M","R","T","E","R","?","R","M","R","B"],"character_chosen":"DEFECT","items_purchased":[],"campfire_rested":1,"item_purchase_floors":[],"current_hp_per_floor":[67,62,62,53,53,53,47,47,47,30,30,30,52,50,50,0,0],"gold":121,"neow_bonus":"THREE_RARE_CARDS","is_daily":false,"chose_seed":false,"campfire_upgraded":4,"win_rate":0.0,"timestamp":1610546657,"path_taken":["M","M","?","M","M","R","M","R","T","E","R","?","R","M","R","BOSS"],"items_purchased_type":[],"build_version":"2020-12-22","purchased_purges":0,"victory":false,"max_hp_per_floor":[75,75,75,75,75,75,75,75,75,75,75,75,75,75,75,75,75],"card_choices":[{"not_picked":["Creative AI","Hyperbeam"],"picked":"Core Surge","floor":0},{"not_picked":["Reinforced Body","Leap"],"picked":"Glacier","floor":1},{"not_picked":["Hello World","Loop"],"picked":"Compile Driver","floor":2},{"not_picked":["Barrage","White Noise"],"picked":"Rebound","floor":4},{"not_picked":["Capacitor","Sweeping Beam"],"picked":"Conserve Battery","floor":5},{"not_picked":["Loop","Fusion"],"picked":"Undo","floor":7},{"not_picked":["Cold Snap","Rebound"],"picked":"FTL","floor":10},{"not_picked":["Melter","Leap"],"picked":"Reinforced Body","floor":14}],"player_experience":684796,"relics_obtained":[{"floor":3,"key":"Pocketwatch"},{"floor":9,"key":"War Paint"},{"floor":10,"key":"Calipers"}],"event_choices":[{"damage_healed":0,"gold_gain":0,"player_choice":"Left Gold","damage_taken":0,"max_hp_gain":0,"max_hp_loss":0,"event_name":"World of Goop","floor":12,"gold_loss":30}],"is_beta":false,"boss_relics":[],"items_purged_floors":[],"is_endless":false,"potions_floor_spawned":[1,4,7,14],"killed_by":"Hexaghost","ascension_level":11}}