{"host":"a4s27ghlnr83kbqz","time":1610546058,"event":{"mods":["AchievementEnabler","BaseMod","Colored Map","Minty Spire (QoL Compilation)","Permanent Neow","SuperFastMode"],"gold_per_floor":[362,362,377,145,162,162,177,187,187,201,232,132,142,159,159,237,237,254,254,169,94,108,108,108,125,125,139,34,62,62,62,62,136,136,152,163,179,197,36,36,61,73,121,146,159,0,0,0,0],"floor_reached":48,"language":"KOR","playtime":1376,"items_purged":["Strike_R","Strike_R"],"score":1032,"play_id":"611283be-74eb-4d7a-932b-01851ab3f71b","local_time":"20210113215418","is_ascension_mode":true,"campfire_choices":[{"data":"Carnage","floor":6,"key":"SMITH"},{"data":"Armaments","floor":15,"key":"SMITH"},{"floor":23,"key":"RECALL"},{"floor":30,"key":"REST"},{"floor":32,"key":"REST"},{"floor":40,"key":"REST"}],"circlet_count":0,"master_deck":["AscendersBane","Defend_R","Bash","Carnage+1","Armaments+1","Shockwave","Disarm","Bludgeon","Metallicize","Seeing Red","Shrug It Off","Double Tap","Battle Trance","Spot Weakness","Armaments","Exhume","Evolve","Flash of Steel","Impervious","Necronomicurse","Sword Boomerang+1","Flame Barrier+1","Normality","Carnage"],"relics":["Burning Blood","Bag of Preparation","StrikeDummy","HornCleat","Fusion Hammer","Nunchaku","Pocketwatch","Self Forming Clay","Necronomicon","Cursed Key","TheAbacus","Ancient Tea Set","Blood Vial","Red Mask"],"acts_visited":["Exordium","TheCity","TheBeyond"],"potions_floor_usage":[11,44],"damage_taken":[{"damage":2,"enemies":"Cultist","floor":1,"turns":4},{"damage":9,"enemies":"Jaw Worm","floor":3,"turns":3},{"damage":7,"enemies":"Small Slimes","floor":5,"turns":3},{"damage":7,"enemies":"Blue Slaver","floor":7,"turns":4},{"damage":6,"enemies":"Red Slaver","floor":8,"turns":3},{"damage":19,"enemies":"Exordium Thugs","floor":10,"turns":5},{"damage":8,"enemies":"Lagavulin","floor":11,"turns":6},{"damage":9,"enemies":"2 Fungi Beasts","floor":13,"turns":2},{"damage":6,"enemies":"Looter","floor":14,"turns":2},{"damage":18,"enemies":"The Guardian","floor":16,"turns":10},{"damage":5,"enemies":"3 Byrds","floor":18,"turns":5},{"damage":0,"enemies":"Spheric Guardian","floor":22,"turns":1},{"damage":9,"enemies":"Centurion and Healer","floor":25,"turns":4},{"damage":10,"enemies":"Snake Plant","floor":27,"turns":2},{"damage":27,"enemies":"Slavers","floor":29,"turns":7},{"damage":20,"enemies":"Champ","floor":33,"turns":8},{"damage":4,"enemies":"3 Shapes","floor":35,"turns":4},{"damage":0,"enemies":"Orb Walker","floor":36,"turns":2},{"damage":3,"enemies":"Writhing Mass","floor":37,"turns":4},{"damage":5,"enemies":"Maw","floor":38,"turns":5},{"damage":13,"enemies":"Reptomancer","floor":41,"turns":5},{"damage":0,"enemies":"Spire Growth","floor":42,"turns":2},{"damage":67,"enemies":"Nemesis","floor":44,"turns":9},{"damage":17,"enemies":"4 Shapes","floor":45,"turns":5},{"damage":35,"enemies":"Giant Head","floor":48,"turns":6}],"seed_played":"7180911914581429312","potions_obtained":[{"floor":1,"key":"BlessingOfTheForge"},{"floor":3,"key":"BloodPotion"},{"floor":11,"key":"AttackPotion"},{"floor":18,"key":"FearPotion"},{"floor":45,"key":"LiquidMemories"}],"is_trial":false,"path_per_floor":["M","?","M","$","M","R","M","M","T","M","E","$","M","M","R","B",null,"M","?","?","?","M","R","$","M","T","M","$","E","R","?","R","B",null,"M","M","M","M","$","R","E","M","T","E","M","?","?","E"],"character_chosen":"IRONCLAD","items_purchased":["Bag of Preparation","Flash of Steel","TheAbacus"],"campfire_rested":3,"item_purchase_floors":[4,28,39],"current_hp_per_floor":[54,54,51,51,50,50,49,49,49,36,34,34,31,31,31,19,61,62,62,62,62,68,68,68,65,65,61,61,40,62,41,63,49,69,71,75,75,75,75,75,68,74,74,28,19,19,19,0,0],"gold":0,"neow_bonus":"TWO_FIFTY_GOLD","is_daily":false,"chose_seed":false,"campfire_upgraded":2,"win_rate":0.0,"timestamp":1610546058,"path_taken":["M","?","M","$","M","R","M","M","T","M","E","$","M","M","R","BOSS","M","?","?","?","?","R","$","M","T","M","?","E","R","?","R","BOSS","M","M","M","M","$","R","E","M","T","E","M","?","?","E"],"items_purchased_type":["Relic","Card","Relic"],"build_version":"2020-12-22","purchased_purges":2,"victory":false,"max_hp_per_floor":[75,75,75,75,75,75,75,75,75,75,75,75,75,75,75,75,75,75,75,75,75,75,75,75,75,75,75,75,75,75,75,75,75,75,75,75,75,75,75,75,75,75,75,75,75,75,75,75,75],"card_choices":[{"not_picked":["Wild Strike","Rupture"],"picked":"Carnage","floor":1},{"not_picked":["Inflame","Dual Wield"],"picked":"Armaments","floor":3},{"not_picked":["Flex","True Grit"],"picked":"Shockwave","floor":5},{"not_picked":["Perfected Strike","Burning Pact","Heavy Blade"],"picked":"SKIP","floor":7},{"not_picked":["Flex","Thunderclap"],"picked":"Disarm","floor":8},{"not_picked":["Heavy Blade","Cleave"],"picked":"Bludgeon","floor":10},{"not_picked":["Cleave","Iron Wave"],"picked":"Metallicize","floor":11},{"not_picked":["Iron Wave","Fire Breathing"],"picked":"Seeing Red","floor":13},{"not_picked":["Dropkick","Sword Boomerang"],"picked":"Shrug It Off","floor":14},{"not_picked":["Reaper","Berserk"],"picked":"Double Tap","floor":16},{"not_picked":["Armaments","Headbutt"],"picked":"Battle Trance","floor":18},{"not_picked":["Dark Embrace","Clash","Burning Pact"],"picked":"SKIP","floor":22},{"not_picked":["Thunderclap","Anger","Heavy Blade"],"picked":"SKIP","floor":25},{"not_picked":["Thunderclap","Anger","Heavy Blade"],"picked":"SKIP","floor":25},{"not_picked":["Twin Strike","Body Slam","Armaments"],"picked":"SKIP","floor":27},{"not_picked":["Blood for Blood","Disarm"],"picked":"Impervious","floor":29},{"not_picked":["Thunderclap","Rampage"],"picked":"Sword Boomerang+1","floor":35},{"not_picked":["True Grit","Thunderclap","Burning Pact"],"picked":"SKIP","floor":36},{"not_picked":["Dropkick","Wild Strike","Havoc"],"picked":"SKIP","floor":37},{"not_picked":["Metallicize","Warcry","Dropkick"],"picked":"SKIP","floor":38},{"not_picked":["Wild Strike+1","True Grit"],"picked":"Flame Barrier+1","floor":41},{"not_picked":["Clothesline","Armaments","Havoc"],"picked":"SKIP","floor":42},{"not_picked":["Twin Strike+1","Armaments","Double Tap"],"picked":"SKIP","floor":44},{"not_picked":["Intimidate","Dual Wield+1","Clothesline"],"picked":"SKIP","floor":45}],"player_experience":1103040,"relics_obtained":[{"floor":9,"key":"StrikeDummy"},{"floor":11,"key":"HornCleat"},{"floor":26,"key":"Pocketwatch"},{"floor":29,"key":"Self Forming Clay"},{"floor":31,"key":"Necronomicon"},{"floor":41,"key":"Ancient Tea Set"},{"floor":44,"key":"Blood Vial"}],"event_choices":[{"cards_removed":["Strike_R"],"damage_healed":0,"gold_gain":0,"player_choice":"Forget","damage_taken":0,"max_hp_gain":0,"max_hp_loss":0,"event_name":"Living Wall","floor":2,"gold_loss":0},{"damage_healed":0,"gold_gain":0,"cards_transformed":["Defend_R","Defend_R"],"player_choice":"Became Test Subject","damage_taken":0,"max_hp_gain":0,"max_hp_loss":0,"event_name":"Drug Dealer","floor":19,"gold_loss":0,"cards_obtained":["Spot Weakness","Armaments"]},{"damage_healed":0,"gold_gain":0,"player_choice":"Obtained Relic","damage_taken":0,"relics_obtained":["Nunchaku"],"max_hp_gain":0,"max_hp_loss":0,"event_name":"Addict","floor":20,"gold_loss":85},{"damage_healed":0,"gold_gain":0,"cards_transformed":["Strike_R","Defend_R"],"player_choice":"Transformed Cards","damage_taken":0,"max_hp_gain":0,"max_hp_loss":0,"event_name":"Designer","floor":21,"gold_loss":75,"cards_obtained":["Exhume","Evolve"]},{"damage_healed":0,"gold_gain":0,"player_choice":"Obtained Book","damage_taken":21,"max_hp_gain":0,"max_hp_loss":0,"event_name":"Cursed Tome","floor":31,"gold_loss":0},{"damage_healed":0,"gold_gain":0,"player_choice":"Paid","damage_taken":0,"relics_obtained":["Red Mask"],"max_hp_gain":0,"max_hp_loss":0,"event_name":"Tomb of Lord Red Mask","floor":46,"gold_loss":159},{"damage_healed":0,"gold_gain":0,"cards_transformed":["Strike_R"],"player_choice":"Transformed","damage_taken":0,"max_hp_gain":0,"max_hp_loss":0,"event_name":"Transmorgrifier","floor":47,"gold_loss":0,"cards_obtained":["Carnage"]}],"is_beta":false,"boss_relics":[{"not_picked":["Coffee Dripper","Tiny House"],"picked":"Fusion Hammer"},{"not_picked":["SlaversCollar","Runic Cube"],"picked":"Cursed Key"}],"items_purged_floors":[4,12],"is_endless":false,"potions_floor_spawned":[1,3,11,14,16,18,25,27,41,42,45],"killed_by":"Giant Head","ascension_level":20}}