{"host":"jnjxzd6rarbui4j8","time":1610563069,"event":{"mods":["AchievementEnabler","BaseMod","Colored Map","Highlight Path","Minty Spire (QoL Compilation)","Relic Stats","StSLib"],"gold_per_floor":[115,60,70,88,88,88,88,120,167,167,202,219,219,237,237,314,314,325,337,337,337,329,341,341],"floor_reached":23,"language":"ENG","playtime":2303,"items_purged":[],"score":398,"play_id":"e9b23e11-9d5f-4c6a-a1f9-e70626f699e6","local_time":"20210113133749","is_ascension_mode":true,"campfire_choices":[{"data":"Doppelganger","floor":6.0,"key":"SMITH"},{"data":"Deadly Poison","floor":13.0,"key":"SMITH"},{"floor":15.0,"key":"REST"}],"circlet_count":0,"master_deck":["AscendersBane","Strike_G","Strike_G","Strike_G","Strike_G","Strike_G","Defend_G","Defend_G","Defend_G","Defend_G","Defend_G","Survivor+1","Neutralize","Doppelganger+1","Cloak And Dagger","All Out Attack","Skewer+1","PiercingWail","Acrobatics","Deadly Poison+1","Adrenaline","Sucker Punch","Venomology","Bouncing Flask","Writhe"],"relics":["Ring of the Snake","WarpedTongs","Juzu Bracelet","Dream Catcher","CaptainsWheel","Black Star","The Courier","MawBank"],"acts_visited":["Exordium","TheCity"],"potions_floor_usage":[16,19,19,23,23,23],"damage_taken":[{"damage":1.0,"enemies":"Jaw Worm","floor":1.0,"turns":5.0},{"damage":10.0,"enemies":"2 Louse","floor":3.0,"turns":4.0},{"damage":0.0,"enemies":"Cultist","floor":4.0,"turns":4.0},{"damage":9.0,"enemies":"Gremlin Nob","floor":8.0,"turns":3.0},{"damage":8.0,"enemies":"Lagavulin","floor":11.0,"turns":9.0},{"damage":0.0,"enemies":"Red Slaver","floor":12.0,"turns":3.0},{"damage":1.0,"enemies":"Exordium Wildlife","floor":14.0,"turns":4.0},{"damage":25,"enemies":"Hexaghost","floor":16,"turns":9},{"damage":0,"enemies":"Chosen","floor":18,"turns":4},{"damage":8,"enemies":"2 Thieves","floor":19,"turns":3},{"damage":58,"enemies":"Gremlin Leader","floor":23,"turns":7}],"seed_played":"8005186986885817818","potions_obtained":[{"floor":4.0,"key":"Block Potion"},{"floor":12.0,"key":"SneckoOil"},{"floor":14.0,"key":"DuplicationPotion"},{"floor":18,"key":"DistilledChaos"},{"floor":19,"key":"SkillPotion"},{"floor":22,"key":"Fruit Juice"}],"is_trial":false,"path_per_floor":["M","$","M","M","?","R","?","E","T","?","E","M","R","M","R","B",null,"M","M","T","?","?","E"],"character_chosen":"THE_SILENT","items_purchased":["Strength Potion"],"campfire_rested":1,"item_purchase_floors":[2],"current_hp_per_floor":[58,58,48,48,28,28,28,19,19,19,11,11,11,10,29,4,51,51,43,43,43,43,0,0],"gold":341,"neow_bonus":"ONE_RANDOM_RARE_CARD","is_daily":false,"chose_seed":false,"campfire_upgraded":2,"win_rate":0.0,"timestamp":1610563069,"path_taken":["M","$","M","M","?","R","?","E","T","?","E","M","R","M","R","BOSS","M","M","?","?","?","E"],"items_purchased_type":["Potion"],"build_version":"2020-12-22","purchased_purges":0,"victory":false,"max_hp_per_floor":[66,66,66,66,66,66,66,66,66,66,66,66,66,66,66,66,66,66,66,66,66,66,71,71],"relic_stats":{"Dream Catcher":1,"counters":[11,55],"Juzu Bracelet":2,"Black Star":0,"MawBank":24,"obtain_stats":[{"Dream Catcher":9,"CaptainsWheel":11,"The Courier":20,"Juzu Bracelet":8,"Black Star":17,"MawBank":21,"Ring of the Snake":0,"WarpedTongs":7},{"Dream Catcher":4,"CaptainsWheel":5,"The Courier":10,"Juzu Bracelet":4,"Black Star":8,"MawBank":10,"Ring of the Snake":0,"WarpedTongs":3},{"Dream Catcher":16,"CaptainsWheel":25,"The Courier":48,"Juzu Bracelet":16,"Black Star":41,"MawBank":48,"Ring of the Snake":0,"WarpedTongs":13}],"Ring of the Snake":[22],"WarpedTongs":[42]},"card_choices":[{"not_picked":["Bane","Slice"],"picked":"Cloak And Dagger","floor":1.0},{"not_picked":["Prepared","Outmaneuver"],"picked":"All Out Attack","floor":3.0},{"not_picked":["Acrobatics","Catalyst"],"picked":"Skewer","floor":4.0},{"not_picked":["Underhanded Strike","Outmaneuver"],"picked":"PiercingWail","floor":8.0},{"not_picked":["Masterful Stab","Flying Knee"],"picked":"Acrobatics","floor":11.0},{"not_picked":["Dagger Throw","Blade Dance"],"picked":"Deadly Poison","floor":12.0},{"not_picked":["Dodge and Roll","Reflex"],"picked":"Adrenaline","floor":14.0},{"not_picked":["Prepared","Heel Hook"],"picked":"Sucker Punch","floor":15.0},{"not_picked":["Tools of the Trade","Night Terror"],"picked":"Venomology","floor":16},{"not_picked":["Escape Plan","Poisoned Stab"],"picked":"Bouncing Flask","floor":18},{"not_picked":["Dodge and Roll","Setup","Riddle With Holes"],"picked":"SKIP","floor":19}],"player_experience":2419304,"relics_obtained":[{"floor":8.0,"key":"Juzu Bracelet"},{"floor":9.0,"key":"Dream Catcher"},{"floor":11.0,"key":"CaptainsWheel"},{"floor":20,"key":"The Courier"}],"event_choices":[{"damage_healed":0.0,"max_hp_gain":0.0,"max_hp_loss":0.0,"gold_gain":0.0,"event_name":"Shining Light","player_choice":"Entered Light","floor":5.0,"gold_loss":0.0,"damage_taken":20.0,"cards_upgraded":["Skewer","Survivor"]},{"damage_healed":0.0,"max_hp_gain":0.0,"max_hp_loss":0.0,"gold_gain":0.0,"event_name":"Accursed Blacksmith","player_choice":"Rummage","floor":7.0,"gold_loss":0.0,"damage_taken":0.0,"relics_obtained":["WarpedTongs"],"cards_obtained":["Pain"]},{"cards_removed":["Pain"],"damage_healed":0.0,"max_hp_gain":0.0,"max_hp_loss":0.0,"gold_gain":0.0,"event_name":"Purifier","player_choice":"Purged","floor":10.0,"gold_loss":0.0,"damage_taken":0.0},{"damage_healed":0,"gold_gain":0,"player_choice":"Opened","damage_taken":0,"relics_obtained":["MawBank"],"max_hp_gain":0,"max_hp_loss":0,"event_name":"The Mausoleum","floor":21,"gold_loss":0,"cards_obtained":["Writhe"]},{"damage_healed":0,"gold_gain":0,"player_choice":"Bought 1 Potion","damage_taken":0,"max_hp_gain":0,"max_hp_loss":0,"event_name":"The Woman in Blue","floor":22,"gold_loss":0}],"is_beta":false,"boss_relics":[{"not_picked":["Busted Crown","Ectoplasm"],"picked":"Black Star"}],"items_purged_floors":[],"is_endless":false,"potions_floor_spawned":[4,12,14,18,19],"killed_by":"Gremlin Leader","ascension_level":20}}