{"host":"dk10vuzdqf3wivcv","time":1610500265,"event":{"mods":["Aspiration","Astrologer","BaseMod","Colored Map","Conspire","Downfall","Friendly Minions","Hermit","Hubris","Infinite Spire","Minty Spire (QoL Compilation)","Replay The Spire","StSLib","SuperFastMode","Td1madao Mod","The Animator","The Gatherer","The Jungle"],"gold_per_floor":[99,99,99,115,125,50,50,50,84,96,40,75,0,100,127,127,127,127],"floor_reached":16,"language":"ENG","playtime":811,"items_purged":[],"score":133,"play_id":"dfc4af8a-4d05-42a3-a868-02454b61ede4","local_time":"20210113021105","is_ascension_mode":false,"campfire_choices":[{"floor":1,"key":"RECALL"},{"data":"hexamod:SkipABeat","floor":6,"key":"SMITH"},{"data":"hexamod:Float","floor":8,"key":"SMITH"},{"data":"hexamod:CatchUp","floor":13,"key":"SMITH"}],"circlet_count":0,"master_deck":["hexamod:Strike","hexamod:Strike","hexamod:Strike","hexamod:Strike","hexamod:Defend","hexamod:Defend","hexamod:Defend","hexamod:Defend","hexamod:Sear","hexamod:Float+1","hexamod:BacktrackSmack","hexamod:SkipABeat+1","hexamod:VolcanoVisage","hexamod:FlamesFromBeyond","hexamod:PowerFromBeyond","hexamod:ThirdSeal","hexamod:FastForward","hexamod:CatchUp+1","hexamod:SecondSeal","hexamod:Firestarter","hexamod:TimeOfNeed","hexamod:GhostOfSpirePast"],"relics":["hexamod:SpiritBrand","downfall:HeartBlessingRed","Vajra","Replay:Wax Seal","downfall:HeartBlessingBlue","Potion Belt"],"acts_visited":["Exordium"],"potions_floor_usage":[14,14,15,16,16,16],"damage_taken":[{"damage":0,"enemies":"Jaw Worm","floor":4,"turns":3},{"damage":0,"enemies":"Small Slimes","floor":5,"turns":3},{"damage":21,"enemies":"3 Sentries","floor":9,"turns":10},{"damage":0,"enemies":"Cultist","floor":10,"turns":3},{"damage":4,"enemies":"downfall:FleeingMerchant","floor":11,"turns":4},{"damage":30,"enemies":"Gremlin Nob","floor":12,"turns":4},{"damage":14,"enemies":"downfall:LadyInBlue","floor":14,"turns":6},{"damage":2,"enemies":"Gremlin Gang","floor":15,"turns":3},{"damage":24,"enemies":"downfall:Defect","floor":16,"turns":5}],"seed_played":"-7483915847983212351","potions_obtained":[{"floor":5,"key":"Explosive Potion"},{"floor":12,"key":"Guardian:BlockOnCardUsePotion"},{"floor":14,"key":"SpeedPotion"},{"floor":14,"key":"Fire Potion"},{"floor":14,"key":"Strength Potion"},{"floor":14,"key":"SmokeBomb"},{"floor":15,"key":"Reflective Coating"}],"is_trial":false,"path_per_floor":["R","?","?","M","M","R","T","R","E","M","$","E","R","?","M","B"],"character_chosen":"THE_SPIRIT","items_purchased":["hexamod:ThirdSeal"],"campfire_rested":0,"item_purchase_floors":[11],"current_hp_per_floor":[77,77,77,77,77,77,77,77,56,56,52,22,32,18,16,0,0,0],"gold":127,"neow_bonus":"TEN_PERCENT_HP_BONUS","is_daily":false,"chose_seed":false,"campfire_upgraded":3,"win_rate":0.0,"timestamp":1610500265,"path_taken":["R","?","?","?","M","R","T","R","E","M","$","E","R","?","M","BOSS"],"items_purchased_type":["Card"],"build_version":"2020-12-22","purchased_purges":0,"victory":false,"max_hp_per_floor":[77,77,77,77,77,77,77,77,77,77,77,77,87,87,87,87,87,87],"card_choices":[{"not_picked":["hexamod:BurningTouch","hexamod:GhostShield"],"picked":"hexamod:BacktrackSmack","floor":4},{"not_picked":["hexamod:SwordOfDarkness","hexamod:NecessarySacrifice"],"picked":"hexamod:SkipABeat","floor":5},{"not_picked":["hexamod:AdvancingGuard","hexamod:FlamesFromBeyond"],"picked":"hexamod:VolcanoVisage","floor":9},{"not_picked":["hexamod:ShieldOfDarkness","hexamod:Firestarter"],"picked":"hexamod:FlamesFromBeyond","floor":10},{"not_picked":["hexamod:BacktrackSmack","hexamod:NightmareGuise"],"picked":"hexamod:PowerFromBeyond","floor":11},{"not_picked":["hexamod:SearingWound","hexamod:Firestarter"],"picked":"hexamod:FastForward","floor":12},{"not_picked":["hexamod:ThermalTransfer","hexamod:InspiringFlames"],"picked":"hexamod:CatchUp","floor":12},{"not_picked":["hexamod:BurningTouch","hexamod:RainOfEmbers"],"picked":"hexamod:SecondSeal","floor":14},{"not_picked":["hexamod:NightmareGuise","hexamod:NightmareStrike"],"picked":"hexamod:Firestarter","floor":14},{"not_picked":["hexamod:SpectersWail","hexamod:Rewind"],"picked":"hexamod:TimeOfNeed","floor":15},{"not_picked":["hexamod:NightmareGuise","hexamod:GhostflameBarrier"],"picked":"hexamod:GhostOfSpirePast","floor":15}],"player_experience":170761,"relics_obtained":[{"floor":9,"key":"Vajra"},{"floor":12,"key":"Replay:Wax Seal"},{"floor":14,"key":"Potion Belt"}],"event_choices":[{"damage_healed":0,"gold_gain":0,"player_choice":"Ignored","damage_taken":0,"max_hp_gain":0,"max_hp_loss":0,"event_name":"NoteForYourself","floor":3,"gold_loss":0}],"is_beta":false,"boss_relics":[],"items_purged_floors":[],"is_endless":false,"potions_floor_spawned":[5,12,14,15],"killed_by":"downfall:Defect","ascension_level":0}}