{"host":"jl3raagrljzztomj","time":1610526096,"event":{"mods":["BaseMod","BetterRewards","Colored Map","Colored Powertips","Custom Start","Hermit","Highlight Path","Minty Spire (QoL Compilation)","Permanent Neow","StSLib","The Runesmith"],"gold_per_floor":[19,39,39,214,229,254,254,254,277,277,306,319,319,339,339,440,440,456,456,467,487,8,8,8],"floor_reached":23,"language":"ENG","playtime":1079,"items_purged":["Regret"],"score":201,"play_id":"a0702efb-4b10-4ea9-a2dd-3b66104c5380","local_time":"20210113022136","is_ascension_mode":false,"campfire_choices":[{"data":"Terror","floor":8,"key":"SMITH"},{"floor":15,"key":"REST"}],"circlet_count":0,"master_deck":["Strike_G","Strike_G","Strike_G","Strike_G","Strike_G","Defend_G+1","Defend_G","Defend_G","Defend_G","Defend_G","Survivor+1","Neutralize","Accuracy","Infinite Blades","Terror","Terror+1","Accuracy","Die Die Die","Dodge and Roll+1","Infinite Blades"],"relics":["Ring of the Snake","TungstenRod","MealTicket","Ancient Tea Set","Vajra","Bird Faced Urn","Centennial Puzzle","Philosopher\u0027s Stone","Kunai","DollysMirror"],"acts_visited":["Exordium","TheCity"],"potions_floor_usage":[6,6,20,20,20,23],"damage_taken":[{"damage":0,"enemies":"Cultist","floor":1,"turns":4},{"damage":7,"enemies":"Jaw Worm","floor":2,"turns":8},{"damage":0,"enemies":"2 Louse","floor":5,"turns":3},{"damage":17,"enemies":"3 Sentries","floor":6,"turns":8},{"damage":3,"enemies":"Lagavulin","floor":11,"turns":5},{"damage":10,"enemies":"Large Slime","floor":12,"turns":5},{"damage":9,"enemies":"Looter","floor":14,"turns":3},{"damage":8,"enemies":"Hexaghost","floor":16,"turns":11},{"damage":13,"enemies":"Shell Parasite","floor":18,"turns":5},{"damage":18,"enemies":"3 Byrds","floor":20,"turns":6},{"damage":45,"enemies":"Sentry and Sphere","floor":21,"turns":8},{"damage":37,"enemies":"Slavers","floor":23,"turns":3}],"seed_played":"-578256845040022447","potions_obtained":[{"floor":1,"key":"LiquidBronze"},{"floor":2,"key":"ColorlessPotion"},{"floor":5,"key":"Explosive Potion"},{"floor":14,"key":"SkillPotion"},{"floor":19,"key":"Fire Potion"},{"floor":19,"key":"EssenceOfSteel"},{"floor":21,"key":"SpeedPotion"}],"is_trial":false,"path_per_floor":["M","M","?","?","M","E","?","R","T","?","E","M","?","M","R","B",null,"M","?","M","M","$","E"],"character_chosen":"THE_SILENT","items_purchased":["Kunai","DollysMirror"],"campfire_rested":1,"item_purchase_floors":[22,22],"current_hp_per_floor":[70,63,63,63,63,46,40,40,40,27,24,18,16,9,30,28,70,61,61,49,10,25,0,0],"gold":8,"neow_bonus":"ONE_RARE_RELIC","is_daily":false,"chose_seed":false,"campfire_upgraded":1,"win_rate":0.0,"timestamp":1610526096,"path_taken":["M","M","?","?","M","E","?","R","T","?","E","M","?","M","R","BOSS","M","?","?","M","?","E"],"items_purchased_type":["Relic","Relic"],"build_version":"2020-12-22","purchased_purges":1,"victory":false,"max_hp_per_floor":[70,70,70,70,70,70,70,70,70,70,70,70,70,70,70,70,70,70,70,70,70,70,70,70],"card_choices":[{"not_picked":["Footwork","Quick Slash"],"picked":"Accuracy","floor":1},{"not_picked":["Blade Dance","PiercingWail"],"picked":"Infinite Blades","floor":2},{"not_picked":["Dodge and Roll","Corpse Explosion"],"picked":"Terror","floor":5},{"not_picked":["Tactician","Outmaneuver"],"picked":"Terror","floor":6},{"not_picked":["Expertise","Setup"],"picked":"Accuracy","floor":11},{"not_picked":["Slice","Bouncing Flask","PiercingWail"],"picked":"SKIP","floor":12},{"not_picked":["Deadly Poison","Dagger Throw","Deflect"],"picked":"SKIP","floor":14},{"not_picked":["Unload","Malaise"],"picked":"Die Die Die","floor":16},{"not_picked":["Bouncing Flask","Dagger Throw+1","Prepared+1"],"picked":"SKIP","floor":18},{"not_picked":["Sucker Punch+1","Prepared","Dodge and Roll"],"picked":"SKIP","floor":20},{"not_picked":["Heel Hook","Caltrops"],"picked":"Dodge and Roll+1","floor":21}],"player_experience":927361,"relics_obtained":[{"floor":6,"key":"Ancient Tea Set"},{"floor":9,"key":"Vajra"},{"floor":11,"key":"Bird Faced Urn"}],"event_choices":[{"damage_healed":0,"gold_gain":0,"player_choice":"Box","damage_taken":0,"relics_obtained":["MealTicket"],"max_hp_gain":0,"max_hp_loss":0,"event_name":"Big Fish","floor":3,"gold_loss":0,"cards_obtained":["Regret"]},{"damage_healed":0,"gold_gain":175,"player_choice":"AGREE","damage_taken":0,"max_hp_gain":0,"max_hp_loss":0,"event_name":"Liars Game","floor":4,"gold_loss":0,"cards_obtained":["Doubt"]},{"cards_removed":["Doubt"],"damage_healed":0,"gold_gain":0,"player_choice":"Card Removal","damage_taken":7,"max_hp_gain":0,"max_hp_loss":0,"event_name":"Golden Wing","floor":7,"gold_loss":0},{"damage_healed":0,"gold_gain":0,"player_choice":"Entered Light","damage_taken":14,"max_hp_gain":0,"max_hp_loss":0,"event_name":"Shining Light","floor":10,"gold_loss":0,"cards_upgraded":["Defend_G","Survivor"]},{"damage_healed":0,"gold_gain":0,"player_choice":"Success","damage_taken":3,"relics_obtained":["Centennial Puzzle"],"max_hp_gain":0,"max_hp_loss":0,"event_name":"Scrap Ooze","floor":13,"gold_loss":0},{"damage_healed":0,"gold_gain":0,"player_choice":"Got Potions","damage_taken":0,"max_hp_gain":0,"max_hp_loss":0,"event_name":"Lab","floor":19,"gold_loss":0}],"is_beta":false,"boss_relics":[{"not_picked":["Runic Dome","HoveringKite"],"picked":"Philosopher\u0027s Stone"}],"items_purged_floors":[22],"is_endless":false,"potions_floor_spawned":[1,2,5,14,21],"killed_by":"Slavers","ascension_level":0}}