{"host":"yi49lbnhh35mzi7n","time":1610500323,"event":{"mods":["BaseMod","Bestiary","BetterRewards","Colored Map","Conspire","Downfall","Googly Eyes","Hermit","Hubris","Infinite Spire","Minty Spire (QoL Compilation)","Quick Restart","Replay The Spire","StSLib","The Bladedancer","The Construct","The Jungle","The Necromancer","Yuri Mod"],"gold_per_floor":[115,115,134,134,146,176,176,196,196,228,241,241,267,278,278,278,278],"floor_reached":16,"language":"ENG","playtime":353,"items_purged":[],"score":126,"play_id":"975bb667-d63c-4aec-8d63-39f1da5a0610","local_time":"20210113021203","is_ascension_mode":true,"campfire_choices":[{"data":"Cleave","floor":12,"key":"SMITH"},{"data":"True Grit","floor":15,"key":"SMITH"}],"circlet_count":0,"master_deck":["Strike_R","Strike_R","Strike_R","Strike_R","Strike_R","Defend_R","Defend_R","Defend_R","Defend_R","Bash","ReplayTheSpireMod:Strike From Hell","Intimidate","Clothesline","Cleave+1","True Grit+1","Cleave","Cleave","Heavy Blade"],"relics":["Burning Blood","NeowsBlessing","Bottled Flame","Odd Mushroom","Oddly Smooth Stone","Bag of Marbles","Magic Flower"],"acts_visited":["Exordium"],"potions_floor_usage":[8,13,13,16],"damage_taken":[{"damage":0.0,"enemies":"2 Louse","floor":1.0,"turns":1.0},{"damage":0,"enemies":"Jaw Worm","floor":3,"turns":1},{"damage":0,"enemies":"Cultist","floor":5,"turns":1},{"damage":42,"enemies":"Lagavulin","floor":6,"turns":8},{"damage":22,"enemies":"The Mushroom Lair","floor":8,"turns":5},{"damage":28,"enemies":"Gremlin Nob","floor":10,"turns":4},{"damage":5,"enemies":"3 Louse","floor":11,"turns":4},{"damage":6,"enemies":"3 Sentries","floor":13,"turns":6},{"damage":6,"enemies":"Blue Slaver","floor":14,"turns":3},{"damage":38,"enemies":"Hexaghost","floor":16,"turns":9}],"seed_played":"-3075519072933633372","potions_obtained":[{"floor":1.0,"key":"Reflective Coating"},{"floor":6,"key":"Guardian:BlockOnCardUsePotion"},{"floor":8,"key":"SkillPotion"},{"floor":11,"key":"Strength Potion"}],"is_trial":false,"path_per_floor":["M","?","M","?","M","E","?","?","T","E","M","R","E","M","R","B"],"character_chosen":"IRONCLAD","items_purchased":[],"campfire_rested":0,"item_purchase_floors":[],"current_hp_per_floor":[80,80,80,80,80,44,70,54,54,32,33,33,33,36,36,0,0],"gold":278,"neow_bonus":"THREE_ENEMY_KILL","is_daily":false,"chose_seed":false,"campfire_upgraded":2,"win_rate":0.0,"timestamp":1610500323,"path_taken":["M","?","M","?","?","E","?","?","T","E","M","R","E","M","R","BOSS"],"items_purchased_type":[],"build_version":"2020-12-22","purchased_purges":0,"victory":false,"max_hp_per_floor":[80,80,80,80,80,80,80,80,80,80,80,80,80,80,80,80,80],"card_choices":[{"not_picked":["Wild Strike","Thunderclap"],"picked":"ReplayTheSpireMod:Strike From Hell","floor":1.0},{"not_picked":["Flex","Flame Barrier"],"picked":"Intimidate","floor":3},{"not_picked":["Clash","Shrug It Off"],"picked":"Clothesline","floor":5},{"not_picked":["hubris:ReadiedAction","conspire:ExplosiveBarrier","Perfected Strike"],"picked":"SKIP","floor":6},{"not_picked":["Clothesline","Flex"],"picked":"Cleave","floor":8},{"not_picked":["Twin Strike","hubris:SharpeningStone"],"picked":"True Grit","floor":10},{"not_picked":["Second Wind","Perfected Strike"],"picked":"Cleave","floor":11},{"not_picked":["conspire:Purge","Flex"],"picked":"Cleave","floor":13},{"not_picked":["Havoc","Clothesline"],"picked":"Heavy Blade","floor":14}],"player_experience":568558,"relics_obtained":[{"floor":6,"key":"Bottled Flame"},{"floor":8,"key":"Odd Mushroom"},{"floor":9,"key":"Oddly Smooth Stone"},{"floor":10,"key":"Bag of Marbles"},{"floor":13,"key":"Magic Flower"}],"event_choices":[{"damage_healed":0,"gold_gain":0,"player_choice":"Full Heal","damage_taken":0,"max_hp_gain":0,"max_hp_loss":0,"event_name":"Wheel of Change","floor":4,"gold_loss":0},{"damage_healed":26,"gold_gain":0,"player_choice":"Banana","damage_taken":0,"max_hp_gain":0,"max_hp_loss":0,"event_name":"Big Fish","floor":7,"gold_loss":0},{"damage_healed":0,"gold_gain":0,"player_choice":"Fought Mushrooms","damage_taken":0,"max_hp_gain":0,"max_hp_loss":0,"event_name":"Mushrooms","floor":8,"gold_loss":0}],"is_beta":false,"boss_relics":[],"items_purged_floors":[],"is_endless":false,"potions_floor_spawned":[1,6,8,11],"killed_by":"Hexaghost","ascension_level":1}}