{"host":"iq6tbtp5mk4vf216","time":1610533597,"event":{"mods":["BaseMod","BetterRewards","Colored Map","Colored Powertips","Downfall","Duelist Mod","Hubris","Infinite Spire","Minty Spire (QoL Compilation)","Rare Cards Sparkle","Replay The Spire","StSLib"],"gold_per_floor":[145,160,184,184,196,223,237,267,292,325,325,360,373,390,390,495,495,510,510,523,523,294,319,332,349,349,368,388,421,421,421,421],"floor_reached":31,"language":"ENG","playtime":4109,"items_purged":[],"score":402,"play_id":"7525be52-09c7-44e4-8224-f389d25691a6","local_time":"20210113032637","is_ascension_mode":true,"campfire_choices":[{"data":"theDuelist:GrandSpellbookTower","floor":15,"key":"SMITH"}],"circlet_count":0,"master_deck":["theDuelist:OnslaughtFireKings+1","theDuelist:MillenniumGolem+1","theDuelist:SolemnStrike+1","theDuelist:InvitationDarkSleep+1","theDuelist:BlueDragonSummoner+1","theDuelist:StatueAnguishPattern+1","theDuelist:TimeWizard+1","theDuelist:CastleWalls+1","theDuelist:CastleWalls+1","theDuelist:DarkMagician","theDuelist:MysticalElf","theDuelist:MysticalElf","theDuelist:NeoMagic","theDuelist:NeoMagic","theDuelist:Sparks+1","theDuelist:Sparks+1","theDuelist:Sparks+1","theDuelist:BlueDragonSummoner+1","theDuelist:WhiteMagicalHat","theDuelist:OjamaDeltaHurricane","theDuelist:InjectionFairy","theDuelist:DarkMagician","theDuelist:VoidExpansion","theDuelist:HammerShot","theDuelist:Illusionist","theDuelist:OjamaBlack","theDuelist:OjamaGreen","theDuelist:GrandSpellbookTower+1","theDuelist:OjamaBlue","theDuelist:GateGuardian","theDuelist:RainbowMagician","theDuelist:RainbowDarkDragon","theDuelist:FairyBox+1","theDuelist:CircleFireKings","theDuelist:CallAtlanteans","theDuelist:BadReaction","theDuelist:OjamaBlack","theDuelist:WonderWand","theDuelist:WingedKuriboh","theDuelist:PowerKaishin","theDuelist:ExodiaHead","theDuelist:SangaThunder","theDuelist:BlueDragonSummoner+1","theDuelist:SpiritHarp+1","theDuelist:AltarTribute+1","theDuelist:OjamaTrio+1","theDuelist:ThousandEyesRestrict+1","hubris:Fate+1"],"relics":["theDuelist:MillenniumPuzzle","theDuelist:CardPoolRelic","theDuelist:CardPoolBasicRelic","theDuelist:BoosterPackPoolRelic","theDuelist:CardPoolAddRelic","theDuelist:CardPoolMinusRelic","theDuelist:CardPoolSaveRelic","theDuelist:CardPoolOptionsRelic","NeowsBlessing","theDuelist:MillenniumRod","theDuelist:YugiMirror","Art of War","Eternal Feather","theDuelist:ZoneToken","King of Hearts","Mark of Pain","theDuelist:MillenniumStone","infinitespire:Lucky Rock","Toxic Egg 2","theDuelist:BoosterPackHealer"],"acts_visited":["Exordium","TheCity"],"potions_floor_usage":[16,16,16,16,16,20,24,29,29,29],"damage_taken":[{"damage":0,"enemies":"infinitespire:Voidling","floor":1,"turns":1},{"damage":0,"enemies":"Cultist","floor":2,"turns":1},{"damage":0,"enemies":"2 Louse","floor":5,"turns":1},{"damage":5,"enemies":"3 Sentries","floor":6,"turns":6},{"damage":6,"enemies":"Looter","floor":7,"turns":2},{"damage":16,"enemies":"Lagavulin","floor":8,"turns":5},{"damage":2,"enemies":"Gremlin Nob","floor":10,"turns":4},{"damage":0,"enemies":"Lagavulin","floor":12,"turns":3},{"damage":5,"enemies":"Exordium Thugs","floor":13,"turns":3},{"damage":9,"enemies":"Red Slaver","floor":14,"turns":3},{"damage":38,"enemies":"Hexaghost","floor":16,"turns":5},{"damage":36,"enemies":"2 Thieves","floor":18,"turns":4},{"damage":2,"enemies":"Chosen","floor":20,"turns":5},{"damage":15,"enemies":"Replay:Snechameleon","floor":23,"turns":5},{"damage":21,"enemies":"Snake Plant","floor":24,"turns":4},{"damage":2,"enemies":"Cultist and Chosen","floor":25,"turns":5},{"damage":0,"enemies":"Centurion and Healer","floor":27,"turns":3},{"damage":2,"enemies":"3 Cultists","floor":28,"turns":5},{"damage":15,"enemies":"Book of Stabbing","floor":29,"turns":4},{"damage":15,"enemies":"Cultist and Chosen","floor":31,"turns":3}],"seed_played":"4752235537821277531","potions_obtained":[{"floor":2,"key":"theDuelist:BottledKuriboh"},{"floor":5,"key":"EntropicBrew"},{"floor":10,"key":"theDuelist:CoolBottle"},{"floor":12,"key":"Explosive Potion"},{"floor":14,"key":"theDuelist:WhiteBottle"},{"floor":16,"key":"Regen Potion"},{"floor":18,"key":"Elixir"},{"floor":23,"key":"LifebloodPotion"},{"floor":24,"key":"theDuelist:SteelBrew"},{"floor":28,"key":"theDuelist:StunPotion"}],"is_trial":false,"path_per_floor":["M","M","T","?","M","E","M","E","T","E","?","E","M","M","R","B",null,"M","?","M","?","$","E","M","M","T","M","M","E","AVR","M"],"character_chosen":"THE_DUELIST","items_purchased":["theDuelist:TimeWizard","theDuelist:MillenniumStone"],"campfire_rested":0,"item_purchase_floors":[22,22],"current_hp_per_floor":[80,80,80,80,80,80,74,62,62,64,64,64,59,50,65,27,80,44,44,60,60,59,48,27,25,25,25,23,8,8,0,0],"gold":421,"neow_bonus":"THREE_ENEMY_KILL","is_daily":false,"chose_seed":false,"campfire_upgraded":1,"win_rate":0.0,"timestamp":1610533597,"path_taken":["M","?","?","?","M","E","M","E","T","E","?","E","M","?","R","BOSS","M","?","M","?","$","E","M","?","T","?","M","E","AVR","M"],"items_purchased_type":["Card","Relic"],"build_version":"2020-12-22","purchased_purges":0,"victory":false,"max_hp_per_floor":[80,80,80,80,80,80,80,80,80,80,80,80,80,80,80,80,80,80,80,80,80,59,59,59,57,57,55,53,53,53,53,53],"card_choices":[{"not_picked":["theDuelist:EarthGiant","theDuelist:CastleDarkIllusions","theDuelist:Wiseman","theDuelist:DarkMirrorForce"],"picked":"theDuelist:MillenniumGolem","floor":1},{"not_picked":["theDuelist:FlyingSaucer","theDuelist:DarkHorizon"],"picked":"theDuelist:BlueDragonSummoner","floor":1},{"not_picked":["theDuelist:NeoMagic","theDuelist:SpiritHarp","theDuelist:Mudballman","theDuelist:Ojamatch"],"picked":"theDuelist:WhiteMagicalHat","floor":2},{"not_picked":["theDuelist:IrisEarthMother","theDuelist:SilentDoom"],"picked":"theDuelist:OjamaDeltaHurricane","floor":2},{"not_picked":["theDuelist:GaiaMidNightSun","theDuelist:Mudora","theDuelist:WingedKuriboh","theDuelist:GraniteLoyalist"],"picked":"theDuelist:SolemnStrike","floor":5},{"not_picked":["theDuelist:CosmicHorrorGangiel","theDuelist:ExodiaLL"],"picked":"theDuelist:InjectionFairy","floor":5},{"not_picked":["theDuelist:DarkMagician","theDuelist:ExodiaLL","theDuelist:LordD","theDuelist:AltarTribute"],"picked":"theDuelist:InvitationDarkSleep","floor":6},{"not_picked":["theDuelist:SangaThunder","theDuelist:SpiritHarp"],"picked":"theDuelist:VoidExpansion","floor":6},{"not_picked":["theDuelist:SpellShatteringArrow","theDuelist:LordD","theDuelist:BlueDragonSummoner","theDuelist:AltarTribute","theDuelist:DiffusionWaveMotion"],"picked":"SKIP","floor":7},{"not_picked":["theDuelist:Ojamatch","theDuelist:ExodiaLL","theDuelist:SpellShatteringArrow"],"picked":"SKIP","floor":7},{"not_picked":["theDuelist:BattleOx","theDuelist:BigEye","theDuelist:Cloning","theDuelist:ImperialOrder"],"picked":"theDuelist:HammerShot","floor":8},{"not_picked":["theDuelist:InjectionFairy","theDuelist:SangaThunder"],"picked":"theDuelist:Illusionist","floor":8},{"not_picked":["theDuelist:InfernoFireBlast","theDuelist:OjamaYellow"],"picked":"theDuelist:OjamaBlack","floor":10},{"not_picked":["theDuelist:Sangan","theDuelist:RainbowLife","theDuelist:MudragonSwamp","theDuelist:HeavyStorm","theDuelist:MagicalStone"],"picked":"SKIP","floor":10},{"not_picked":["theDuelist:SpellShatteringArrow","theDuelist:MysticalElf","theDuelist:SangaThunder","theDuelist:OjamaBlack"],"picked":"theDuelist:OjamaGreen","floor":12},{"not_picked":["theDuelist:AncientElf","theDuelist:OjamaCountry"],"picked":"theDuelist:GrandSpellbookTower","floor":12},{"not_picked":["theDuelist:OjamaKnight","theDuelist:SilentDoom+1","theDuelist:ApprenticeIllusionMagician","theDuelist:ExodiaHead"],"picked":"theDuelist:OjamaBlue","floor":13},{"not_picked":["theDuelist:SkilledDarkMagician","theDuelist:OjamaDeltaHurricane"],"picked":"theDuelist:OnslaughtFireKings","floor":13},{"not_picked":["theDuelist:OjamaDeltaHurricane","theDuelist:WhiteMagicalHat"],"picked":"theDuelist:GateGuardian","floor":14},{"not_picked":["theDuelist:Hinotama","theDuelist:Terraforming","theDuelist:MagicHoleGolem","theDuelist:ShardGreed","theDuelist:ReleaseFromStone"],"picked":"SKIP","floor":14},{"not_picked":["theDuelist:RainbowDarkDragon","theDuelist:IrisEarthMother","theDuelist:RainbowKuriboh","theDuelist:RainbowOverdragon"],"picked":"theDuelist:RainbowMagician","floor":16},{"not_picked":["theDuelist:QueenDragunDjinn","theDuelist:OjamaRed"],"picked":"theDuelist:RainbowDarkDragon","floor":16},{"not_picked":["theDuelist:InjectionFairy","theDuelist:SangaThunder+1","theDuelist:DarkMagician","theDuelist:MindAir"],"picked":"theDuelist:FairyBox+1","floor":18},{"not_picked":["theDuelist:InjectionFairy","theDuelist:MysticalElf+1"],"picked":"theDuelist:BlueDragonSummoner","floor":18},{"not_picked":["theDuelist:MagiciansRod","theDuelist:SwordsRevealing","theDuelist:VoidExpansion","theDuelist:HammerShot"],"picked":"theDuelist:StatueAnguishPattern","floor":20},{"not_picked":["theDuelist:OjamaDeltaHurricane","theDuelist:GuardianAngel"],"picked":"theDuelist:CircleFireKings","floor":20},{"not_picked":["theDuelist:SpellShatteringArrow","theDuelist:AltarTribute","theDuelist:Illusionist","theDuelist:InvitationDarkSleep"],"picked":"theDuelist:OjamaBlack","floor":23},{"not_picked":["theDuelist:SpiritHarp","theDuelist:BadReaction"],"picked":"theDuelist:WonderWand","floor":23},{"not_picked":["theDuelist:RainbowOverdragon","theDuelist:MagicalStone","theDuelist:BigKoala","theDuelist:ReleaseFromStone"],"picked":"theDuelist:WingedKuriboh","floor":24},{"not_picked":["theDuelist:BlueDragonSummoner","theDuelist:OnslaughtFireKings"],"picked":"theDuelist:PowerKaishin","floor":24},{"not_picked":["theDuelist:LegendaryExodia","theDuelist:ExodiaRL","theDuelist:ExodiaLL","theDuelist:ExodiaLA+1"],"picked":"theDuelist:ExodiaHead","floor":25},{"not_picked":["theDuelist:CrystalWingDragon+1","theDuelist:QueenDragunDjinn"],"picked":"theDuelist:SangaThunder","floor":25},{"not_picked":["theDuelist:DarkMagician","theDuelist:InjectionFairy","theDuelist:SpellShatteringArrow","theDuelist:Illusionist+1"],"picked":"theDuelist:BlueDragonSummoner+1","floor":27},{"not_picked":["theDuelist:FlyingSaucer+1","theDuelist:InjectionFairy","theDuelist:Yami"],"picked":"SKIP","floor":27},{"not_picked":["theDuelist:SpellShatteringArrow+1","theDuelist:NeoMagic","theDuelist:MysticalElf+1","theDuelist:MagiciansRobe"],"picked":"theDuelist:SpiritHarp+1","floor":28},{"not_picked":["theDuelist:ThousandEyesIdol+1","theDuelist:GuardianAngel+1"],"picked":"theDuelist:AltarTribute+1","floor":28},{"not_picked":["theDuelist:BlizzardPrincess","theDuelist:DoomShaman+1","theDuelist:MagicalBlast","theDuelist:InvitationDarkSleep+1"],"picked":"theDuelist:OjamaTrio+1","floor":29},{"not_picked":["theDuelist:CosmoBrain+1","theDuelist:SangaThunder"],"picked":"theDuelist:ThousandEyesRestrict+1","floor":29}],"player_experience":662459,"relics_obtained":[{"floor":3,"key":"theDuelist:MillenniumRod"},{"floor":6,"key":"theDuelist:YugiMirror"},{"floor":8,"key":"Art of War"},{"floor":10,"key":"Eternal Feather"},{"floor":12,"key":"King of Hearts"},{"floor":23,"key":"infinitespire:Lucky Rock"},{"floor":26,"key":"Toxic Egg 2"},{"floor":29,"key":"theDuelist:BoosterPackHealer"}],"event_choices":[{"damage_healed":0,"gold_gain":0,"player_choice":"Grow","damage_taken":0,"max_hp_gain":0,"max_hp_loss":0,"event_name":"Living Wall","floor":4,"gold_loss":0,"cards_upgraded":["theDuelist:BlueDragonSummoner"]},{"damage_healed":0,"gold_gain":0,"player_choice":"Gave Potion","damage_taken":0,"relics_obtained":["theDuelist:ZoneToken"],"max_hp_gain":0,"max_hp_loss":0,"event_name":"WeMeetAgain","floor":11,"gold_loss":0},{"damage_healed":0,"gold_gain":0,"player_choice":"Simplicity","damage_taken":0,"max_hp_gain":0,"max_hp_loss":0,"event_name":"Back to Basics","floor":19,"gold_loss":0,"cards_upgraded":["theDuelist:CastleWalls","theDuelist:CastleWalls","theDuelist:Sparks","theDuelist:Sparks","theDuelist:Sparks"]},{"damage_healed":0,"gold_gain":0,"player_choice":"2 cards matched","damage_taken":0,"max_hp_gain":0,"max_hp_loss":0,"event_name":"Match and Keep!","floor":21,"gold_loss":0,"cards_obtained":["theDuelist:CallAtlanteans","theDuelist:BadReaction"]},{"damage_healed":0,"gold_gain":0,"player_choice":"2 cards matched","damage_taken":0,"max_hp_gain":0,"max_hp_loss":0,"event_name":"Match and Keep!","floor":21,"gold_loss":0,"cards_obtained":["theDuelist:CallAtlanteans","theDuelist:BadReaction"]}],"is_beta":false,"boss_relics":[{"not_picked":["Kintsugi","Runic Cube"],"picked":"Mark of Pain"}],"items_purged_floors":[],"is_endless":false,"potions_floor_spawned":[2,5,10,12,14,16,18,23,24,28],"killed_by":"Cultist and Chosen","ascension_level":1}}