{"host":"hig4mmxcip4vq5ai","time":1610542681,"event":{"mods":["Aspiration","BaseMod","Challenge The Spire","Colored Powertips","Conspire","Energized Spire","Friendly Minions","Halation","Hubris","Infinite Spire","Minty Spire (QoL Compilation)","Replay The Spire","Shop Mod","Small Relic Pack","StSLib","vexMod"],"gold_per_floor":[110,124,35,55,55,84,84,117,171,171,184,47,76,76,76,176,176,192,209,228,228,228,260,260,260,310,310,343,343,372,395,395,502,502,523,538,538,538,538,538,538,538,538,538,538,538,538,538,538,538,538,528,528,526,519,514,514,504,504,504,492,492,492,490,490,490,377,377,362,362,350,350],"floor_reached":71,"language":"RUS","playtime":4148,"items_purged":[],"score":1224,"play_id":"2287ad21-db18-438f-92c6-d00b9ce48986","local_time":"20210113155801","daily_mods":["SealedDeck","Vintage","Heirloom","DeadlyEvents","Elite Swarm","Lethality","Uncertain Future","Binary"],"is_ascension_mode":false,"campfire_choices":[{"data":"PathToVictory","floor":7.0,"key":"SMITH"},{"data":"PathToVictory","floor":7.0,"key":"SMITH"},{"data":"Evaluate","floor":10.0,"key":"SMITH"},{"data":"Evaluate","floor":10.0,"key":"SMITH"},{"data":"Specialist","floor":15.0,"key":"SMITH"},{"data":"Protect","floor":15.0,"key":"SMITH"},{"data":"ThirdEye","floor":24.0,"key":"SMITH"},{"data":"ThirdEye","floor":24.0,"key":"SMITH"},{"data":"EmptyMind","floor":27.0,"key":"SMITH"},{"data":"Wireheading","floor":27.0,"key":"SMITH"},{"floor":32.0,"key":"REST"},{"floor":41.0,"key":"REST"},{"data":"infinitespire:Starlight","floor":46.0,"key":"SMITH"},{"floor":49.0,"key":"REST"},{"floor":59.0,"key":"REST"},{"floor":63.0,"key":"REST"},{"floor":66,"key":"REST"}],"circlet_count":0,"master_deck":["hubris:Hubris","EmptyMind+1","Evaluate+1","CutThroughFate+1","Protect+1","PathToVictory+1","ThirdEye+1","Consecrate+1","PathToVictory+1","Evaluate+1","Wireheading+1","Specialist+1","infinitespire:Starlight+1","Swivel+1","Replay:Fractal Strike","hubris:Greed","infinitespire:Collect"],"relics":["PureWater","Busted Crown","halation:PenCase","aspiration:ChemicalBlood","CeramicFish","halation:BottledLove","Letter Opener","halation:IllGainedPizza","hubris:SlimyHat","StoneCalendar","halation:OrihimeAndHikoboshiSamaAndTears","ChewingGum","Potion Belt","Pen Nib","Eternal Feather","halation:PromiseList","Whetstone","aspiration:TomeofQuesting","conspire:DeflatedDodgeball","Snack Pack","SacredBark","ReplayFunnel","Replay:Bottled Snecko","Ectoplasm","Replay:Purple Gloves","vexMod:PlasmaPancake","Cauldron","PreservedInsect","Torii","infinitespire:Golems Mask","Bag of Preparation","Black Star","Pet Ghost","vexMod:ConsolationPrize","conspire:DecoderRing","halation:PrussianBluePaint","Orichalcum","Replay:Bandana","Ornamental Fan","infinitespire:Midas Blood","Vajra","aspiration:HatOfInfinitePower","Replay:Baseball","Fusion Hammer","Kunai","Velvet Choker"],"acts_visited":["Exordium","TheCity","TheBeyond","Exordium","TheCity"],"potions_floor_usage":[],"damage_taken":[{"damage":0.0,"enemies":"Small Slimes","floor":1.0,"turns":2.0},{"damage":0.0,"enemies":"Jaw Worm","floor":2.0,"turns":2.0},{"damage":0.0,"enemies":"2 Louse","floor":4.0,"turns":1.0},{"damage":5.0,"enemies":"Gremlin Nob","floor":6.0,"turns":3.0},{"damage":0.0,"enemies":"3 Sentries","floor":8.0,"turns":4.0},{"damage":0.0,"enemies":"Looter","floor":11.0,"turns":2.0},{"damage":0.0,"enemies":"Lagavulin","floor":13.0,"turns":2.0},{"damage":0.0,"enemies":"Fading Forest","floor":16.0,"turns":7.0},{"damage":0.0,"enemies":"Spheric Guardian","floor":18.0,"turns":3.0},{"damage":0.0,"enemies":"conspire:FuzzyDice","floor":19.0,"turns":4.0},{"damage":0.0,"enemies":"Centurion and Healer","floor":20.0,"turns":3.0},{"damage":4.0,"enemies":"Slavers","floor":23.0,"turns":3.0},{"damage":11.0,"enemies":"Nightmare","floor":28.0,"turns":4.0},{"damage":22.0,"enemies":"Slavers","floor":30.0,"turns":4.0},{"damage":0.0,"enemies":"Snake Plant","floor":31.0,"turns":2.0},{"damage":6.0,"enemies":"Champ","floor":33.0,"turns":6.0},{"damage":2.0,"enemies":"3 Darklings","floor":35.0,"turns":2.0},{"damage":3.0,"enemies":"Orb Walker","floor":36.0,"turns":3.0},{"damage":0.0,"enemies":"Transient","floor":39.0,"turns":5.0},{"damage":35.0,"enemies":"Nightmare","floor":40.0,"turns":7.0},{"damage":0.0,"enemies":"Nemesis","floor":44.0,"turns":5.0},{"damage":8.0,"enemies":"Writhing Mass","floor":47.0,"turns":4.0},{"damage":6.0,"enemies":"Giant Head","floor":48.0,"turns":6.0},{"damage":14.0,"enemies":"Time Eater","floor":50.0,"turns":9.0},{"damage":0.0,"enemies":"Cultist","floor":52.0,"turns":2.0},{"damage":0.0,"enemies":"2 Louse","floor":54.0,"turns":1.0},{"damage":0.0,"enemies":"Jaw Worm","floor":55.0,"turns":1.0},{"damage":0.0,"enemies":"3 Louse","floor":56.0,"turns":1.0},{"damage":0.0,"enemies":"3 Sentries","floor":58.0,"turns":2.0},{"damage":0.0,"enemies":"Gremlin Nob","floor":61.0,"turns":2.0},{"damage":0,"enemies":"Nightmare","floor":64,"turns":1},{"damage":20,"enemies":"Fading Forest","floor":67,"turns":11},{"damage":0,"enemies":"3 Byrds","floor":69,"turns":1},{"damage":43,"enemies":"conspire:FuzzyDice","floor":71,"turns":2}],"seed_played":"-7817168811431452000","potions_obtained":[{"floor":4.0,"key":"SkillPotion"},{"floor":8.0,"key":"Languid Potion"},{"floor":13.0,"key":"BlessingOfTheForge"},{"floor":19.0,"key":"StancePotion"},{"floor":31.0,"key":"SteroidPotion"},{"floor":33.0,"key":"ColorlessPotion"},{"floor":39.0,"key":"Adrenaline Potion"},{"floor":40.0,"key":"LiquidMemories"},{"floor":40.0,"key":"Dexterity Potion"},{"floor":40.0,"key":"Block Potion"},{"floor":42.0,"key":"Flashbang"},{"floor":42.0,"key":"Flashbang"},{"floor":44.0,"key":"EssenceOfSteel"},{"floor":48.0,"key":"DistilledChaos"},{"floor":50.0,"key":"EntropicBrew"},{"floor":64,"key":"DistilledChaos"},{"floor":67,"key":"BottledMiracle"}],"is_trial":true,"path_per_floor":["M","M","$","M","?","E","R","E","T","R","M","$","E","?","R","B",null,"M","M","M","AVR","HB","E","R","?","T","R","NM","?","E","M","R","B",null,"M","M","?","HB","M","NM","R","AVR","T","E","?","R","M","E","R","B",null,"M","AVR","M","M","M","?","E","R","T","E","?","R","NM","HB","R","B",null,"M","HB","M"],"character_chosen":"WATCHER","items_purchased":["Evaluate","Energy Potion","Wireheading","Specialist"],"campfire_rested":6,"item_purchase_floors":[3,3,12,12],"current_hp_per_floor":[72,72,72,72,72,67,67,67,67,67,67,67,67,67,67,67,72,72,72,72,72,36,32,36,36,36,36,25,25,3,3,19,13,36,36,33,36,36,36,7,25,25,25,35,35,42,34,38,42,28,42,42,42,42,42,42,42,42,42,42,42,42,42,42,42,42,40,42,42,42,0,0],"gold":350,"neow_bonus":"","is_daily":false,"chose_seed":true,"campfire_upgraded":11,"win_rate":0.0,"timestamp":1610542681,"path_taken":["M","M","$","M","?","E","R","E","T","R","M","?","E","?","R","BOSS","M","M","M","AVR","HB","E","R","?","T","R","NM","?","E","M","R","BOSS","M","M","?","HB","M","NM","R","AVR","T","E","?","R","M","E","R","BOSS","M","AVR","M","M","M","?","E","R","T","E","?","R","NM","HB","R","BOSS","M","HB","M"],"items_purchased_type":["Card","Potion","Card","Card"],"build_version":"2020-12-22","purchased_purges":0,"victory":false,"max_hp_per_floor":[72,72,72,72,72,72,72,72,72,72,72,72,72,72,72,72,72,72,72,72,72,36,36,36,36,36,36,36,36,36,36,36,36,36,36,36,36,36,36,42,42,42,42,42,42,42,42,42,42,42,42,42,42,42,42,42,42,42,42,42,42,42,42,42,42,42,42,42,42,42,42,42],"card_choices":[{"not_picked":["infinitespire:Starlight","infinitespire:Fortify"],"picked":"Replay:Fractal Strike","floor":64},{"not_picked":["infinitespire:Fortify","ReplayTheSpireMod:Black Plague"],"picked":"infinitespire:Collect","floor":67}],"player_experience":433155,"relics_obtained":[{"floor":1.0,"key":"aspiration:ChemicalBlood"},{"floor":2.0,"key":"CeramicFish"},{"floor":4.0,"key":"halation:BottledLove"},{"floor":6.0,"key":"Letter Opener"},{"floor":8.0,"key":"halation:IllGainedPizza"},{"floor":9.0,"key":"hubris:SlimyHat"},{"floor":11.0,"key":"StoneCalendar"},{"floor":13.0,"key":"halation:OrihimeAndHikoboshiSamaAndTears"},{"floor":18.0,"key":"Potion Belt"},{"floor":19.0,"key":"Pen Nib"},{"floor":20.0,"key":"Eternal Feather"},{"floor":23.0,"key":"halation:PromiseList"},{"floor":26.0,"key":"Whetstone"},{"floor":28.0,"key":"aspiration:TomeofQuesting"},{"floor":30.0,"key":"conspire:DeflatedDodgeball"},{"floor":31.0,"key":"Snack Pack"},{"floor":35.0,"key":"ReplayFunnel"},{"floor":36.0,"key":"Replay:Bottled Snecko"},{"floor":39.0,"key":"Replay:Purple Gloves"},{"floor":40.0,"key":"vexMod:PlasmaPancake"},{"floor":43.0,"key":"PreservedInsect"},{"floor":44.0,"key":"Torii"},{"floor":47.0,"key":"infinitespire:Golems Mask"},{"floor":48.0,"key":"Bag of Preparation"},{"floor":54.0,"key":"vexMod:ConsolationPrize"},{"floor":55.0,"key":"conspire:DecoderRing"},{"floor":56.0,"key":"halation:PrussianBluePaint"},{"floor":58.0,"key":"Orichalcum"},{"floor":58.0,"key":"Replay:Bandana"},{"floor":60.0,"key":"Ornamental Fan"},{"floor":61.0,"key":"infinitespire:Midas Blood"},{"floor":61.0,"key":"Vajra"},{"floor":64,"key":"aspiration:HatOfInfinitePower"},{"floor":64,"key":"Replay:Baseball"},{"floor":69,"key":"Kunai"}],"event_choices":[{"cards_removed":["WheelKick"],"damage_healed":0.0,"max_hp_gain":0.0,"max_hp_loss":0.0,"gold_gain":0.0,"event_name":"Falling","player_choice":"Removed Attack","floor":45.0,"gold_loss":0.0,"damage_taken":0.0},{"damage_healed":0.0,"max_hp_gain":0.0,"max_hp_loss":0.0,"gold_gain":0.0,"event_name":"Golden Wing","player_choice":"Ignored","floor":57.0,"gold_loss":0.0,"damage_taken":0.0}],"is_beta":false,"boss_relics":[{"not_picked":["Fusion Hammer","halation:CatFaceCupcake"],"picked":"ChewingGum"},{"not_picked":["vexMod:DeviousBotling","Coffee Dripper"],"picked":"SacredBark"},{"not_picked":["aspiration:IroncladSkillbook","aspiration:PoetsPen_weak"],"picked":"Black Star"},{"not_picked":["vexMod:RockOfEvil","halation:HeavySnake","infinitespire:Cupcake"]}],"items_purged_floors":[],"is_endless":true,"potions_floor_spawned":[4,8,13,16,19,31,33,39,44,48,50,55,58,64,69],"killed_by":"conspire:FuzzyDice","ascension_level":0}}