{"host":"l60rmjjsfi0fipmi","time":1610579018,"event":{"mods":["BaseMod","Colored Map","DeckTracker","Hermit","Highlight Path","Jorbs\u0027s Wanderer Trilogy","Minty Spire (QoL Compilation)","StSLib","The Cursed"],"gold_per_floor":[211,223,237,237,253,287,287,299,369,18,35,35,53,88,88,185,185,199,248,264,281,296,296,321,336,336,349,349,374,374,394,394,492,492,511,230,248,265,265,265,294,294,294,294,294],"floor_reached":44,"language":"ENG","playtime":2877,"items_purged":["Strike_R"],"score":568,"play_id":"338ad895-dbc9-4f73-812a-cf39b0dfd63b","local_time":"20210113180338","is_ascension_mode":true,"campfire_choices":[{"data":"Iron Wave","floor":7,"key":"SMITH"},{"floor":15,"key":"REST"},{"floor":23,"key":"REST"},{"floor":28,"key":"REST"},{"floor":30,"key":"REST"},{"data":"Armaments","floor":32,"key":"SMITH"},{"floor":40,"key":"REST"}],"circlet_count":0,"master_deck":["Strike_R","Strike_R","Strike_R","Strike_R+1","Defend_R","Defend_R","Defend_R","Defend_R","Bash","Carnage","Anger","Iron Wave+1","Sword Boomerang+1","Mind Blast","Clumsy","Whirlwind","Battle Trance","Iron Wave+1","Armaments+1","Immolate","Sentinel","Double Tap","Rupture","Offering","Body Slam+1","Flex","Blood for Blood+1","Seeing Red","Juggernaut","Writhe","Clumsy"],"relics":["Burning Blood","Oddly Smooth Stone","Meat on the Bone","DollysMirror","TungstenRod","SlaversCollar","Whetstone","Orichalcum","Paper Frog","Akabeko","Cursed Key","Anchor","Boot","Potion Belt","Smiling Mask"],"acts_visited":["Exordium","TheCity","TheBeyond"],"potions_floor_usage":[16,22,22,22,25,27,38,38,38,41,44],"damage_taken":[{"damage":0,"enemies":"Small Slimes","floor":1,"turns":3},{"damage":0,"enemies":"Cultist","floor":2,"turns":2},{"damage":0,"enemies":"2 Louse","floor":3,"turns":2},{"damage":6,"enemies":"Blue Slaver","floor":5,"turns":3},{"damage":38,"enemies":"Lagavulin","floor":6,"turns":6},{"damage":6,"enemies":"Red Slaver","floor":8,"turns":2},{"damage":11,"enemies":"Looter","floor":11,"turns":2},{"damage":8,"enemies":"Gremlin Gang","floor":13,"turns":2},{"damage":24,"enemies":"Gremlin Nob","floor":14,"turns":5},{"damage":20,"enemies":"Hexaghost","floor":16,"turns":11},{"damage":21,"enemies":"Shell Parasite","floor":18,"turns":4},{"damage":22,"enemies":"2 Thieves","floor":20,"turns":4},{"damage":30,"enemies":"Centurion and Healer","floor":21,"turns":5},{"damage":15,"enemies":"Snake Plant","floor":22,"turns":3},{"damage":33,"enemies":"Slavers","floor":24,"turns":4},{"damage":3,"enemies":"Snecko","floor":25,"turns":4},{"damage":31,"enemies":"3 Cultists","floor":27,"turns":7},{"damage":34,"enemies":"Book of Stabbing","floor":29,"turns":5},{"damage":22,"enemies":"Snake Plant","floor":31,"turns":5},{"damage":52,"enemies":"Automaton","floor":33,"turns":10},{"damage":15,"enemies":"3 Shapes","floor":35,"turns":6},{"damage":45,"enemies":"3 Darklings","floor":37,"turns":4},{"damage":25,"enemies":"Maw","floor":38,"turns":8},{"damage":43,"enemies":"Reptomancer","floor":41,"turns":5},{"damage":80,"enemies":"Transient","floor":44,"turns":5}],"seed_played":"4515589153267555676","potions_obtained":[{"floor":1,"key":"ColorlessPotion"},{"floor":2,"key":"SkillPotion"},{"floor":6,"key":"ColorlessPotion"},{"floor":16,"key":"LiquidBronze"},{"floor":22,"key":"Energy Potion"},{"floor":25,"key":"Fire Potion"},{"floor":33,"key":"SteroidPotion"},{"floor":37,"key":"GamblersBrew"},{"floor":38,"key":"Fruit Juice"},{"floor":41,"key":"SpeedPotion"}],"is_trial":false,"path_per_floor":["M","M","M","?","M","E","R","M","T","$","M","$","M","E","R","B",null,"M","T","M","M","M","R","E","M","T","M","R","E","R","M","R","B",null,"M","$","M","M","?","R","E","?","T","M"],"character_chosen":"IRONCLAD","items_purchased":["DollysMirror","Armaments","Immolate","Anchor","Dexterity Potion"],"campfire_rested":5,"item_purchase_floors":[10,10,10,36,36],"current_hp_per_floor":[80,80,80,80,80,48,48,48,48,48,55,55,53,47,71,57,80,65,65,49,37,40,64,49,52,52,39,63,47,71,55,55,21,80,71,71,44,37,57,80,60,60,60,0,0],"gold":294,"neow_bonus":"HUNDRED_GOLD","is_daily":false,"chose_seed":false,"campfire_upgraded":2,"win_rate":0.0,"timestamp":1610579018,"path_taken":["M","M","M","?","?","E","R","M","T","$","M","$","M","E","R","BOSS","M","?","M","M","M","R","E","M","T","?","R","E","R","?","R","BOSS","M","$","?","M","?","R","E","?","T","M"],"items_purchased_type":["Relic","Card","Card","Relic","Potion"],"build_version":"2020-12-22","purchased_purges":1,"victory":false,"max_hp_per_floor":[80,80,80,80,80,80,80,80,80,80,80,80,80,80,80,80,80,80,80,80,80,80,80,80,80,80,80,80,80,80,80,80,80,80,80,80,80,80,80,80,85,85,85,85,85],"card_choices":[{"not_picked":["Seeing Red","Sentinel"],"picked":"Carnage","floor":1},{"not_picked":["Havoc","Perfected Strike"],"picked":"Anger","floor":2},{"not_picked":["Havoc","Headbutt"],"picked":"Iron Wave","floor":3},{"not_picked":["Iron Wave","Infernal Blade"],"picked":"Whirlwind","floor":5},{"not_picked":["Twin Strike","Pummel","Brutality"],"picked":"SKIP","floor":6},{"not_picked":["Iron Wave","Pommel Strike"],"picked":"Battle Trance","floor":8},{"not_picked":["Havoc","Perfected Strike"],"picked":"Sentinel","floor":11},{"not_picked":["Headbutt","Second Wind"],"picked":"Double Tap","floor":13},{"not_picked":["Shrug It Off","Headbutt"],"picked":"Rupture","floor":14},{"not_picked":["Barricade","Corruption"],"picked":"Offering","floor":16},{"not_picked":["True Grit","Blood for Blood"],"picked":"Body Slam+1","floor":18},{"not_picked":["Infernal Blade","Dark Embrace","Heavy Blade+1"],"picked":"SKIP","floor":20},{"not_picked":["Clash","Reckless Charge"],"picked":"Flex","floor":21},{"not_picked":["Dropkick","Infernal Blade"],"picked":"Blood for Blood+1","floor":22},{"not_picked":["Fiend Fire","Wild Strike","Hemokinesis"],"picked":"SKIP","floor":24},{"not_picked":["Heavy Blade+1","Thunderclap","Infernal Blade"],"picked":"SKIP","floor":25},{"not_picked":["Twin Strike","Clash+1","Armaments"],"picked":"SKIP","floor":27},{"not_picked":["Headbutt","Offering"],"picked":"Seeing Red","floor":29},{"not_picked":["Feel No Pain","Clash","Rupture"],"picked":"SKIP","floor":31},{"not_picked":["Double Tap","Exhume"],"picked":"Juggernaut","floor":33},{"not_picked":["Intimidate","Burning Pact","Clothesline+1"],"picked":"SKIP","floor":35},{"not_picked":["Searing Blow","Twin Strike+1","Shrug It Off"],"picked":"SKIP","floor":37},{"not_picked":["Seeing Red","Burning Pact","Entrench"],"picked":"SKIP","floor":38},{"not_picked":["Seeing Red","Wild Strike+1","True Grit"],"picked":"SKIP","floor":41}],"player_experience":382452,"relics_obtained":[{"floor":6,"key":"Oddly Smooth Stone"},{"floor":9,"key":"Meat on the Bone"},{"floor":14,"key":"TungstenRod"},{"floor":19,"key":"Whetstone"},{"floor":24,"key":"Orichalcum"},{"floor":26,"key":"Paper Frog"},{"floor":29,"key":"Akabeko"},{"floor":41,"key":"Boot"},{"floor":42,"key":"Potion Belt"},{"floor":43,"key":"Smiling Mask"}],"event_choices":[{"damage_healed":0,"gold_gain":0,"player_choice":"3 cards matched","damage_taken":0,"max_hp_gain":0,"max_hp_loss":0,"event_name":"Match and Keep!","floor":4,"gold_loss":0,"cards_obtained":["Sword Boomerang","Mind Blast","Clumsy"]},{"damage_healed":20,"gold_gain":0,"player_choice":"Writhe","damage_taken":0,"max_hp_gain":0,"max_hp_loss":0,"event_name":"Winding Halls","floor":39,"gold_loss":0,"cards_obtained":["Writhe"]},{"damage_healed":0,"gold_gain":0,"player_choice":"Relic","damage_taken":0,"max_hp_gain":0,"max_hp_loss":0,"event_name":"Wheel of Change","floor":42,"gold_loss":0}],"is_beta":false,"boss_relics":[{"not_picked":["Fusion Hammer","Ectoplasm"],"picked":"SlaversCollar"},{"not_picked":["Sozu","Velvet Choker"],"picked":"Cursed Key"}],"items_purged_floors":[36],"is_endless":false,"potions_floor_spawned":[1,2,6,11,16,20,22,25,33,37,38,41],"killed_by":"Transient","ascension_level":3}}