{"host":"659h2nzl21d2gfgw","time":1610574141,"event":{"mods":["AchievementEnabler","Act Like it!","Astrologer","BaseMod","DeckTracker","Downfall","Hermit","Jorbs\u0027s Wanderer Trilogy","Marisa????????","Minty Spire (QoL Compilation)","Shade Mod","Somnambulant","StSLib","The Construct","The Hierophant","The Poker Player","The Runesmith","TheArtist","TheBandit"],"gold_per_floor":[99,113,171,183,199,199,199,199,218,228,228,261,261,290,301,301,301,301],"floor_reached":16,"language":"ENG","playtime":2109,"items_purged":[],"score":112,"play_id":"068939f4-6b0c-41b7-8886-d3b471e99aa9","local_time":"20210113164221","is_ascension_mode":false,"campfire_choices":[{"data":"hexamod:RainOfEmbers","floor":1,"key":"SMITH"},{"data":"hexamod:SoulSteal","floor":6,"key":"SMITH"},{"data":"hexamod:ChargedBarrage","floor":8,"key":"SMITH"},{"data":"hexamod:Float","floor":11,"key":"SMITH"}],"circlet_count":0,"master_deck":["hexamod:Strike","hexamod:Strike","hexamod:Strike","hexamod:Strike","hexamod:Defend","hexamod:Defend","hexamod:Defend","hexamod:Defend","hexamod:Sear","hexamod:Float+1","hexamod:RainOfEmbers+1","hexamod:ChargedBarrage+1","hexamod:SoulSteal+1","hexamod:EmpoweredFlame","hexamod:InspiringFlames","hexamod:GhostOfSpirePast","hexamod:EmpoweredFlame+1","hexamod:GhostflameInferno","hexamod:FourthSeal"],"relics":["hexamod:SpiritBrand","Matryoshka","hexamod:MatchstickCase","Peace Pipe","Bag of Marbles","Pantograph"],"acts_visited":["Exordium"],"potions_floor_usage":[12,16,16],"damage_taken":[{"damage":0,"enemies":"Jaw Worm","floor":2,"turns":3},{"damage":16,"enemies":"Lagavulin Event","floor":3,"turns":6},{"damage":4,"enemies":"2 Louse","floor":4,"turns":3},{"damage":0,"enemies":"Cultist","floor":5,"turns":3},{"damage":2,"enemies":"2 Fungi Beasts","floor":9,"turns":3},{"damage":0,"enemies":"Large Slime","floor":10,"turns":3},{"damage":1,"enemies":"Lagavulin","floor":12,"turns":6},{"damage":9,"enemies":"3 Sentries","floor":14,"turns":3},{"damage":0,"enemies":"3 Louse","floor":15,"turns":3},{"damage":63,"enemies":"downfall:Defect","floor":16,"turns":6}],"seed_played":"-8497141876941256993","potions_obtained":[{"floor":2,"key":"GamblersBrew"},{"floor":9,"key":"SkillPotion"},{"floor":10,"key":"Block Potion"}],"is_trial":false,"path_per_floor":["R","M","?","M","M","R","T","R","M","M","R","E","?","E","M","B"],"character_chosen":"THE_SPIRIT","items_purchased":[],"campfire_rested":0,"item_purchase_floors":[],"current_hp_per_floor":[70,70,54,50,50,50,50,50,48,48,48,47,47,38,38,0,0,0],"gold":301,"neow_bonus":"THREE_CARDS","is_daily":false,"chose_seed":false,"campfire_upgraded":4,"win_rate":0.0,"timestamp":1610574141,"path_taken":["R","M","?","M","M","R","T","R","M","M","R","E","?","E","M","BOSS"],"items_purchased_type":[],"build_version":"2020-12-22","purchased_purges":0,"victory":false,"max_hp_per_floor":[70,70,70,70,70,70,70,70,70,70,70,70,70,70,70,70,70,70],"card_choices":[{"not_picked":["hexamod:ShieldOfDarkness","hexamod:NightmareStrike"],"picked":"hexamod:RainOfEmbers","floor":0},{"not_picked":["hexamod:HauntingEcho","hexamod:Hexaguard"],"picked":"hexamod:ChargedBarrage","floor":2},{"not_picked":["hexamod:BurningTouch","hexamod:GhostflameBarrier"],"picked":"hexamod:SoulSteal","floor":4},{"not_picked":["hexamod:Hexaguard","hexamod:NightmareGuise"],"picked":"hexamod:EmpoweredFlame","floor":5},{"not_picked":["hexamod:AdvancingGuard","hexamod:HauntingEcho"],"picked":"hexamod:InspiringFlames","floor":9},{"not_picked":["hexamod:RainOfEmbers","hexamod:Haunt"],"picked":"hexamod:GhostOfSpirePast","floor":10},{"not_picked":["hexamod:GhostLash","hexamod:BacktrackSmack"],"picked":"hexamod:EmpoweredFlame","floor":12},{"not_picked":["hexamod:Rewind","hexamod:HeatMetal"],"picked":"hexamod:GhostflameInferno","floor":14},{"not_picked":["hexamod:ThermalTransfer","hexamod:InspiringFlames"],"picked":"hexamod:FourthSeal","floor":15}],"player_experience":153379,"relics_obtained":[{"floor":3,"key":"Matryoshka"},{"floor":7,"key":"hexamod:MatchstickCase"},{"floor":7,"key":"Peace Pipe"},{"floor":12,"key":"Bag of Marbles"},{"floor":14,"key":"Pantograph"}],"event_choices":[{"damage_healed":0,"gold_gain":0,"player_choice":"Upgraded","damage_taken":0,"max_hp_gain":0,"max_hp_loss":0,"event_name":"Upgrade Shrine","floor":13,"gold_loss":0,"cards_upgraded":["hexamod:EmpoweredFlame"]}],"is_beta":false,"boss_relics":[],"items_purged_floors":[],"is_endless":false,"potions_floor_spawned":[2,9,10],"killed_by":"downfall:Defect","ascension_level":0}}