{"host":"a8v0czv88scrgx5i","time":1610535004,"event":{"mods":["2.2 Compatiblity","Act Like it!","Arknights The Spire","Aspiration","Astrologer","Bard","BaseMod","Beaked The Cultist","Better Third Choice","BetterRewards","Colored Map","Colored Powertips","Curses Come First","Dota2Spire","Downfall","Friendly Minions","GifTheSpireLib","GungeonMod","Hermit","Hubris","Infinite Spire","Luminous","Marisa????????","Minty Spire (QoL Compilation)","READ ME - Guardian Mod","Rare Cards Sparkle","Relic Sorter","Replay The Spire","Shade Mod","Shop Mod","StSLib","The Animator","The Blackbeard","The Bug Knight","The Construct","The Cursed","The Disciple","The Elementalist","The Hierophant","The Jungle","The Marked","The Mystic","The Necromancer","The Runesmith","The Servant 0.9.4","The Spell Scribe","vexMod"],"gold_per_floor":[117,117,117,117,131,171,171,192,192,223,239,275,299,317,317,436,436,449,464,479,504,523,556,556,556],"floor_reached":24,"language":"ENG","playtime":1978,"items_purged":[],"score":267,"play_id":"171d64b0-9400-4630-a270-5bea7b99de33","local_time":"20210113055004","is_ascension_mode":false,"campfire_choices":[{"floor":7,"key":"REST"},{"floor":15,"key":"REST"}],"circlet_count":0,"master_deck":["ats:Strike G","ats:Strike S","ats:Strike V","ats:Armor Crushing Shot","ats:Defend+1","ats:Defend+1","ats:Defend+1","ats:Defend+1","ats:Emotion Absorption","ats:Flexible Camouflage","Protect","Protect","ats:Soul Rend","ats:Thermite Blade","Prostrate","ats:Spore Proliferation","JustLucky","ats:Cat Scratch","ats:Disruption Kick","ats:Directed Diagnosis","ats:Demon Strength","CrushJoints+1","Prostrate","ats:Song Of Battle"],"relics":["aspiration:WatcherSkillbook","Golden Idol","ats:Originium","Replay:Bottled Eggs","vexMod:BarristanHead","hubris:64BitClover","Runesmith:Nanobots","construct:ClawGrip","ats:Hidden Killer","construct:RocketBooster"],"acts_visited":["Exordium","TheCity"],"potions_floor_usage":[6,6,10,10,12,16,20,23],"damage_taken":[{"damage":4,"enemies":"Jaw Worm","floor":1,"turns":5},{"damage":3,"enemies":"2 Louse","floor":5,"turns":3},{"damage":34,"enemies":"3 Sentries","floor":6,"turns":15},{"damage":0,"enemies":"Small Slimes","floor":8,"turns":3},{"damage":24,"enemies":"Lagavulin","floor":10,"turns":8},{"damage":0,"enemies":"Red Slaver","floor":11,"turns":4},{"damage":0,"enemies":"3 Sentries","floor":12,"turns":14},{"damage":0,"enemies":"Exordium Wildlife","floor":13,"turns":3},{"damage":5,"enemies":"Large Slime","floor":14,"turns":8},{"damage":20,"enemies":"Slime Boss","floor":16,"turns":15},{"damage":5,"enemies":"3 Byrds","floor":18,"turns":5},{"damage":0,"enemies":"Spheric Guardian","floor":19,"turns":1},{"damage":7,"enemies":"3 Cultists","floor":20,"turns":7},{"damage":8,"enemies":"Cultist and Chosen","floor":21,"turns":8},{"damage":20,"enemies":"Snake Plant","floor":22,"turns":5},{"damage":9,"enemies":"Book of Stabbing","floor":23,"turns":8},{"damage":42,"enemies":"Snecko","floor":24,"turns":10}],"seed_played":"7469405456126857307","potions_obtained":[{"floor":1,"key":"Adrenaline Potion"},{"floor":4,"key":"PowerPotion"},{"floor":4,"key":"Fire Potion"},{"floor":4,"key":"DemoMod:BlankPotion"},{"floor":6,"key":"Ancient Potion"},{"floor":8,"key":"ColorlessPotion"},{"floor":10,"key":"Dexterity Potion"},{"floor":11,"key":"FearPotion"},{"floor":14,"key":"Explosive Potion"},{"floor":18,"key":"Dota2Spire:Clarity"},{"floor":20,"key":"Dexterity Potion"},{"floor":21,"key":"DemoMod:LeadSkinPotion"}],"is_trial":false,"path_per_floor":["M","?","?","?","M","E","R","M","T","E","M","E","M","M","R","B",null,"M","M","M","M","M","E","M"],"character_chosen":"DOCTOR_CLASS","items_purchased":[],"campfire_rested":2,"item_purchase_floors":[],"current_hp_per_floor":[68,61,43,43,40,6,27,27,27,4,6,13,14,13,34,25,72,67,68,65,60,40,36,0,0],"gold":556,"neow_bonus":"BOSS_RELIC","is_daily":false,"chose_seed":false,"campfire_upgraded":0,"win_rate":0.0,"timestamp":1610535004,"path_taken":["M","?","?","?","M","E","R","M","T","E","M","E","?","M","R","BOSS","M","M","M","M","M","E","M"],"items_purchased_type":[],"build_version":"2020-12-22","purchased_purges":0,"victory":false,"max_hp_per_floor":[72,72,72,72,72,72,72,72,72,72,72,72,72,72,72,72,72,72,72,72,72,72,72,72,72],"card_choices":[{"not_picked":["ats:Leaping Hammer","Adaptation","ats:Hammer On"],"picked":"ats:Flexible Camouflage","floor":1},{"not_picked":["TalkToTheHand","SashWhip","JustLucky"],"picked":"Protect","floor":5},{"not_picked":["BowlingBash","ats:LN2 Cannon","Swivel"],"picked":"Protect","floor":6},{"not_picked":["ClearTheMind","ats:Cat Scratch","ForeignInfluence"],"picked":"ats:Soul Rend","floor":8},{"not_picked":["Replay:Hum","EmptyFist","Halt"],"picked":"ats:Thermite Blade","floor":10},{"not_picked":["ats:Cat Scratch","ThirdEye","Evaluate"],"picked":"Prostrate","floor":11},{"not_picked":["Study","Scrawl","SashWhip"],"picked":"ats:Spore Proliferation","floor":12},{"not_picked":["Crescendo","ats:Flexible Camouflage","PathToVictory"],"picked":"JustLucky","floor":13},{"not_picked":["Halt","ats:Powerful Strike","CrushJoints"],"picked":"ats:Cat Scratch","floor":14},{"not_picked":["Alpha","Omniscience","ConjureBlade"],"picked":"ats:Disruption Kick","floor":16},{"not_picked":["ats:Very Hot Blade+1","BowlingBash","ats:Chain Hook"],"picked":"ats:Directed Diagnosis","floor":18},{"not_picked":["Replay:AtTheReady","ats:Very Hot Blade","ats:Poison Spread"],"picked":"ats:Demon Strength","floor":19},{"not_picked":["CutThroughFate","ats:Consecutive Shot Auto+1","ats:Flexible Camouflage"],"picked":"CrushJoints+1","floor":20},{"not_picked":["FlyingSleeves","ats:Hammer On","ats:Poison Spread","ats:Guardian Obelisk"],"picked":"SKIP","floor":21},{"not_picked":["ats:Ignite","ClearTheMind","FlurryOfBlows"],"picked":"Prostrate","floor":22},{"not_picked":["ats:Very Hot Blade","Replay:Anticipation","ats:Flame Of Heaven+1"],"picked":"ats:Song Of Battle","floor":23}],"player_experience":966871,"relics_obtained":[{"floor":6,"key":"ats:Originium"},{"floor":6,"key":"Replay:Bottled Eggs"},{"floor":9,"key":"vexMod:BarristanHead"},{"floor":10,"key":"ats:Originium"},{"floor":10,"key":"hubris:64BitClover"},{"floor":12,"key":"ats:Originium"},{"floor":12,"key":"Runesmith:Nanobots"},{"floor":20,"key":"ats:Hidden Killer"},{"floor":23,"key":"construct:RocketBooster"}],"event_choices":[{"cards_removed":["ats:Strike C"],"damage_healed":0,"gold_gain":0,"player_choice":"Card Removal","damage_taken":7,"max_hp_gain":0,"max_hp_loss":0,"event_name":"Golden Wing","floor":2,"gold_loss":0},{"damage_healed":0,"gold_gain":0,"player_choice":"Take Damage","damage_taken":18,"relics_obtained":["Golden Idol"],"max_hp_gain":0,"max_hp_loss":0,"event_name":"Golden Idol","floor":3,"gold_loss":0},{"damage_healed":0,"gold_gain":0,"player_choice":"Got Potions","damage_taken":0,"max_hp_gain":0,"max_hp_loss":0,"event_name":"Lab","floor":4,"gold_loss":0}],"is_beta":false,"boss_relics":[{"not_picked":["vexMod:DeviousBotling","SlaversCollar"],"picked":"construct:ClawGrip"}],"items_purged_floors":[],"is_endless":false,"potions_floor_spawned":[1,6,8,10,11,14,18,20,21],"killed_by":"Snecko","ascension_level":0}}