{"host":"vrsxkkch9ccrec7k","time":1610569011,"event":{"mods":["Act Like it!","BaseMod","Bestiary","Better Sensory Stone","Better Third Choice","Better Vampires","Downfall","Minty Spire (QoL Compilation)","Permanent Neow","Relic Stats","Spicy Shops","StSLib"],"gold_per_floor":[99,112,127,182,195,195,221,247,264,264,281,206,259,273,291,389,389,389,403,19,51,69,69,117,143,143,68,88,73,90,90,107,207,207,207,222,222,222,16,28,28,81,101,127,52,66,66,1,20,20,20],"floor_reached":50,"language":"ENG","playtime":7153,"items_purged":["Clumsy"],"score":755,"play_id":"3765a8df-0826-43d4-8fa0-8f28af9f789e","local_time":"20210113151651","is_ascension_mode":true,"campfire_choices":[{"data":"sneckomod:SnekBite","floor":1,"key":"SMITH"},{"data":"sneckomod:Unknown","floor":6,"key":"SMITH"},{"floor":12,"key":"REST"},{"data":"sneckomod:UnknownRarePower","floor":18,"key":"SMITH"},{"floor":23,"key":"REST"},{"floor":27,"key":"REST"},{"floor":35,"key":"RECALL"},{"floor":45,"key":"REST"},{"floor":47,"key":"REST"}],"circlet_count":0,"master_deck":["sneckomod:SnekBite+1","sneckomod:Unknown+1","Dark Shackles","sneckomod:SlitherStrike","sneckomod:SoulDraw","sneckomod:UnknownRareAttack+1","sneckomod:WideSting+1","sneckomod:UnknownUncommonPower","sneckomod:CheapStock","sneckomod:UnknownRarePower+1","sneckomod:SerpentIdol+1","sneckomod:Transmogrify","sneckomod:SoulRoll+1","sneckomod:QuickMove","sneckomod:CheapStock","sneckomod:UnknownDexterity","sneckomod:Nope","sneckomod:SerpentMind","sneckomod:SoulRoll","sneckomod:CheapStock","sneckomod:CheapStock","sneckomod:Nope+1","sneckomod:SoulRoll+1","sneckomod:SoulRoll+1","sneckomod:QuickMove+1","sneckomod:QuickMove+1","sneckomod:UnknownDexterity","sneckomod:Mudshield","sneckomod:UnknownStrike+1","sneckomod:Nope+1","sneckomod:UnknownStrength+1","sneckomod:DiceBlock+1","sneckomod:MixItUp+1","sneckomod:UnknownRareSkill","sneckomod:UnknownRarePower","sneckomod:PureSnecko","expansioncontent:DefensiveMode","Injury","Parasite","sneckomod:UnknownWeak+1","sneckomod:DangerNoodle","sneckomod:SoulCleanse+1"],"relics":["sneckomod:SneckoSoul","downfall:HeartBlessingBlue","Strawberry","Dream Catcher","Nloth\u0027s Gift","downfall:HeartBlessingGreen","Astrolabe","War Paint","Peace Pipe","champ:DuelingGlove","PreservedInsect","Mercury Hourglass","downfall:HeartBlessingRed","Cursed Key","InkBottle"],"acts_visited":["Exordium","TheCity","TheBeyond"],"potions_floor_usage":[4,8,9,19,25,25,28,28,28,29,30,32,32,32,32,33,36,39,42,42,42,46,48,50],"damage_taken":[{"damage":0,"enemies":"2 Louse","floor":2,"turns":2},{"damage":0,"enemies":"Jaw Worm","floor":3,"turns":3},{"damage":30,"enemies":"Lagavulin Event","floor":4,"turns":6},{"damage":0,"enemies":"Cultist","floor":5,"turns":2},{"damage":26,"enemies":"Gremlin Nob","floor":8,"turns":4},{"damage":15,"enemies":"Exordium Thugs","floor":9,"turns":4},{"damage":1,"enemies":"2 Fungi Beasts","floor":11,"turns":3},{"damage":0,"enemies":"3 Louse","floor":13,"turns":3},{"damage":4,"enemies":"Blue Slaver","floor":14,"turns":3},{"damage":6,"enemies":"Exordium Thugs","floor":15,"turns":3},{"damage":31,"enemies":"downfall:Watcher","floor":16,"turns":7},{"damage":8,"enemies":"Chosen","floor":19,"turns":4},{"damage":0,"enemies":"downfall:FleeingMerchant","floor":20,"turns":4},{"damage":39,"enemies":"3 Byrds","floor":21,"turns":7},{"damage":33,"enemies":"Centurion and Healer","floor":22,"turns":9},{"damage":71,"enemies":"Slavers","floor":25,"turns":9},{"damage":18,"enemies":"Chosen and Byrds","floor":28,"turns":6},{"damage":0,"enemies":"downfall:FleeingMerchant","floor":29,"turns":4},{"damage":15,"enemies":"Shelled Parasite and Fungi","floor":30,"turns":3},{"damage":22,"enemies":"Centurion and Healer","floor":32,"turns":7},{"damage":44,"enemies":"downfall:Silent","floor":33,"turns":15},{"damage":13,"enemies":"3 Darklings","floor":36,"turns":6},{"damage":20,"enemies":"downfall:FleeingMerchant","floor":39,"turns":4},{"damage":3,"enemies":"3 Shapes","floor":40,"turns":10},{"damage":27,"enemies":"2 Orb Walkers","floor":42,"turns":4},{"damage":67,"enemies":"3 Darklings","floor":43,"turns":7},{"damage":0,"enemies":"Giant Head","floor":44,"turns":7},{"damage":34,"enemies":"Writhing Mass","floor":46,"turns":11},{"damage":6,"enemies":"downfall:FleeingMerchant","floor":48,"turns":4},{"damage":30,"enemies":"Jaw Worm Horde","floor":49,"turns":5},{"damage":57,"enemies":"downfall:Ironclad","floor":50,"turns":8}],"seed_played":"5985185535683503343","potions_obtained":[{"floor":2,"key":"Energy Potion"},{"floor":3,"key":"PowerPotion"},{"floor":4,"key":"hexamod:EctoCoolerPotion"},{"floor":11,"key":"champ:CounterPotion"},{"floor":15,"key":"sneckomod:DiceRollPotion"},{"floor":21,"key":"Weak Potion"},{"floor":21,"key":"Weak Potion"},{"floor":22,"key":"SteroidPotion"},{"floor":25,"key":"Fire Potion"},{"floor":29,"key":"Weak Potion"},{"floor":30,"key":"Fire Potion"},{"floor":32,"key":"LiquidMemories"},{"floor":33,"key":"GamblersBrew"},{"floor":36,"key":"Block Potion"},{"floor":44,"key":"Block Potion"},{"floor":46,"key":"Weak Potion"}],"is_trial":false,"path_per_floor":["R","M","M","?","M","R","T","E","M","T","M","R","M","M","M","B",null,"R","M","$","M","M","R","T","E","?","R","M","$","M","?","M","B",null,"R","M","?","?","$","M","T","?","M","E","R","M","R","$","M","B"],"character_chosen":"THE_SNECKO","items_purchased":["Kunai","sneckomod:CheapStock","Orrery","expansioncontent:DefensiveMode","Whetstone","SteroidPotion","Strength Potion"],"campfire_rested":5,"item_purchase_floors":[20,20,20,39,39,39,48],"current_hp_per_floor":[90,90,90,60,60,60,60,41,27,27,26,83,83,80,74,44,111,111,116,117,78,52,104,104,33,33,86,70,70,55,98,87,56,131,131,128,128,128,108,105,105,78,11,39,81,48,90,84,54,0,0],"gold":20,"neow_bonus":"RANDOM_COLORLESS","is_daily":false,"chose_seed":false,"campfire_upgraded":3,"win_rate":0.0,"timestamp":1610569011,"path_taken":["R","M","M","?","M","R","T","E","M","?","M","R","M","M","M","BOSS","R","M","$","M","M","R","T","E","?","R","M","?","M","?","M","BOSS","R","M","?","?","$","M","T","?","M","E","R","M","R","?","M","BOSS"],"items_purchased_type":["Relic","Card","Relic","Card","Relic","Potion","Potion"],"build_version":"2020-12-22","purchased_purges":1,"victory":false,"max_hp_per_floor":[90,90,90,90,90,90,90,97,98,98,98,108,108,109,109,110,111,111,118,119,119,126,126,126,126,126,127,129,129,129,129,130,131,131,131,141,141,141,141,141,141,141,141,141,141,142,142,142,142,142,142],"relic_stats":{"Peace Pipe":0,"Dream Catcher":3,"counters":[31,174],"Astrolabe":["sneckomod:UnknownStrike","sneckomod:Nope","sneckomod:UnknownStrength"],"PreservedInsect":125,"Nloth\u0027s Gift":5,"War Paint":["sneckomod:Nope","sneckomod:SoulRoll","sneckomod:QuickMove","sneckomod:SerpentIdol"],"Cursed Key":0,"obtain_stats":[{"champ:DuelingGlove":42,"Regal Pillow":4,"Pear":36,"sneckomod:LoadedDie":40,"downfall:HeartBlessingRed":45,"Astrolabe":28,"downfall:HeartBlessingGreen":27,"PreservedInsect":42,"Whetstone":39,"War Paint":25,"sneckomod:SneckoSoul":0,"Cursed Key":46,"Mercury Hourglass":44,"Peace Pipe":41,"Dream Catcher":24,"downfall:HeartBlessingBlue":12,"Strawberry":8,"Orrery":20,"Pandora\u0027s Box":17,"Molten Egg 2":25,"Fusion Hammer":34,"Nloth\u0027s Gift":26,"Kunai":20,"InkBottle":49},{"champ:DuelingGlove":25,"Regal Pillow":3,"Pear":22,"sneckomod:LoadedDie":24,"downfall:HeartBlessingRed":27,"Astrolabe":17,"downfall:HeartBlessingGreen":16,"PreservedInsect":25,"Whetstone":23,"War Paint":16,"sneckomod:SneckoSoul":0,"Cursed Key":28,"Mercury Hourglass":27,"Peace Pipe":24,"Dream Catcher":15,"downfall:HeartBlessingBlue":7,"Strawberry":5,"Orrery":13,"Pandora\u0027s Box":11,"Molten Egg 2":16,"Fusion Hammer":21,"Nloth\u0027s Gift":16,"Kunai":13,"InkBottle":30},{"champ:DuelingGlove":132,"Regal Pillow":11,"Pear":114,"sneckomod:LoadedDie":128,"downfall:HeartBlessingRed":146,"Astrolabe":79,"downfall:HeartBlessingGreen":73,"PreservedInsect":132,"Whetstone":118,"War Paint":73,"sneckomod:SneckoSoul":0,"Cursed Key":157,"Mercury Hourglass":146,"Peace Pipe":128,"Dream Catcher":64,"downfall:HeartBlessingBlue":24,"Strawberry":17,"Orrery":48,"Pandora\u0027s Box":40,"Molten Egg 2":73,"Fusion Hammer":108,"Nloth\u0027s Gift":73,"Kunai":48,"InkBottle":166}],"InkBottle":[4],"Mercury Hourglass":[42]},"card_choices":[{"not_picked":["Trip","expansioncontent:LastStand"],"picked":"Dark Shackles","floor":0},{"not_picked":["sneckomod:SerpentIdol","sneckomod:QuickMove","sneckomod:UnknownClassBLUE"],"picked":"SKIP","floor":2},{"not_picked":["sneckomod:UnknownCommonAttack","sneckomod:DiceBlock"],"picked":"sneckomod:SlitherStrike","floor":3},{"not_picked":["sneckomod:Unknown1Cost","sneckomod:QuickMove"],"picked":"sneckomod:SoulDraw","floor":5},{"not_picked":["sneckomod:UnknownStrike","sneckomod:DiceBlock","sneckomod:UnknownClassGUARDIAN"],"picked":"SKIP","floor":8},{"not_picked":["sneckomod:Unknown2Cost","sneckomod:UnknownDexterity"],"picked":"sneckomod:UnknownRareAttack","floor":9},{"not_picked":["sneckomod:UnknownEthereal","sneckomod:RainOfDice"],"picked":"sneckomod:WideSting","floor":11},{"not_picked":["sneckomod:SerpentIdol","sneckomod:Unknown1Cost","sneckomod:Unknown0Cost"],"picked":"SKIP","floor":13},{"not_picked":["sneckomod:IronFang","sneckomod:UnknownClassBLUE"],"picked":"sneckomod:UnknownUncommonPower","floor":14},{"not_picked":["sneckomod:RainOfDice","sneckomod:SoulDraw"],"picked":"sneckomod:CheapStock","floor":15},{"not_picked":["sneckomod:UnlimitedRolls","sneckomod:Unknown3Cost"],"picked":"sneckomod:UnknownRarePower","floor":16},{"not_picked":["sneckomod:UnknownCommonSkill","sneckomod:SlitherStrike","sneckomod:IronFang+1"],"picked":"SKIP","floor":19},{"not_picked":["sneckomod:WideSting","sneckomod:SnakeSap","sneckomod:SnekBeam"],"picked":"SKIP","floor":20},{"not_picked":["sneckomod:IronFang","sneckomod:SerpentIdol"],"picked":"sneckomod:UnknownDexterity","floor":20},{"not_picked":["sneckomod:UnknownRareAttack","sneckomod:MasterEye"],"picked":"sneckomod:Nope","floor":20},{"not_picked":["sneckomod:SoulDraw+1","sneckomod:SoulRoll"],"picked":"sneckomod:SerpentMind","floor":20},{"not_picked":["sneckomod:SnakeSap","sneckomod:WideSting"],"picked":"sneckomod:SoulRoll","floor":20},{"not_picked":["sneckomod:UnknownExhaust","sneckomod:UnknownStrike+1"],"picked":"sneckomod:CheapStock","floor":21},{"not_picked":["sneckomod:UnknownExhaust","sneckomod:UnknownStrike+1"],"picked":"sneckomod:CheapStock","floor":21},{"not_picked":["sneckomod:UnknownClassHEXA_GHOST_PURPLE","sneckomod:SoulDraw"],"picked":"sneckomod:Nope","floor":21},{"not_picked":["sneckomod:DefensiveFlair","sneckomod:QuickMove"],"picked":"sneckomod:SoulRoll+1","floor":21},{"not_picked":["sneckomod:UnknownEthereal","sneckomod:QuickBite"],"picked":"sneckomod:SoulRoll+1","floor":21},{"not_picked":["sneckomod:DiceCrush","sneckomod:UnknownStrike"],"picked":"sneckomod:QuickMove+1","floor":21},{"not_picked":["sneckomod:QuickMove","sneckomod:IronFang","sneckomod:UnknownRareAttack"],"picked":"SKIP","floor":22},{"not_picked":["sneckomod:UnknownClassGREEN","sneckomod:UnknownCommonSkill"],"picked":"sneckomod:QuickMove","floor":25},{"not_picked":["sneckomod:IronFang+1","sneckomod:Unknown1Cost"],"picked":"sneckomod:UnknownDexterity","floor":27},{"not_picked":["sneckomod:Unknown0Cost","sneckomod:RainOfDice+1"],"picked":"sneckomod:Mudshield","floor":28},{"not_picked":["sneckomod:UnknownClassGUARDIAN","sneckomod:Unknown1Cost"],"picked":"sneckomod:DiceBlock+1","floor":29},{"not_picked":["sneckomod:UnknownCommonSkill","sneckomod:WideSting+1"],"picked":"sneckomod:MixItUp+1","floor":30},{"not_picked":["sneckomod:TrashToTreasure","sneckomod:UnknownCommonAttack+1"],"picked":"sneckomod:UnknownRareSkill","floor":32},{"not_picked":["sneckomod:Unknown3Cost","sneckomod:Transmogrify"],"picked":"sneckomod:UnknownRarePower","floor":33},{"not_picked":["sneckomod:DiceCrush","sneckomod:MixItUp","sneckomod:UnknownClassHEXA_GHOST_PURPLE"],"picked":"SKIP","floor":36},{"not_picked":["sneckomod:UnknownClassHEXA_GHOST_PURPLE+1","sneckomod:UnknownEthereal"],"picked":"sneckomod:PureSnecko","floor":39},{"not_picked":["sneckomod:WideSting","sneckomod:DefensiveFlair","sneckomod:MixItUp+1"],"picked":"SKIP","floor":40},{"not_picked":["sneckomod:DefensiveFlair+1","sneckomod:UnknownClassTHE_CHAMP_GRAY","sneckomod:UnknownCommonAttack+1"],"picked":"SKIP","floor":43},{"not_picked":["sneckomod:UnknownClassBLUE","sneckomod:UnknownRareSkill","sneckomod:UnknownStrike"],"picked":"SKIP","floor":44},{"not_picked":["sneckomod:MasterEye","sneckomod:Cheat"],"picked":"sneckomod:UnknownWeak+1","floor":46},{"not_picked":["sneckomod:UnknownClassHEXA_GHOST_PURPLE","sneckomod:QuickMove"],"picked":"sneckomod:DangerNoodle","floor":46},{"not_picked":["sneckomod:SnekBeam","sneckomod:RainOfDice"],"picked":"sneckomod:SoulCleanse+1","floor":47},{"not_picked":["sneckomod:QuickBite","sneckomod:UnknownVulnerable+1","sneckomod:Unknown1Cost"],"picked":"SKIP","floor":48},{"not_picked":["sneckomod:IronFang+1","sneckomod:SnakeSap+1","sneckomod:SnekBeam"],"picked":"SKIP","floor":49}],"player_experience":1505760,"relics_obtained":[{"floor":4,"key":"Regal Pillow"},{"floor":8,"key":"Strawberry"},{"floor":19,"key":"Strawberry"},{"floor":21,"key":"Orrery"},{"floor":22,"key":"Strawberry"},{"floor":24,"key":"Dream Catcher"},{"floor":25,"key":"Molten Egg 2"},{"floor":25,"key":"War Paint"},{"floor":28,"key":"Astrolabe"},{"floor":29,"key":"Molten Egg 2"},{"floor":33,"key":"War Paint"},{"floor":36,"key":"Pear"},{"floor":40,"key":"sneckomod:LoadedDie"},{"floor":41,"key":"Peace Pipe"},{"floor":42,"key":"champ:DuelingGlove"},{"floor":42,"key":"PreservedInsect"},{"floor":44,"key":"Mercury Hourglass"},{"floor":46,"key":"Cursed Key"},{"floor":49,"key":"InkBottle"}],"event_choices":[{"damage_healed":43,"gold_gain":0,"player_choice":"Heal","damage_taken":0,"max_hp_gain":0,"max_hp_loss":0,"event_name":"The Library","floor":31,"gold_loss":0},{"cards_removed":["sneckomod:DiceCrush"],"damage_healed":0,"gold_gain":0,"player_choice":"Removed Attack","damage_taken":0,"max_hp_gain":0,"max_hp_loss":0,"event_name":"Falling","floor":37,"gold_loss":0},{"damage_healed":0,"gold_gain":0,"player_choice":"Fight","damage_taken":0,"max_hp_gain":0,"max_hp_loss":0,"event_name":"Mysterious Sphere","floor":42,"gold_loss":0}],"is_beta":false,"boss_relics":[{"not_picked":["Runic Dome","SacredBark"],"picked":"Pandora\u0027s Box"},{"not_picked":["Calling Bell","Tiny House"],"picked":"Fusion Hammer"}],"items_purged_floors":[20],"is_endless":false,"potions_floor_spawned":[2,3,4,11,15,21,22,25,30,32,33,36,40,46],"killed_by":"downfall:Ironclad","ascension_level":3}}