{"host":"oiw60b5ins9fyx34","time":1610545043,"event":{"mods":["BaseMod","Colored Map","Colored Powertips","Minty Spire (QoL Compilation)","Permanent Neow","Quick Restart","Rare Cards Sparkle","Relic Stats","StSLib"],"gold_per_floor":[113,131,148,34,53,86,86,86,86],"floor_reached":8,"language":"JPN","playtime":537,"items_purged":["Strike_G"],"score":61,"play_id":"8b720dec-ae1d-4dc8-8399-16c95efd076b","local_time":"20210113223723","is_ascension_mode":true,"campfire_choices":[{"floor":7,"key":"REST"}],"circlet_count":0,"master_deck":["Strike_G","Strike_G","Strike_G","Strike_G","Defend_G","Defend_G","Defend_G","Defend_G","Defend_G","Survivor","Neutralize","Venomology","Dodge and Roll","Blur","Footwork","Bouncing Flask","Leg Sweep"],"relics":["Ring of the Snake","Singing Bowl"],"acts_visited":["Exordium"],"potions_floor_usage":[2,3,5,5,6,6,6,8,8,8],"damage_taken":[{"damage":3,"enemies":"Jaw Worm","floor":1,"turns":5},{"damage":6,"enemies":"Small Slimes","floor":2,"turns":4},{"damage":3,"enemies":"2 Louse","floor":3,"turns":2},{"damage":7,"enemies":"Gremlin Gang","floor":5,"turns":6},{"damage":27,"enemies":"3 Sentries","floor":6,"turns":16},{"damage":58,"enemies":"Gremlin Nob","floor":8,"turns":7}],"seed_played":"6080017511105447300","potions_obtained":[{"floor":1,"key":"Regen Potion"},{"floor":5,"key":"Fruit Juice"}],"is_trial":false,"path_per_floor":["M","M","M","$","M","E","R","E"],"character_chosen":"THE_SILENT","items_purchased":["Bouncing Flask"],"campfire_rested":1,"item_purchase_floors":[4],"current_hp_per_floor":[60,63,60,60,53,33,54,0,0],"gold":86,"neow_bonus":"THREE_RARE_CARDS","is_daily":false,"chose_seed":false,"campfire_upgraded":0,"win_rate":0.0,"timestamp":1610545043,"path_taken":["M","M","M","$","M","E","R","E"],"items_purchased_type":["Card"],"build_version":"2020-12-22","purchased_purges":1,"victory":false,"max_hp_per_floor":[63,63,63,63,63,70,70,70,70],"relic_stats":{"Singing Bowl":2,"counters":[6,40],"obtain_stats":[{"Singing Bowl":6,"Ring of the Snake":0},{"Singing Bowl":5,"Ring of the Snake":0},{"Singing Bowl":33,"Ring of the Snake":0}],"Ring of the Snake":[12]},"card_choices":[{"not_picked":["Grand Finale","Die Die Die"],"picked":"Venomology","floor":0},{"not_picked":["Quick Slash","Heel Hook"],"picked":"Dodge and Roll","floor":1},{"not_picked":["Infinite Blades","Bane"],"picked":"Blur","floor":2},{"not_picked":["Blade Dance","Cloak And Dagger"],"picked":"Footwork","floor":3},{"not_picked":["Blade Dance","Heel Hook"],"picked":"Leg Sweep","floor":5},{"not_picked":["Deflect","Envenom","Glass Knife"],"picked":"Singing Bowl","floor":6}],"player_experience":640853,"relics_obtained":[{"floor":6,"key":"Singing Bowl"}],"event_choices":[],"is_beta":false,"boss_relics":[],"items_purged_floors":[4],"is_endless":false,"potions_floor_spawned":[1,5],"killed_by":"Gremlin Nob","ascension_level":1}}