{"host":"xkyjkr020mio9edy","time":1610516507,"event":{"mods":["BaseMod","Clockwork Mod","Colored Map","Colored Powertips","Downfall","Glutton Mod","Gold Saver","Minty Spire (QoL Compilation)","Quick Restart","Replay The Spire","StSLib","The Cursed","The Necromancer","TheHeartMod"],"gold_per_floor":[50750,50037,50037,50054,50064,50064,50089,50089,50089,49490,49500,49019,49045,48344,48344,48441,48441,48457,48417,47889,47907,47927,47927,47946,47978,47978,48010,48025,46881,46909,46922,46922,47024,47024,47035,47049,46137,46237,46252,46279,46279,46297,46297,46307,46317,46317,46332,46345,46345,46345,46345,46345,45366,45396,45396,45396],"floor_reached":55,"language":"ENG","playtime":2862,"items_purged":["Defend_R","Strike_R","Strike_R","Defend_R","ReplayTheSpireMod:LeadingStrike","Strike_R"],"score":1069,"play_id":"962cafe3-652d-4442-9de0-a4fe2a19dc93","local_time":"20210113004147","is_ascension_mode":true,"campfire_choices":[{"floor":6,"key":"RECALL"},{"data":"1","floor":8,"key":"LIFT"},{"floor":15,"key":"REST"},{"data":"2","floor":23,"key":"LIFT"},{"floor":32,"key":"REST"},{"data":"3","floor":41,"key":"LIFT"},{"floor":49,"key":"REST"},{"data":"Replay:SS_forest_5","floor":52,"key":"SMITH"}],"circlet_count":0,"master_deck":["Strike_R","Strike_R","Defend_R","Defend_R","Bash+1","Pommel Strike","ReplayTheSpireMod:Stacked+1","Inflame+1","Blind","Armaments","Barricade+1","Life Link","Whirlwind+1","Iron Wave+1","Anger+1","Replay:SS_hec_1","Sentinel","Replay:Undeath\u0027s Touch+1","Replay:Many Hands+1","Fiend Fire+1","Thunderclap+1","Replay:SS_forest_5+1","Massacre+1","Combust","Shrug It Off","Iron Wave+1","Replay:Undeath\u0027s Touch+1","Metallicize","Demon Form","Apotheosis","Body Slam+1","Swift Strike+1","Intimidate","Body Slam+1","Massacre+1","Demon Form","Whirlwind+1","Rampage+1","Metallicize","expansioncontent:DefensiveStance","Anger+1","Body Slam+1","Anger+1","expansioncontent:PolyBeam+1","Pot Of Greed","Pot Of Greed","Pot Of Greed","Pot Of Greed"],"relics":["Black Blood","Replay:Mystery Machine","Boot","Chemical X","Girya","Molten Egg 2","Vajra","Anchor","Bag of Marbles","MealTicket","Replay:Baseball","Dream Catcher","OrangePellets","Philosopher\u0027s Stone","Ancient Tea Set","Guide Book","Meat on the Bone","Oddly Smooth Stone","Potion Belt","Bronze Scales","Brimstone","PreservedInsect","Strawberry","ReplayTheSpireMod:Spearhead","Strange Spoon","Bottled Tornado","Sundial","CaptainsWheel","Pear","Lee\u0027s Waffle","Grinning Jar"],"acts_visited":["Exordium","TheCity","TheBeyond","TheEnding"],"potions_floor_usage":[7,16,27,31,31,33,44,50,50,50,50,55,55,55,55,55],"damage_taken":[{"damage":17,"enemies":"2 Louse","floor":1,"turns":3},{"damage":0,"enemies":"Cultist","floor":4,"turns":3},{"damage":0,"enemies":"Jaw Worm","floor":5,"turns":3},{"damage":35,"enemies":"Gremlin Nob","floor":7,"turns":6},{"damage":0,"enemies":"Red Slaver","floor":11,"turns":2},{"damage":18,"enemies":"Lagavulin","floor":13,"turns":5},{"damage":12,"enemies":"The Guardian","floor":16,"turns":7},{"damage":0,"enemies":"Chosen","floor":18,"turns":2},{"damage":6,"enemies":"Shell Parasite","floor":21,"turns":2},{"damage":4,"enemies":"Chosen and Byrds","floor":22,"turns":2},{"damage":0,"enemies":"Snake Plant","floor":24,"turns":1},{"damage":39,"enemies":"Replay:Snechameleon","floor":25,"turns":2},{"damage":0,"enemies":"Gremlin Leader","floor":27,"turns":2},{"damage":33,"enemies":"Centurion and Healer","floor":28,"turns":4},{"damage":0,"enemies":"Replay:Snechameleon","floor":30,"turns":1},{"damage":4,"enemies":"Chosen and Byrds","floor":31,"turns":2},{"damage":23,"enemies":"Automaton","floor":33,"turns":5},{"damage":3,"enemies":"Orb Walker","floor":35,"turns":2},{"damage":11,"enemies":"3 Darklings","floor":36,"turns":2},{"damage":33,"enemies":"Writhing Mass","floor":39,"turns":4},{"damage":0,"enemies":"Giant Head","floor":40,"turns":4},{"damage":0,"enemies":"Transient","floor":42,"turns":5},{"damage":49,"enemies":"Jaw Worm Horde","floor":44,"turns":3},{"damage":26,"enemies":"Writhing Mass","floor":45,"turns":3},{"damage":32,"enemies":"Spire Growth","floor":47,"turns":4},{"damage":0,"enemies":"Maw","floor":48,"turns":2},{"damage":61,"enemies":"Awakened One","floor":50,"turns":8},{"damage":20,"enemies":"Shield and Spear","floor":54,"turns":2},{"damage":100,"enemies":"The Heart","floor":55,"turns":5}],"seed_played":"-6131491551225411046","potions_obtained":[{"floor":3,"key":"CultistPotion"},{"floor":3,"key":"EssenceOfSteel"},{"floor":3,"key":"Ancient Potion"},{"floor":27,"key":"LiquidBronze"},{"floor":31,"key":"Block Potion"},{"floor":33,"key":"Ancient Potion"},{"floor":39,"key":"Reflective Coating"},{"floor":42,"key":"Milkshake"},{"floor":44,"key":"BlessingOfTheForge"},{"floor":45,"key":"Fire Potion"},{"floor":54,"key":"DistilledChaos"}],"is_trial":false,"path_per_floor":["M","$","?","M","M","R","E","R","T","$","M","$","E","$","R","B",null,"M","?","$","M","M","R","M","E","T","E","M","$","E","M","R","B",null,"M","M","$","?","M","E","R","M","T","M","M","?","M","M","R","B",null,"R","$","E","B"],"character_chosen":"IRONCLAD","items_purchased":["Replay:Mystery Machine","Boot","Chemical X","ReplayTheSpireMod:Stacked","Inflame","Blind","Vajra","Anchor","Life Link","Whirlwind+1","Iron Wave+1","Bag of Marbles","Replay:SS_hec_1","Sentinel","Replay:Undeath\u0027s Touch+1","Replay:Baseball","Dream Catcher","OrangePellets","Flashbang","Ancient Tea Set","Guide Book","Replay:SS_forest_5","Massacre+1","Combust","Potion Belt","Bronze Scales","Brimstone","Demon Form","Apotheosis","Body Slam+1","Swift Strike+1","Intimidate","Strawberry","ReplayTheSpireMod:Spearhead","Strange Spoon","Metallicize","expansioncontent:DefensiveStance","BloodPotion","Weak Potion","CaptainsWheel","Pear","Lee\u0027s Waffle","expansioncontent:PolyBeam+1","AttackPotion","hexamod:EctoCoolerPotion","FearPotion"],"campfire_rested":3,"item_purchase_floors":[2,2,2,2,2,2,10,10,10,10,10,12,12,12,12,14,14,14,14,20,20,20,20,20,29,29,29,29,29,29,29,29,37,37,37,37,37,37,37,53,53,53,53,53,53,53],"current_hp_per_floor":[69,69,69,75,80,80,51,51,51,51,57,57,45,60,80,74,80,80,80,80,80,80,80,80,47,47,53,38,53,59,61,80,63,80,80,80,87,87,66,78,78,87,87,62,60,60,52,64,87,67,87,87,104,96,0,0],"gold":45396,"neow_bonus":"UPGRADE_CARD","is_daily":false,"chose_seed":false,"campfire_upgraded":1,"win_rate":0.0,"timestamp":1610516507,"path_taken":["M","$","?","?","M","R","E","R","T","$","M","$","E","?","R","BOSS","M","?","$","?","M","R","M","E","T","E","M","$","E","M","R","BOSS","M","M","$","?","M","E","R","?","T","M","?","?","M","?","R","BOSS","R","$","E","BOSS"],"items_purchased_type":["Relic","Relic","Relic","Card","Card","Card","Relic","Relic","Card","Card","Card","Relic","Card","Card","Card","Relic","Relic","Relic","Potion","Relic","Relic","Card","Card","Card","Relic","Relic","Relic","Card","Card","Card","Card","Card","Relic","Relic","Relic","Card","Card","Potion","Potion","Relic","Relic","Relic","Card","Potion","Potion","Potion"],"build_version":"2020-12-22","purchased_purges":6,"victory":false,"max_hp_per_floor":[80,80,80,80,80,80,80,80,80,80,80,80,80,80,80,80,80,80,80,80,80,80,80,80,80,80,80,80,80,80,80,80,80,80,80,80,87,87,87,87,87,87,87,87,87,87,87,87,87,87,87,87,104,104,104,104],"card_choices":[{"not_picked":["Thunderclap","Flex"],"picked":"Pommel Strike","floor":1},{"not_picked":["Cleave","Wild Strike"],"picked":"ReplayTheSpireMod:LeadingStrike","floor":4},{"not_picked":["Warcry","Cleave"],"picked":"Armaments","floor":5},{"not_picked":["Shrug It Off","Run Through"],"picked":"Barricade","floor":7},{"not_picked":["Sword Boomerang+1","Run Through+1"],"picked":"Anger+1","floor":11},{"not_picked":["Sever Soul+1","Spot Weakness","Run Through+1"],"picked":"SKIP","floor":13},{"not_picked":["Clothesline+1","ReplayReversal"],"picked":"Replay:Many Hands","floor":15},{"not_picked":["Brutality","Berserk"],"picked":"Fiend Fire+1","floor":16},{"not_picked":["Burning Pact","Warcry"],"picked":"Thunderclap+1","floor":18},{"not_picked":["Cleave+1","Blood for Blood+1"],"picked":"Shrug It Off","floor":21},{"not_picked":["Eclipse","Shockwave"],"picked":"Iron Wave+1","floor":22},{"not_picked":["Headbutt+1","Sentinel+1"],"picked":"Replay:Undeath\u0027s Touch+1","floor":24},{"not_picked":["Reaper+1","Clothesline+1"],"picked":"Metallicize","floor":25},{"not_picked":["Sword Boomerang+1","Defy Death+1","Sentinel"],"picked":"SKIP","floor":27},{"not_picked":["Run Through+1","Clothesline+1","Warcry+1"],"picked":"SKIP","floor":28},{"not_picked":["Blood for Blood+1","Clash+1","Havoc"],"picked":"SKIP","floor":30},{"not_picked":["Flex","Offering"],"picked":"Body Slam+1","floor":31},{"not_picked":["Warcry+1","Thunderclap+1"],"picked":"Massacre+1","floor":32},{"not_picked":["Double Tap","Fiend Fire+1"],"picked":"Demon Form","floor":33},{"not_picked":["Clash+1","Clothesline+1"],"picked":"Whirlwind+1","floor":35},{"not_picked":["Carnage+1","ReplayTheSpireMod:Strike From Hell+1"],"picked":"Rampage+1","floor":36},{"not_picked":["Shrug It Off","Defy Death","Burning Pact+1"],"picked":"SKIP","floor":39},{"not_picked":["Run Through+1","Juggernaut"],"picked":"Anger+1","floor":40},{"not_picked":["Twin Strike+1","Whirlwind+1","Havoc+1"],"picked":"SKIP","floor":42},{"not_picked":["ReplayTheSpireMod:LeadingStrike+1","Perfected Strike+1","True Grit"],"picked":"SKIP","floor":44},{"not_picked":["Cleave+1","Armaments"],"picked":"Body Slam+1","floor":45},{"not_picked":["Thunderclap+1","Iron Wave+1","Spot Weakness+1"],"picked":"SKIP","floor":47},{"not_picked":["Cleave+1","ReplayTheSpireMod:Strike From Hell+1"],"picked":"Anger+1","floor":48},{"not_picked":["Headbutt+1","Wild Strike+1","Pommel Strike+1"],"picked":"SKIP","floor":54}],"player_experience":107733,"relics_obtained":[{"floor":7,"key":"Girya"},{"floor":9,"key":"Molten Egg 2"},{"floor":13,"key":"MealTicket"},{"floor":25,"key":"Meat on the Bone"},{"floor":27,"key":"Oddly Smooth Stone"},{"floor":30,"key":"PreservedInsect"},{"floor":40,"key":"Bottled Tornado"},{"floor":43,"key":"Sundial"},{"floor":54,"key":"Grinning Jar"}],"event_choices":[{"damage_healed":0,"gold_gain":0,"player_choice":"Got Potions","damage_taken":0,"max_hp_gain":0,"max_hp_loss":0,"event_name":"Lab","floor":3,"gold_loss":0},{"damage_healed":0,"gold_gain":0,"player_choice":"Upgraded Two","damage_taken":0,"max_hp_gain":0,"max_hp_loss":0,"event_name":"Designer","floor":19,"gold_loss":40,"cards_upgraded":["Barricade","ReplayTheSpireMod:Stacked"]},{"damage_healed":0,"gold_gain":100,"player_choice":"Pray","damage_taken":0,"max_hp_gain":0,"max_hp_loss":0,"event_name":"Golden Shrine","floor":38,"gold_loss":0},{"damage_healed":0,"gold_gain":0,"player_choice":"Bought 0 Potions","damage_taken":0,"max_hp_gain":0,"max_hp_loss":0,"event_name":"The Woman in Blue","floor":46,"gold_loss":0}],"is_beta":false,"boss_relics":[{"not_picked":["Snecko Eye","SacredBark"],"picked":"Philosopher\u0027s Stone"},{"not_picked":["Kintsugi","Astrolabe"],"picked":"Black Blood"}],"items_purged_floors":[2,10,12,14,29,37],"is_endless":false,"potions_floor_spawned":[4,5,27,30,31,33,39,42,44,45,47,54],"killed_by":"The Heart","ascension_level":3}}