{"host":"oehe2dxjvdgux73m","time":1610520301,"event":{"mods":["AchievementEnabler","BaseMod","Colored Map","Colored Powertips","DeckTracker","Keyboard Shortcuts","Minty Spire (QoL Compilation)","Permanent Neow","Quick Restart","StSLib","SuperFastMode"],"gold_per_floor":[111,71,82,99,110,110,141,156,182,182,217,17,34,65,77,89,89],"floor_reached":16,"language":"KOR","playtime":437,"items_purged":[],"score":198,"play_id":"22ce5686-12b9-4f5a-b963-6142a4c0e8fd","local_time":"20210113154501","is_ascension_mode":true,"campfire_choices":[{"data":"Immolate","floor":6.0,"key":"SMITH"},{"data":"Pommel Strike","floor":10.0,"key":"SMITH"},{"data":"Body Slam","floor":15.0,"key":"SMITH"}],"circlet_count":0,"master_deck":["Strike_R","Strike_R","Strike_R","Strike_R","Strike_R","Defend_R","Defend_R","Defend_R","Defend_R","Bash","Immolate+1","Pommel Strike+1","Power Through","Wild Strike","Armaments","Dark Embrace","Body Slam+1","Shrug It Off","Exhume","Seeing Red"],"relics":["Burning Blood","Pear","Ancient Tea Set","Potion Belt","Nunchaku","MawBank"],"acts_visited":["Exordium"],"potions_floor_usage":[16,16,16],"damage_taken":[{"damage":1.0,"enemies":"Cultist","floor":1.0,"turns":3.0},{"damage":7.0,"enemies":"Small Slimes","floor":3.0,"turns":3.0},{"damage":7.0,"enemies":"Jaw Worm","floor":4.0,"turns":4.0},{"damage":7.0,"enemies":"Exordium Wildlife","floor":5.0,"turns":4.0},{"damage":16.0,"enemies":"Gremlin Nob","floor":7.0,"turns":5.0},{"damage":13.0,"enemies":"Red Slaver","floor":8.0,"turns":3.0},{"damage":10.0,"enemies":"3 Sentries","floor":11.0,"turns":4.0},{"damage":8.0,"enemies":"Blue Slaver","floor":13.0,"turns":3.0},{"damage":0.0,"enemies":"Gremlin Nob","floor":14.0,"turns":2.0},{"damage":50,"enemies":"Hexaghost","floor":16,"turns":9}],"seed_played":"-2964803792769207285","potions_obtained":[{"floor":1.0,"key":"EssenceOfSteel"},{"floor":2.0,"key":"EntropicBrew"},{"floor":2.0,"key":"EssenceOfSteel"},{"floor":13.0,"key":"LiquidBronze"}],"is_trial":false,"path_per_floor":["M","?","M","M","M","R","E","M","T","R","E","$","M","E","R","B"],"character_chosen":"IRONCLAD","items_purchased":["Shrug It Off","Nunchaku"],"campfire_rested":0,"item_purchase_floors":[12,12],"current_hp_per_floor":[56,56,55,54,53,53,53,46,46,46,42,42,40,46,46,0,0],"gold":89,"neow_bonus":"THREE_RARE_CARDS","is_daily":false,"chose_seed":false,"campfire_upgraded":3,"win_rate":0.0,"timestamp":1610520301,"path_taken":["M","?","M","M","M","R","E","?","T","R","E","$","M","E","R","BOSS"],"items_purchased_type":["Card","Relic"],"build_version":"2020-12-22","purchased_purges":0,"victory":false,"max_hp_per_floor":[80,80,80,80,80,80,90,90,90,90,90,90,90,90,90,90,90],"card_choices":[{"not_picked":["Juggernaut","Exhume"],"picked":"Immolate","floor":0.0},{"not_picked":["Inflame","Dual Wield"],"picked":"Pommel Strike","floor":1.0},{"not_picked":["True Grit","Clothesline"],"picked":"Power Through","floor":3.0},{"not_picked":["Pommel Strike","Headbutt"],"picked":"Wild Strike","floor":4.0},{"not_picked":["Reckless Charge","Bloodletting"],"picked":"Armaments","floor":5.0},{"not_picked":["Wild Strike","Reckless Charge"],"picked":"Dark Embrace","floor":7.0},{"not_picked":["Anger","Headbutt","Sword Boomerang"],"picked":"SKIP","floor":8.0},{"not_picked":["Armaments","Dark Embrace"],"picked":"Body Slam","floor":11.0},{"not_picked":["Rupture","Ghostly Armor"],"picked":"Exhume","floor":13.0},{"not_picked":["Power Through","Hemokinesis"],"picked":"Seeing Red","floor":14.0}],"player_experience":147067,"relics_obtained":[{"floor":7.0,"key":"Pear"},{"floor":9.0,"key":"Ancient Tea Set"},{"floor":11.0,"key":"Potion Belt"},{"floor":14.0,"key":"MawBank"}],"event_choices":[{"damage_healed":0.0,"max_hp_gain":0.0,"max_hp_loss":0.0,"gold_gain":0.0,"event_name":"The Woman in Blue","player_choice":"Bought 3 Potions","floor":2.0,"gold_loss":0.0,"damage_taken":0.0}],"is_beta":false,"boss_relics":[],"items_purged_floors":[],"is_endless":false,"potions_floor_spawned":[1,3,5,13],"killed_by":"Hexaghost","ascension_level":7}}