{"host":"grli52lbdph2722t","time":1610546739,"event":{"mods":["AchievementEnabler","BaseMod","Downfall","Minty Spire (QoL Compilation)","Quick Restart","StSLib"],"gold_per_floor":[99,117,129,129,34,53,53,53,80,80,115,130,30,60,77,181,181,181,201,301,316,326,326,326,326],"floor_reached":23,"language":"ENG","playtime":931,"items_purged":[],"score":291,"play_id":"6ea5a947-b8a2-418b-bdbf-9a69e7bb0db8","local_time":"20210113150539","is_ascension_mode":true,"campfire_choices":[{"data":"Guardian:TwinSlam","floor":1,"key":"SMITH"},{"data":"Guardian:FierceBash","floor":8,"key":"SMITH"},{"data":"Guardian:WalkerClaw","floor":10,"key":"SMITH"},{"floor":13,"key":"REST"},{"data":"Guardian:FierceBash","floor":18,"key":"SMITH"}],"circlet_count":0,"master_deck":["Guardian:Strike_Guardian","Guardian:Strike_Guardian","Guardian:Strike_Guardian","Guardian:Defend_Guardian","Guardian:Defend_Guardian","Guardian:Defend_Guardian","Guardian:Defend_Guardian","Guardian:CurlUp","Guardian:TwinSlam+1","Guardian:Harden","Guardian:WalkerClaw+1","Guardian:TimeCapacitor","Guardian:FierceBash+1","Guardian:Repulse","Guardian:TimeBomb","Guardian:ArmoredProtocol","Guardian:Orbwalk","Guardian:Suspension","Guardian:FierceBash+1","Guardian:TemporalShield","Guardian:Incinerate+1","Guardian:Gem_White"],"relics":["Velvet Choker","White Beast Statue","MealTicket","Tiny Chest","downfall:HeartBlessingGreen","Boot","Sozu","Potion Belt"],"acts_visited":["Exordium","TheCity"],"potions_floor_usage":[14,16,16,16,23],"damage_taken":[{"damage":5,"enemies":"Small Slimes","floor":2,"turns":4},{"damage":1,"enemies":"Cultist","floor":3,"turns":4},{"damage":5,"enemies":"downfall:FleeingMerchant","floor":5,"turns":4},{"damage":12,"enemies":"Jaw Worm","floor":6,"turns":3},{"damage":24,"enemies":"Gremlin Nob","floor":11,"turns":4},{"damage":8,"enemies":"Red Slaver","floor":12,"turns":3},{"damage":19,"enemies":"3 Sentries","floor":14,"turns":7},{"damage":0,"enemies":"2 Fungi Beasts","floor":15,"turns":4},{"damage":16,"enemies":"ArchetypeAct1Statuses","floor":16,"turns":10},{"damage":6,"enemies":"Chosen","floor":19,"turns":5},{"damage":18,"enemies":"downfall:LadyInBlue","floor":20,"turns":9},{"damage":14,"enemies":"Shell Parasite","floor":21,"turns":6},{"damage":10,"enemies":"Snecko","floor":22,"turns":4},{"damage":17,"enemies":"Book of Stabbing","floor":23,"turns":4}],"seed_played":"7204632303638483946","potions_obtained":[{"floor":2,"key":"Weak Potion"},{"floor":6,"key":"Guardian:BlockOnCardUsePotion"},{"floor":11,"key":"SkillPotion"},{"floor":14,"key":"GamblersBrew"},{"floor":15,"key":"DistilledChaos"},{"floor":16,"key":"Block Potion"}],"is_trial":false,"path_per_floor":["R","M","M","?","$","M","T","R","T","R","E","M","R","E","M","B",null,"R","M","?","M","M","E"],"character_chosen":"GUARDIAN","items_purchased":["Guardian:FierceBash"],"campfire_rested":1,"item_purchase_floors":[5],"current_hp_per_floor":[72,67,66,66,61,49,49,49,49,49,25,17,41,22,22,6,62,62,56,38,24,14,0,0,0],"gold":326,"neow_bonus":"BOSS_RELIC","is_daily":false,"chose_seed":false,"campfire_upgraded":4,"win_rate":0.0,"timestamp":1610546739,"path_taken":["R","M","M","?","$","?","T","R","?","R","E","M","R","E","M","BOSS","R","M","?","M","M","E"],"items_purchased_type":["Card"],"build_version":"2020-12-22","purchased_purges":0,"victory":false,"max_hp_per_floor":[80,80,80,80,80,80,80,80,80,80,80,80,80,80,80,80,80,80,80,80,80,80,80,80,80],"card_choices":[{"not_picked":["Guardian:Incinerate","Guardian:Gem_Green"],"picked":"Guardian:Harden","floor":2},{"not_picked":["Guardian:Reroute","Guardian:Gem_Green"],"picked":"Guardian:WalkerClaw","floor":3},{"not_picked":["Guardian:VentSteam","Guardian:PrismaticBarrier"],"picked":"Guardian:TimeCapacitor","floor":5},{"not_picked":["Guardian:SentryBeam","Guardian:Gem_Cyan"],"picked":"Guardian:Repulse","floor":6},{"not_picked":["Guardian:TemporalStrike","Guardian:CompilePackage"],"picked":"Guardian:TimeBomb","floor":11},{"not_picked":["Guardian:TemporalStrike","Guardian:TemporalShield"],"picked":"Guardian:ArmoredProtocol","floor":12},{"not_picked":["Guardian:PrimingBeam","Guardian:CrystalBeam"],"picked":"Guardian:Orbwalk","floor":14},{"not_picked":["Guardian:Incinerate","Guardian:Gem_Red"],"picked":"Guardian:Suspension","floor":15},{"not_picked":["Guardian:StasisStrike","Guardian:GemFinder"],"picked":"Guardian:FierceBash","floor":16},{"not_picked":["Guardian:Gem_Lightblue","Guardian:CrystalBeam"],"picked":"Guardian:TemporalShield","floor":19},{"not_picked":["Guardian:Recover+1","Guardian:Gem_Green"],"picked":"Guardian:Incinerate+1","floor":20},{"not_picked":["Guardian:TimeBomb","Guardian:Gem_Lightblue"],"picked":"Guardian:Gem_White","floor":21},{"not_picked":["Guardian:PiercingHide","Guardian:VentSteam+1","Guardian:TemporalStrike"],"picked":"SKIP","floor":22}],"player_experience":4977586,"relics_obtained":[{"floor":7,"key":"White Beast Statue"},{"floor":9,"key":"MealTicket"},{"floor":11,"key":"Tiny Chest"},{"floor":14,"key":"Boot"},{"floor":20,"key":"Potion Belt"}],"event_choices":[{"cards_removed":["Guardian:Strike_Guardian"],"damage_healed":0,"gold_gain":0,"player_choice":"Offered Basic","damage_taken":0,"max_hp_gain":0,"max_hp_loss":0,"event_name":"Bonfire Elementals","floor":4,"gold_loss":0}],"is_beta":false,"boss_relics":[{"not_picked":["Cursed Key","Black Star"],"picked":"Sozu"}],"items_purged_floors":[],"is_endless":false,"potions_floor_spawned":[2,6,11,12,14,15,16,19,20,21,22],"killed_by":"Book of Stabbing","ascension_level":9}}