{"host":"3sy7znbn119ou4bz","time":1610569807,"event":{"mods":["Arknights The Spire","Bard","BaseMod","BetterRewards","CapriCore","Dio Mod","Energized Spire","Hermit","HexUI Lib","Hubris","Infinite Spire","JesterMod","KinomotoSakuraMod(????)","Minty Spire (QoL Compilation)","Railgun Mod","Remilia_Scarlet Moed?????·?????3.3.5","Replay The Spire","Shop Mod","StSLib","The Construct","The Exalted","The Fake Hero","The Immortal","The Kombatant","TheHero","TheSwordswoman","vexMod"],"gold_per_floor":[115,115,5,22,39,39,67,84,84,99,99,128,20,45,45,163,163,197,197,223,231,231,231],"floor_reached":21,"language":"ENG","playtime":2979,"items_purged":["luka_mod:Surrender"],"score":183,"play_id":"35cb4da5-519c-4b2f-85b3-2cea66d12720","local_time":"20210113153007","is_ascension_mode":false,"campfire_choices":[{"data":"MokouMod:InfernalWave","floor":6,"key":"SMITH"},{"data":"MokouMod:BurningDraft","floor":11,"key":"SMITH"},{"floor":15,"key":"REST"}],"circlet_count":0,"master_deck":["MokouMod:Strike","MokouMod:Strike","MokouMod:Strike","MokouMod:Strike","MokouMod:Strike","MokouMod:Defend","MokouMod:Defend","MokouMod:Defend","MokouMod:Defend","MokouMod:HeatSpark","MokouMod:ResoluteFlare","MokouMod:SearingBlow+3","MokouMod:ScorchedEarth","MokouMod:DanceofFlames","MokouMod:InfernalWave+1","MokouMod:PhoenixForm","MokouMod:HeatCyclone","MokouMod:BurningDraft+1","MokouMod:Afterburner","MokouMod:ResonanceReactor","MokouMod:BurningDraft","MokouMod:Rebirth","MokouMod:Fireball+1"],"relics":["MokouMod:PhoenixFeather","Bromod:ArcanePistoleer","infinitespire:Midas Blood","Replay:Bronze Core","infinitespire:BottledMercury"],"acts_visited":["Exordium","TheCity"],"potions_floor_usage":[16,16,21,21],"damage_taken":[{"damage":5,"enemies":"Jaw Worm","floor":1,"turns":4},{"damage":1,"enemies":"Cultist","floor":4,"turns":3},{"damage":5,"enemies":"2 Louse","floor":5,"turns":3},{"damage":29,"enemies":"3 Sentries","floor":7,"turns":8},{"damage":17,"enemies":"Lots of Slimes","floor":8,"turns":5},{"damage":6,"enemies":"Large Slime","floor":10,"turns":7},{"damage":21,"enemies":"Exordium Wildlife","floor":12,"turns":6},{"damage":18,"enemies":"Red Slaver","floor":14,"turns":6},{"damage":74,"enemies":"Fading Forest","floor":16,"turns":11},{"damage":48,"enemies":"Spheric Guardian","floor":18,"turns":8},{"damage":20,"enemies":"Chosen","floor":20,"turns":7},{"damage":20,"enemies":"Shelled Parasite and Fungi","floor":21,"turns":3}],"seed_played":"-7586125327426624115","potions_obtained":[{"floor":5,"key":"SmokeBomb"},{"floor":7,"key":"Elixir"},{"floor":12,"key":"SkillPotion"},{"floor":14,"key":"Fire Potion"},{"floor":16,"key":"Ancient Potion"},{"floor":20,"key":"Adrenaline Potion"}],"is_trial":false,"path_per_floor":["M","?","$","M","M","R","E","M","T","M","R","M","$","M","R","B",null,"M","T","M","M"],"character_chosen":"MKU","items_purchased":["MokouMod:ScorchedEarth","MokouMod:Afterburner","MokouMod:ResonanceReactor"],"campfire_rested":1,"item_purchase_floors":[3,13,13],"current_hp_per_floor":[77,77,77,76,71,71,42,25,25,19,19,20,20,2,26,20,82,34,34,14,0,0,0],"gold":231,"neow_bonus":"TEN_PERCENT_HP_BONUS","is_daily":false,"chose_seed":false,"campfire_upgraded":2,"win_rate":0.0,"timestamp":1610569807,"path_taken":["M","?","$","M","M","R","E","M","T","M","R","M","$","M","R","BOSS","M","?","M","?"],"items_purchased_type":["Card","Card","Card"],"build_version":"2020-12-22","purchased_purges":1,"victory":false,"max_hp_per_floor":[82,82,82,82,82,82,82,82,82,82,82,82,82,82,82,82,82,82,82,82,82,82,82],"card_choices":[{"not_picked":["MokouMod:HeatFactory","MokouMod:ShiftIgnition"],"picked":"MokouMod:ResoluteFlare","floor":1},{"not_picked":["MokouMod:FujiyamaVolcano","MokouMod:EternalBurstReactor"],"picked":"MokouMod:DanceofFlames","floor":4},{"not_picked":["MokouMod:Afterburner","MokouMod:Firecracker"],"picked":"MokouMod:InfernalWave","floor":5},{"not_picked":["MokouMod:IgnitionBarrier","MokouMod:PhoenixFeathers"],"picked":"MokouMod:PhoenixForm","floor":7},{"not_picked":["MokouMod:FlickeringFlame","MokouMod:Stoke"],"picked":"MokouMod:HeatCyclone","floor":8},{"not_picked":["MokouMod:UncontrollableSolarReaction","MokouMod:SearingShot"],"picked":"MokouMod:BurningDraft","floor":10},{"not_picked":["MokouMod:ResoluteFlare","MokouMod:Ember","MokouMod:BurningDraft"],"picked":"SKIP","floor":12},{"not_picked":["MokouMod:InfernalWave","MokouMod:DanceofFlames"],"picked":"MokouMod:BurningDraft","floor":14},{"not_picked":["MokouMod:SpontaneousHumanCombustion","MokouMod:ResonatingAura"],"picked":"MokouMod:Rebirth","floor":16},{"not_picked":["MokouMod:Singe+1","MokouMod:Combust+1"],"picked":"MokouMod:Fireball+1","floor":18},{"not_picked":["MokouMod:SearingShot","MokouMod:IgnitionBarrier","MokouMod:HeatTransfer"],"picked":"SKIP","floor":20}],"player_experience":23338,"relics_obtained":[{"floor":7,"key":"Bromod:ArcanePistoleer"},{"floor":9,"key":"infinitespire:Midas Blood"},{"floor":19,"key":"infinitespire:BottledMercury"}],"event_choices":[{"damage_healed":0,"gold_gain":0,"player_choice":"2 cards matched","damage_taken":0,"max_hp_gain":0,"max_hp_loss":0,"event_name":"Match and Keep!","floor":2,"gold_loss":0,"cards_obtained":["luka_mod:Surrender","MokouMod:SearingBlow"]}],"is_beta":false,"boss_relics":[{"not_picked":["vexMod:TanglingVine","Empty Cage"],"picked":"Replay:Bronze Core"}],"items_purged_floors":[3],"is_endless":false,"potions_floor_spawned":[5,7,12,14,16,20],"killed_by":"Shelled Parasite and Fungi","ascension_level":0}}