{"host":"bq4pt811tk9yrmjl","time":1610556130,"event":{"mods":["AchievementEnabler","BaseMod","Colored Map","Colored Powertips","Defuse TimeMaze Blight","Hermit","Minty Spire (QoL Compilation)","StSLib","SuperFastMode"],"gold_per_floor":[116,116,291,241,241,241,284,284,284,327,340,383,91,112,112,112,112],"floor_reached":16,"language":"ENG","playtime":248,"items_purged":[],"score":174,"play_id":"0940740d-6abf-40b3-8308-bc12072a6431","local_time":"20210113144210","is_ascension_mode":true,"campfire_choices":[{"data":"hermit:Snapshot","floor":6.0,"key":"SMITH"},{"data":"hermit:Covet","floor":8.0,"key":"SMITH"},{"data":"1","floor":15,"key":"LIFT"}],"circlet_count":0,"master_deck":["hermit:Strike_Hermit","hermit:Strike_Hermit","hermit:Strike_Hermit","hermit:Strike_Hermit","hermit:Defend_Hermit","hermit:Defend_Hermit","hermit:Defend_Hermit","hermit:Defend_Hermit","hermit:Snapshot+1","hermit:Covet+1","Injury","Regret","hermit:TrackingShot","hermit:FlashPowder","hermit:LowProfile+1","hermit:TakeCover+1"],"relics":["hermit:Momento","NeowsBlessing","Golden Idol","Incense Burner","Smiling Mask","Mercury Hourglass","Toxic Egg 2","Girya"],"acts_visited":["Exordium"],"potions_floor_usage":[12],"damage_taken":[{"damage":5.0,"enemies":"2 Louse","floor":1.0,"turns":2.0},{"damage":0.0,"enemies":"Lagavulin","floor":7.0,"turns":1.0},{"damage":0.0,"enemies":"3 Sentries","floor":10.0,"turns":1.0},{"damage":6.0,"enemies":"Jaw Worm","floor":11.0,"turns":2.0},{"damage":13,"enemies":"Lagavulin","floor":12,"turns":5},{"damage":3,"enemies":"Small Slimes","floor":14,"turns":4},{"damage":47,"enemies":"Slime Boss","floor":16,"turns":13}],"seed_played":"744610005937052860","potions_obtained":[{"floor":1.0,"key":"AttackPotion"},{"floor":10.0,"key":"ColorlessPotion"}],"is_trial":false,"path_per_floor":["M","?","?","?","?","R","E","R","T","E","M","E","$","M","R","B"],"character_chosen":"HERMIT","items_purchased":["Girya"],"campfire_rested":0,"item_purchase_floors":[13],"current_hp_per_floor":[70,70,70,70,70,70,70,70,70,70,64,51,51,48,48,1,1],"gold":112,"neow_bonus":"THREE_ENEMY_KILL","is_daily":false,"chose_seed":false,"campfire_upgraded":2,"win_rate":0.0,"timestamp":1610556130,"path_taken":["M","?","?","?","?","R","E","R","T","E","M","E","$","?","R","BOSS"],"items_purchased_type":["Relic"],"build_version":"2020-12-22","purchased_purges":0,"victory":false,"max_hp_per_floor":[75,75,75,75,75,75,75,75,75,75,75,75,75,75,75,75,75],"card_choices":[{"not_picked":["hermit:Horror","hermit:LuckOfTheDraw","hermit:Midnight"],"picked":"SKIP","floor":1.0},{"not_picked":["hermit:WideOpen","hermit:ItchyTrigger","hermit:ShadowCloak"],"picked":"SKIP","floor":7.0},{"not_picked":["hermit:NoHoldsBarred","hermit:Roulette"],"picked":"hermit:TrackingShot","floor":10.0},{"not_picked":["hermit:Manifest","hermit:Dive"],"picked":"hermit:FlashPowder","floor":11.0},{"not_picked":["hermit:Malice","hermit:Roulette"],"picked":"hermit:LowProfile+1","floor":12},{"not_picked":["hermit:Manifest+1","hermit:FullyLoaded+1"],"picked":"hermit:TakeCover+1","floor":14}],"player_experience":158502,"relics_obtained":[{"floor":7.0,"key":"Smiling Mask"},{"floor":10.0,"key":"Mercury Hourglass"},{"floor":12,"key":"Toxic Egg 2"}],"event_choices":[{"damage_healed":0.0,"max_hp_gain":0.0,"max_hp_loss":0.0,"gold_gain":0.0,"event_name":"Golden Idol","player_choice":"Take Wound","floor":2.0,"gold_loss":0.0,"damage_taken":0.0,"relics_obtained":["Golden Idol"],"cards_obtained":["Injury"]},{"damage_healed":0.0,"max_hp_gain":0.0,"max_hp_loss":0.0,"gold_gain":175.0,"event_name":"Liars Game","player_choice":"AGREE","floor":3.0,"gold_loss":0.0,"damage_taken":0.0,"cards_obtained":["Doubt"]},{"cards_removed":["Doubt"],"damage_healed":0.0,"max_hp_gain":0.0,"max_hp_loss":0.0,"gold_gain":0.0,"event_name":"The Cleric","player_choice":"Card Removal","floor":4.0,"gold_loss":50.0,"damage_taken":0.0},{"damage_healed":0.0,"max_hp_gain":0.0,"max_hp_loss":0.0,"gold_gain":0.0,"event_name":"Big Fish","player_choice":"Box","floor":5.0,"gold_loss":0.0,"damage_taken":0.0,"relics_obtained":["Incense Burner"],"cards_obtained":["Regret"]}],"is_beta":false,"boss_relics":[],"items_purged_floors":[],"is_endless":false,"potions_floor_spawned":[1,10],"killed_by":"Slime Boss","ascension_level":1}}