{"host":"6jrnojxwearbrjzo","time":1610559591,"event":{"mods":["BaseMod","Colored Map","Conspire","Highlight Path","Minty Spire (QoL Compilation)","Quick Restart","Replay The Spire","Shop Mod","Spicy Shops","StSLib","The Servant 0.9.4"],"gold_per_floor":[113,51,51,76,13,13,13,39,39,39,39,39,39,53,53,149,149,162,162,10,25,25,44,44,44,44],"floor_reached":25,"language":"ZHS","playtime":775,"items_purged":["Replay:Hysterical Blindness"],"score":255,"play_id":"facdd71e-271b-4a07-9ed4-27f5e9d23d54","local_time":"20210114013951","is_ascension_mode":true,"campfire_choices":[{"data":"Zap","floor":6,"key":"SMITH"},{"floor":11,"key":"REST"},{"floor":15,"key":"REST"},{"floor":24,"key":"REST"}],"circlet_count":0,"master_deck":["conspire:GhostlyStrike","conspire:GhostlyStrike+1","conspire:GhostlyStrike","conspire:GhostlyStrike","conspire:GhostlyDefend","conspire:GhostlyDefend","conspire:GhostlyDefend","conspire:GhostlyDefend","Zap+1","Dualcast+1","FIFO Queue","Hologram","ReplayTheSpireMod:IOU","All For One+1","Hello World","Chill","Reboot","Writhe","White Noise+1"],"relics":["Cracked Core","ReplayTheSpireMod:CursedCoin","Centennial Puzzle","Replay:Wax Seal","Pantograph","Garlic","Gremlin Food","Quantum Egg","conspire:RunicOctahedron","Bag of Marbles","Eternal Feather"],"acts_visited":["Exordium","TheCity"],"potions_floor_usage":[16,25,25],"damage_taken":[{"damage":7,"enemies":"Small Slimes","floor":1,"turns":3},{"damage":40,"enemies":"Lagavulin","floor":8,"turns":5},{"damage":5,"enemies":"Jaw Worm","floor":14,"turns":2},{"damage":33,"enemies":"Hexaghost","floor":16,"turns":6},{"damage":9,"enemies":"Spheric Guardian","floor":18,"turns":4},{"damage":13,"enemies":"2 Thieves","floor":21,"turns":4},{"damage":48,"enemies":"3 Cultists","floor":23,"turns":5},{"damage":41,"enemies":"Book of Stabbing","floor":25,"turns":6}],"seed_played":"-5055290646368893063","potions_obtained":[{"floor":8,"key":"Strength Potion"},{"floor":18,"key":"BlessingOfTheForge"},{"floor":21,"key":"Elixir"},{"floor":23,"key":"Death Potion"}],"is_trial":false,"path_per_floor":["M","$","?","T","$","R","?","E","T","?","R","T","$","M","R_BF","B",null,"M","?","$","M","?","M","R","E"],"character_chosen":"DEFECT","items_purchased":["ReplayTheSpireMod:CursedCoin","Centennial Puzzle","Hologram","All For One","Bag of Marbles"],"campfire_rested":3,"item_purchase_floors":[2,2,2,5,20],"current_hp_per_floor":[68,68,68,68,68,68,68,28,28,21,43,43,43,38,60,42,75,66,66,66,53,53,5,36,0,0],"gold":44,"neow_bonus":"RANDOM_EVENT","is_daily":false,"chose_seed":false,"campfire_upgraded":1,"win_rate":0.0,"timestamp":1610559591,"path_taken":["M","$","?","?","?","R","?","E","T","?","R","?","$","?","R_BF","BOSS","M","?","$","M","?","?","R","E"],"items_purchased_type":["Relic","Relic","Card","Card","Relic"],"build_version":"2020-12-22","purchased_purges":1,"victory":false,"max_hp_per_floor":[75,75,75,75,75,75,75,75,75,75,75,75,75,75,75,75,75,75,75,75,75,75,75,75,75,75],"card_choices":[{"not_picked":["Sweeping Beam","ReplayTheSpireMod:GoodbyeWorld"],"picked":"FIFO Queue","floor":1},{"not_picked":["Compile Driver","Leap"],"picked":"Hello World","floor":8},{"not_picked":["Static Discharge","Steam"],"picked":"Chill","floor":14},{"not_picked":["ReplayRNGCard","Machine Learning"],"picked":"Reboot","floor":16},{"not_picked":["Leap+1","Sweeping Beam","Rebound"],"picked":"SKIP","floor":18},{"not_picked":["Darkness","Stack","Cold Snap"],"picked":"SKIP","floor":21},{"not_picked":["Leap","BasicCrystalCard+1"],"picked":"White Noise","floor":23}],"player_experience":65040,"relics_obtained":[{"floor":4,"key":"Replay:Wax Seal"},{"floor":8,"key":"Garlic"},{"floor":9,"key":"Gremlin Food"},{"floor":12,"key":"Quantum Egg"}],"event_choices":[{"damage_healed":0,"gold_gain":0,"player_choice":"Grow","damage_taken":0,"max_hp_gain":0,"max_hp_loss":0,"event_name":"Living Wall","floor":0,"gold_loss":0,"cards_upgraded":["Dualcast"]},{"damage_healed":0,"gold_gain":0,"player_choice":"Agree","damage_taken":0,"max_hp_gain":0,"max_hp_loss":0,"event_name":"conspire:LoneGhost","floor":3,"gold_loss":0},{"damage_healed":0,"gold_gain":0,"player_choice":"Box","damage_taken":0,"relics_obtained":["Pantograph"],"max_hp_gain":0,"max_hp_loss":0,"event_name":"Big Fish","floor":7,"gold_loss":0,"cards_obtained":["Regret"]},{"cards_removed":["Regret"],"damage_healed":0,"gold_gain":0,"player_choice":"Card Removal","damage_taken":7,"max_hp_gain":0,"max_hp_loss":0,"event_name":"Golden Wing","floor":10,"gold_loss":0},{"damage_healed":0,"gold_gain":0,"player_choice":"Leave","damage_taken":0,"max_hp_gain":0,"max_hp_loss":0,"event_name":"conspire:Investor","floor":19,"gold_loss":0},{"damage_healed":0,"gold_gain":0,"player_choice":"Opened","damage_taken":0,"relics_obtained":["Eternal Feather"],"max_hp_gain":0,"max_hp_loss":0,"event_name":"The Mausoleum","floor":22,"gold_loss":0,"cards_obtained":["Writhe"]}],"is_beta":false,"boss_relics":[{"not_picked":["SlaversCollar","Philosopher\u0027s Stone"],"picked":"conspire:RunicOctahedron"}],"items_purged_floors":[2],"is_endless":false,"potions_floor_spawned":[8,18,21,23],"killed_by":"Book of Stabbing","ascension_level":1}}