{"host":"2ulm0pyp8jok7fk5","time":1610508214,"event":{"mods":["Act Like it!","Arknights The Spire","BaseMod","Decade(Õı–°√˜)","Gensokyo","Koishi","Marisa£®ÏF”Í°°ƒß¿Ì…≥£©","Minty Spire (QoL Compilation)","Reimu£®≤©¿ˆ¡È√Œ£©","Remilia£®¿Ÿ√◊¿Ú—«£©","Replay The Spire","Shop Mod","Spicy Shops","StSLib","The Bug Knight","The Hierophant","The Servant 0.9.4","Waifu the Spire","Youmu£®ªÍ∆«—˝√Œ£©","Yuyuko"],"gold_per_floor":[113,202,217,142,157,173,173,193,193,93,93,122,122,132,132,228,228,239,72,88,108,19,53,70,6,32,32,32,32,32],"floor_reached":29,"language":"ZHS","playtime":1088,"items_purged":["ats:Consecutive Shot Auto","ats:Consecutive Shot Auto"],"score":245,"play_id":"b2724363-bf2a-45a8-8f2f-908197c196b6","local_time":"20210113112334","daily_mods":["SealedDeck","Colorless Cards","Heirloom","Time Dilation"],"is_ascension_mode":false,"campfire_choices":[{"data":"ats:Neurotoxin","floor":7,"key":"SMITH"},{"data":"ats:Flexible Camouflage","floor":15,"key":"PURGE"}],"circlet_count":0,"master_deck":["ats:Consecutive Shot Auto","ats:Flexible Camouflage","ats:Charging Defense+1","ats:Charging Defense+1","ats:Consecutive Shot Auto","ats:Neurotoxin+1","Good Instincts","ats:Poison Spread","ats:Apocalypse","ats:Revitalization","ats:Overload","ats:Powerful Strike","ats:Healing Drone","ats:Apocalypse","ats:Poison Spread","Flash of Steel","ats:Thorns","ats:Revitalization","ats:Neurotoxin","ReplayTheSpireMod:Restless Dread"],"relics":["ats:Sanity","ats:Emergency Defibrillator","Blood Vial","Replay:Bottled Eggs","ats:Originium","Boot","The Courier","SacredBark","Replay:Kaleidoscope","Bronze Scales","Bag of Marbles","Mastiff:ReiMu","Ancient Tea Set"],"acts_visited":["Exordium","TheCity"],"potions_floor_usage":[],"damage_taken":[{"damage":0,"enemies":"2 Louse","floor":1,"turns":2},{"damage":0,"enemies":"Small Slimes","floor":3,"turns":2},{"damage":4,"enemies":"Jaw Worm","floor":5,"turns":3},{"damage":0,"enemies":"Red Slaver","floor":6,"turns":1},{"damage":16,"enemies":"Lots of Slimes","floor":8,"turns":4},{"damage":15,"enemies":"Gremlin Nob","floor":12,"turns":4},{"damage":3,"enemies":"Exordium Wildlife","floor":14,"turns":3},{"damage":15,"enemies":"The Guardian","floor":16,"turns":9},{"damage":24,"enemies":"Shell Parasite","floor":18,"turns":6},{"damage":18,"enemies":"3 Byrds","floor":20,"turns":3},{"damage":32,"enemies":"Snake Plant","floor":21,"turns":4},{"damage":30,"enemies":"HollowMod:Nosk","floor":23,"turns":6},{"damage":51,"enemies":"Shelled Parasite and Fungi","floor":24,"turns":5},{"damage":22,"enemies":"Cultist and Chosen","floor":29,"turns":3}],"seed_played":"746550852524421913","potions_obtained":[{"floor":1,"key":"Energy Potion"},{"floor":6,"key":"FearPotion"},{"floor":12,"key":"SkillPotion"}],"is_trial":true,"path_per_floor":["M","?","M","$","M","M","R","M","T","$","?","E","T","M","R","B",null,"M","$","M","M","$","E","M","$","T","?","?","M"],"character_chosen":"DOCTOR_CLASS","items_purchased":["ats:Poison Spread","Replay:Kaleidoscope","Bronze Scales","ats:Thorns","ats:Neurotoxin"],"campfire_rested":0,"item_purchase_floors":[19,19,19,22,25],"current_hp_per_floor":[72,54,56,56,61,63,63,64,64,64,64,51,51,63,63,70,72,59,59,59,39,39,38,11,11,11,11,11,0,0],"gold":32,"neow_bonus":"","is_daily":false,"chose_seed":false,"campfire_upgraded":1,"win_rate":0.0,"timestamp":1610508214,"path_taken":["M","?","M","$","M","M","R","M","T","$","?","E","?","?","R","BOSS","M","$","M","M","$","E","M","?","T","?","?","M"],"items_purchased_type":["Card","Relic","Relic","Card","Card"],"build_version":"2020-12-22","purchased_purges":2,"victory":false,"max_hp_per_floor":[72,72,72,72,72,72,72,72,72,72,72,72,72,72,72,72,72,72,72,72,72,72,72,72,72,72,72,72,72,72],"card_choices":[{"not_picked":["PanicButton","ats:Powerful Strike"],"picked":"ats:Poison Spread","floor":1},{"not_picked":["ats:Hammer On","ats:Sword Rain"],"picked":"ats:Apocalypse","floor":2},{"not_picked":["ats:Leaping Hammer","ats:Volcano"],"picked":"ats:Revitalization","floor":2},{"not_picked":["ats:Ignite","ats:Flexible Camouflage"],"picked":"ats:Overload","floor":3},{"not_picked":["ats:Revitalization","ats:Very Hot Blade"],"picked":"ats:Powerful Strike","floor":5},{"not_picked":["Blind","ats:Hammer On"],"picked":"ats:Healing Drone","floor":6},{"not_picked":["ats:Hammer On","ats:Flexible Camouflage","ats:Explosion Area Strengthen"],"picked":"SKIP","floor":8},{"not_picked":["ats:Consecutive Shot Auto","ats:Assault Order"],"picked":"ats:Apocalypse","floor":12},{"not_picked":["Madness","Enlightenment","Chrysalis"],"picked":"SKIP","floor":14},{"not_picked":["ats:Curse Doll","ats:Hammer On","ats:Childhood Dance"],"picked":"SKIP","floor":18},{"not_picked":["ats:Assault Order","ats:Consecutive Shot Auto"],"picked":"Flash of Steel","floor":20},{"not_picked":["ats:Burning Ground","ats:Ignite","ats:Counter Healing Mode"],"picked":"SKIP","floor":21},{"not_picked":["ats:Blood Oath+1","ats:Charging Defense+1"],"picked":"ats:Revitalization","floor":23},{"not_picked":["ats:Encircling Forest","ats:Powerful Strike","ats:Flexible Camouflage"],"picked":"SKIP","floor":24}],"player_experience":78812,"relics_obtained":[{"floor":2,"key":"Blood Vial"},{"floor":9,"key":"Replay:Bottled Eggs"},{"floor":12,"key":"ats:Originium"},{"floor":12,"key":"Boot"},{"floor":13,"key":"The Courier"},{"floor":23,"key":"ats:Originium"},{"floor":23,"key":"Bag of Marbles"},{"floor":26,"key":"Mastiff:ReiMu"}],"event_choices":[{"damage_healed":0,"gold_gain":0,"player_choice":"Ignored","damage_taken":0,"max_hp_gain":0,"max_hp_loss":0,"event_name":"Liars Game","floor":11,"gold_loss":0}],"is_beta":false,"boss_relics":[{"not_picked":["Runic Dome","Snecko Heart"],"picked":"SacredBark"}],"items_purged_floors":[4,10],"is_endless":false,"potions_floor_spawned":[1,6,12,14,21,23],"killed_by":"Cultist and Chosen","ascension_level":0}}