{"host":"nxmai6bb3m0amvdf","time":1610554372,"event":{"mods":["Aspiration","BaseMod","Conspire","Energized Spire","Friendly Minions","GifTheSpireLib","Halation","Hubris","Infinite Spire","Ironclad Rager","Jedi Mod","Marked Mod","Mimic Mod","Minty Spire (QoL Compilation)","Replay The Spire","RumiaBox-????????","Spikes Relics","StSLib","Stuff the Spire","Trackpad","vexMod"],"gold_per_floor":[113,123,142,155,175,203,203,203,203],"floor_reached":8,"language":"ENG","playtime":1016,"items_purged":[],"score":117,"play_id":"ee01d216-7fbb-4715-838e-8bcb25667308","local_time":"20210113171252","is_ascension_mode":true,"campfire_choices":[],"circlet_count":0,"master_deck":["AscendersBane","Bash","ICR:RageStrike","ICR:RageStrike","ICR:RageStrike","ICR:RageStrike","ICR:RageStrike","ICR:ShieldBash","ICR:ShieldBash","ICR:ShieldBash","ICR:ShieldBash","Bloodletting","Life Link","Run Through","StuffTheSpire:BloodClot","Intimidate"],"relics":["Burning Blood","halation:Toothbrush","hubris:SlimyHat"],"acts_visited":["Exordium"],"potions_floor_usage":[6,6],"damage_taken":[{"damage":2,"enemies":"2 Louse","floor":1,"turns":4},{"damage":6,"enemies":"Cultist","floor":2,"turns":3},{"damage":9,"enemies":"Small Slimes","floor":3,"turns":3},{"damage":24,"enemies":"Gremlin Gang","floor":4,"turns":7},{"damage":13,"enemies":"Blue Slaver","floor":5,"turns":3},{"damage":25,"enemies":"Lagavulin","floor":6,"turns":5},{"damage":37,"enemies":"3 Sentries","floor":8,"turns":7}],"seed_played":"-2114046504262418825","potions_obtained":[{"floor":2,"key":"DuplicationPotion"},{"floor":3,"key":"Reflective Coating"},{"floor":4,"key":"Energy Potion"}],"is_trial":false,"path_per_floor":["M","M","M","M","M","E","?","E"],"character_chosen":"IRONCLAD","items_purchased":[],"campfire_rested":0,"item_purchase_floors":[],"current_hp_per_floor":[72,72,69,51,44,25,28,0,0],"gold":203,"neow_bonus":"IRONCLAD_RAGER","is_daily":false,"chose_seed":false,"campfire_upgraded":0,"win_rate":0.0,"timestamp":1610554372,"path_taken":["M","M","M","M","M","E","?","E"],"items_purchased_type":[],"build_version":"2020-12-22","purchased_purges":0,"victory":false,"max_hp_per_floor":[75,75,75,75,75,75,78,78,78],"card_choices":[{"not_picked":["Warcry","Blood for Blood"],"picked":"Bloodletting","floor":1},{"not_picked":["Defy Death","Pommel Strike"],"picked":"Life Link","floor":2},{"not_picked":["jedi:controlledanger","StuffTheSpire:Slingshot"],"picked":"Run Through","floor":3},{"not_picked":["Sword Boomerang","Reckless Charge"],"picked":"StuffTheSpire:BloodClot","floor":4},{"not_picked":["StuffTheSpire:RockThrow","ReplayReversal"],"picked":"Replay:Undeath\u0027s Touch","floor":5},{"not_picked":["Sword Boomerang","Body Slam"],"picked":"Intimidate","floor":6}],"player_experience":1095452,"relics_obtained":[{"floor":6,"key":"halation:Toothbrush"}],"event_choices":[{"cards_removed":["Replay:Undeath\u0027s Touch"],"damage_healed":0,"gold_gain":0,"player_choice":"Gave Card","damage_taken":0,"relics_obtained":["hubris:SlimyHat"],"max_hp_gain":0,"max_hp_loss":0,"event_name":"WeMeetAgain","floor":7,"gold_loss":0}],"is_beta":false,"boss_relics":[],"items_purged_floors":[],"is_endless":false,"potions_floor_spawned":[2,3,4],"killed_by":"3 Sentries","ascension_level":19}}