{"host":"1fgbilnqahig8ycc","time":1610507764,"event":{"mods":["AchievementEnabler","Astrologer","Bard","BaseMod","Bestiary","BetterRewards","Clockwork Mod","Colored Map","Colored Powertips","Downfall","Energized Spire","Friendly Minions","Hermit","Hubris","Jorbs\u0027s Wanderer Trilogy","KomeijiMod","Minty Spire (QoL Compilation)","Quick Restart","Replay The Spire","StSLib","The Administrix","The Bug Knight","The Construct","The Cursed","The Gatherer","The Marked","The Servant 0.9.4"],"gold_per_floor":[114,114,114,114,131,163,173,173,173,207,207],"floor_reached":10,"language":"ENG","playtime":590,"items_purged":["HollowMod:NailStrikeStart"],"score":76,"play_id":"c8427e67-ea1d-42b4-b2a9-98fd1bd1b199","local_time":"20210112191604","is_ascension_mode":false,"campfire_choices":[{"data":"HollowMod:ChannelNail","floor":8,"key":"SMITH"}],"circlet_count":0,"master_deck":["HollowMod:NailStrikeStart","HollowMod:NailStrikeStart","HollowMod:NailStrikeStart","HollowMod:QuickDashStart","HollowMod:QuickDashStart","HollowMod:QuickDashStart","HollowMod:QuickDashStart","HollowMod:FocusHealStart","HollowMod:PogoStrike","HollowMod:SoulStrike","HollowMod:CloakDash","HollowMod:SharpenedNail","HollowMod:HeavyBlow+1","HollowMod:ChannelNail+1","HollowMod:CornifersMapStart","HollowMod:DashSlash"],"relics":["HollowMod:VesselMask","Replay:Towering Pillar of Hats","Ring of Peace"],"acts_visited":["Exordium"],"potions_floor_usage":[10,10,10],"damage_taken":[{"damage":0,"enemies":"Small Slimes","floor":1,"turns":2},{"damage":0,"enemies":"2 Louse","floor":5,"turns":3},{"damage":12,"enemies":"Gremlin Nob","floor":6,"turns":4},{"damage":0,"enemies":"Cultist","floor":7,"turns":4},{"damage":6,"enemies":"3 Sentries","floor":10,"turns":5}],"seed_played":"3850384408078563327","potions_obtained":[{"floor":1,"key":"Reflective Coating"},{"floor":6,"key":"Weak Potion"},{"floor":7,"key":"SteroidPotion"}],"is_trial":false,"path_per_floor":["M","?","$","?","M","E","M","R","T","E"],"character_chosen":"THE_BUGKNIGHT","items_purchased":["HollowMod:SoulStrike","HollowMod:CloakDash"],"campfire_rested":0,"item_purchase_floors":[0,0],"current_hp_per_floor":[67,67,67,67,67,55,65,65,65,59,59],"gold":207,"neow_bonus":"","is_daily":false,"chose_seed":false,"campfire_upgraded":1,"win_rate":0.0,"timestamp":1610507764,"path_taken":["M","?","$","?","M","E","?","R","T","E"],"items_purchased_type":["Card","Card"],"build_version":"2020-12-22","purchased_purges":1,"victory":false,"max_hp_per_floor":[75,75,75,75,75,75,75,75,75,75,75],"card_choices":[{"not_picked":["HollowMod:GrimmsGift","HollowMod:SharpenedNail"],"picked":"HollowMod:HeavyBlow","floor":1},{"not_picked":["HollowMod:TaintedHusks","HollowMod:InfectedCysts"],"picked":"HollowMod:ChannelNail","floor":5},{"not_picked":["HollowMod:RecoilStrike","HollowMod:SoulMaster"],"picked":"HollowMod:CornifersMapStart","floor":6},{"not_picked":["HollowMod:VengefulVoid","HollowMod:FallenFury"],"picked":"HollowMod:DashSlash","floor":7},{"not_picked":["HollowMod:DreamGate","HollowMod:DashSlash","HollowMod:CoiledNail"],"picked":"SKIP","floor":10}],"player_experience":411691,"relics_obtained":[{"floor":2,"key":"Ring of Peace"}],"event_choices":[{"damage_healed":0,"gold_gain":0,"player_choice":"Upgraded","damage_taken":0,"max_hp_gain":0,"max_hp_loss":0,"event_name":"Upgrade Shrine","floor":4,"gold_loss":0,"cards_upgraded":["HollowMod:HeavyBlow"]}],"is_beta":false,"boss_relics":[],"items_purged_floors":[0],"is_endless":false,"potions_floor_spawned":[1,6,7],"killed_by":"3 Sentries","ascension_level":0}}