{"host":"6q3xrfxx8iswq9mh","time":1610540730,"event":{"mods":["BaseMod","Colored Powertips","Downfall","Lobotomy","Marisa£®ÏF”Í°°ƒß¿Ì…≥£©","Minty Spire (QoL Compilation)","Quick Restart","Remilia£®¿Ÿ√◊¿Ú—«£©","Replay The Spire","StSLib","The Bug Knight","The Cursed","The Runesmith","The Servant 0.9.4"],"gold_per_floor":[124,149,224,248,27,67,67,67,67,97,97,138,165,165,165,272,272,297,297,297,327,242,284,313,313,313,313,357,357,357,390,390,494,494,526,526,548,548,548,548,583,605,605,633,633,633,71,114,114,124],"floor_reached":51,"language":"ZHS","playtime":1962,"items_purged":["Defend_R","Strike_R+1"],"score":1016,"play_id":"4459d264-1b5b-48c6-8d5e-376a8d5341f5","local_time":"20210113202530","is_ascension_mode":true,"campfire_choices":[{"data":"Armaments","floor":8.0,"key":"SMITH"},{"data":"Armaments","floor":11.0,"key":"SMITH"},{"floor":15.0,"key":"REST"},{"floor":25.0,"key":"RECALL"},{"floor":27.0,"key":"REST"},{"data":"Heavy Blade","floor":29.0,"key":"SMITH"},{"floor":32.0,"key":"REST"},{"data":"Demon Form","floor":40.0,"key":"SMITH"},{"floor":46,"key":"REST"},{"floor":49,"key":"REST"}],"circlet_count":1,"master_deck":["Strike_R+1","Defend_R+1","Defend_R+1","Defend_R+1","Bash","Heavy Blade+1","Armaments+1","Armaments+1","Feed+1","Reaper","Twin Strike","Pot Of Greed","Pot Of Greed","ReplayTheSpireMod:Muscle Training","Demon Form+1","Infernal Blade+1","expansioncontent:LastStand","Master of Strategy","Rampage"],"relics":["Burning Blood","Replay:Bandana","Vajra","Replay:Bottled Flurry","Replay:Towering Pillar of Hats","AntiCross","Circlet","Black Star","Champion Belt","Grinning Jar","Orichalcum","Blue Candle","Replay:Baseball","Tiny Chest","Empty Cage","Eternal Feather","Nunchaku","Magic Flower","ReplayTheSpireMod:Spearhead","Mercury Hourglass","FossilizedHelix","Red Skull"],"acts_visited":["Exordium","TheCity","TheBeyond"],"potions_floor_usage":[48,50,50],"damage_taken":[{"damage":3.0,"enemies":"2 Louse","floor":1.0,"turns":2.0},{"damage":5.0,"enemies":"Small Slimes","floor":2.0,"turns":3.0},{"damage":13.0,"enemies":"Jaw Worm","floor":4.0,"turns":4.0},{"damage":20.0,"enemies":"Gremlin Nob","floor":6.0,"turns":4.0},{"damage":15.0,"enemies":"Lagavulin","floor":12.0,"turns":3.0},{"damage":8.0,"enemies":"Looter","floor":13.0,"turns":2.0},{"damage":4.0,"enemies":"Slime Boss","floor":16.0,"turns":5.0},{"damage":0.0,"enemies":"Spheric Guardian","floor":18.0,"turns":3.0},{"damage":2.0,"enemies":"Chosen","floor":21.0,"turns":4.0},{"damage":46.0,"enemies":"Book of Stabbing","floor":23.0,"turns":4.0},{"damage":5.0,"enemies":"Centurion and Healer","floor":24.0,"turns":5.0},{"damage":21.0,"enemies":"Replay:Snechameleon","floor":28.0,"turns":4.0},{"damage":33.0,"enemies":"Shelled Parasite and Fungi","floor":31.0,"turns":3.0},{"damage":52.0,"enemies":"Champ","floor":33.0,"turns":8.0},{"damage":23.0,"enemies":"3 Shapes","floor":35.0,"turns":5.0},{"damage":18.0,"enemies":"Orb Walker","floor":37.0,"turns":4.0},{"damage":13.0,"enemies":"Giant Head","floor":41.0,"turns":5.0},{"damage":39,"enemies":"Spire Growth","floor":42,"turns":4},{"damage":44,"enemies":"Maw","floor":44,"turns":7},{"damage":70,"enemies":"Reptomancer","floor":48,"turns":6},{"damage":83,"enemies":"Donu and Deca","floor":50,"turns":6}],"seed_played":"8305073577200769260","potions_obtained":[{"floor":2.0,"key":"ElixirPotion"},{"floor":6.0,"key":"Strength Potion"},{"floor":12.0,"key":"Explosive Potion"},{"floor":33.0,"key":"Dexterity Potion"},{"floor":41.0,"key":"DuplicationPotion"},{"floor":42,"key":"hexamod:EctoCoolerPotion"}],"is_trial":false,"path_per_floor":["M","M","?","M","$","E","$","R","T","?","R","E","M","?","R","B",null,"M","?","?","M","?","E","M","R","T","R","E","R","?","M","R","B",null,"M","?","M","T","?","R","E","M","T","M","?","R","$","E","R","B",null],"character_chosen":"IRONCLAD","items_purchased":["Vajra","Mercury Hourglass","Master of Strategy","Rampage"],"campfire_rested":5,"item_purchase_floors":[5,47,47,47],"current_hp_per_floor":[75,76,65,58,58,44,44,44,44,44,44,35,33,33,57,77,82,84,68,68,72,72,32,49,49,49,76,73,73,73,62,89,62,85,92,92,80,80,80,89,89,77,77,54,54,91,91,53,90,78],"gold":124,"neow_bonus":"RANDOM_COMMON_RELIC","is_daily":false,"chose_seed":false,"campfire_upgraded":4,"win_rate":0.0,"timestamp":1610540730,"path_taken":["M","M","?","M","$","E","$","R","T","?","R","E","M","?","R","BOSS","M","?","?","M","?","E","M","R","T","R","E","R","?","M","R","BOSS","M","?","?","?","?","R","E","M","T","M","?","R","$","E","R","BOSS"],"items_purchased_type":["Relic","Relic","Card","Card"],"build_version":"2020-12-22","purchased_purges":2,"victory":true,"max_hp_per_floor":[80,80,80,80,80,80,80,80,80,80,80,80,80,80,80,84,84,84,89,89,89,89,89,93,93,93,93,93,93,93,93,93,93,93,97,97,97,97,92,92,92,96,96,96,96,96,96,96,96,96],"card_choices":[{"not_picked":["Clash","Headbutt"],"picked":"Heavy Blade","floor":1.0},{"not_picked":["Rage","Disarm"],"picked":"Armaments","floor":2.0},{"not_picked":["Havoc","Replay:Undeath\u0027s Touch"],"picked":"Armaments","floor":4.0},{"not_picked":["True Grit","Thunderclap"],"picked":"Feed","floor":6.0},{"not_picked":["Run Through","Shockwave","Headbutt"],"picked":"SKIP","floor":12.0},{"not_picked":["Seeing Red","Iron Wave","Intimidate"],"picked":"SKIP","floor":13.0},{"not_picked":["Immolate","Hemogenesis"],"picked":"Reaper","floor":16.0},{"not_picked":["Replay:Undeath\u0027s Touch","Sword Boomerang"],"picked":"Twin Strike","floor":18.0},{"not_picked":["Run Through","Iron Wave","True Grit"],"picked":"SKIP","floor":21.0},{"not_picked":["Juggernaut","Double Tap"],"picked":"ReplayTheSpireMod:Muscle Training","floor":23.0},{"not_picked":["ReplayTheSpireMod:Stacked","Perfected Strike","Feel No Pain+1"],"picked":"SKIP","floor":24.0},{"not_picked":["Hemokinesis+1","Headbutt","Wild Strike"],"picked":"SKIP","floor":28.0},{"not_picked":["Replay:Undeath\u0027s Touch+1","Seeing Red","True Grit"],"picked":"SKIP","floor":31.0},{"not_picked":["Brutality","Exhume"],"picked":"Demon Form","floor":33.0},{"not_picked":["Ghostly Armor","Clothesline+1","Defy Death"],"picked":"SKIP","floor":35.0},{"not_picked":["Pommel Strike","Massacre","Ghostly Armor+1"],"picked":"SKIP","floor":37.0},{"not_picked":["Defy Death","Armaments","Burning Pact"],"picked":"SKIP","floor":41.0},{"not_picked":["Second Wind","Cleave"],"picked":"Infernal Blade+1","floor":42},{"not_picked":["ReplayTheSpireMod:Strike From Hell+1","Body Slam","True Grit+1"],"picked":"SKIP","floor":44},{"not_picked":["expansioncontent:Corrupt","ReplayTheSpireMod:Uncanny Aura"],"picked":"expansioncontent:LastStand","floor":45},{"not_picked":["Disarm+1","Anger","Searing Blow+1"],"picked":"SKIP","floor":48}],"player_experience":288968,"relics_obtained":[{"floor":6.0,"key":"Replay:Bottled Flurry"},{"floor":9.0,"key":"Replay:Towering Pillar of Hats"},{"floor":12.0,"key":"Dead Branch"},{"floor":23.0,"key":"Grinning Jar"},{"floor":23.0,"key":"Orichalcum"},{"floor":26.0,"key":"Blue Candle"},{"floor":28.0,"key":"Replay:Baseball"},{"floor":28.0,"key":"Tiny Chest"},{"floor":38.0,"key":"Eternal Feather"},{"floor":41.0,"key":"Nunchaku"},{"floor":41.0,"key":"Magic Flower"},{"floor":43,"key":"ReplayTheSpireMod:Spearhead"},{"floor":48,"key":"FossilizedHelix"},{"floor":48,"key":"Red Skull"}],"event_choices":[{"damage_healed":0.0,"max_hp_gain":0.0,"max_hp_loss":0.0,"gold_gain":75.0,"event_name":"World of Goop","player_choice":"Gather Gold","floor":3.0,"gold_loss":0.0,"damage_taken":11.0},{"damage_healed":0.0,"max_hp_gain":0.0,"max_hp_loss":0.0,"gold_gain":30.0,"event_name":"Dead Adventurer","player_choice":"Searched \u00272\u0027 times","floor":10.0,"gold_loss":0.0,"damage_taken":0.0,"relics_obtained":["AntiCross"]},{"damage_healed":0.0,"max_hp_gain":5.0,"max_hp_loss":0.0,"gold_gain":0.0,"event_name":"Forgotten Altar","player_choice":"Shed Blood","floor":19.0,"gold_loss":0.0,"damage_taken":21.0},{"damage_healed":0.0,"max_hp_gain":0.0,"max_hp_loss":0.0,"gold_gain":0.0,"event_name":"Back to Basics","player_choice":"Simplicity","floor":20.0,"gold_loss":0.0,"damage_taken":0.0,"cards_upgraded":["Strike_R","Strike_R","Strike_R","Strike_R","Strike_R","Defend_R","Defend_R","Defend_R"]},{"damage_healed":0.0,"max_hp_gain":0.0,"max_hp_loss":0.0,"gold_gain":0.0,"event_name":"Addict","player_choice":"Obtained Relic","floor":22.0,"gold_loss":85.0,"damage_taken":0.0,"relics_obtained":["Champion Belt"]},{"damage_healed":0.0,"max_hp_gain":0.0,"max_hp_loss":0.0,"gold_gain":0.0,"event_name":"Vampires","player_choice":"Ignored","floor":30.0,"gold_loss":0.0,"damage_taken":0.0},{"cards_removed":["Strike_R"],"damage_healed":0.0,"max_hp_gain":0.0,"max_hp_loss":0.0,"gold_gain":0.0,"event_name":"Bonfire Elementals","player_choice":"Offered Basic","floor":36.0,"gold_loss":0.0,"damage_taken":0.0},{"damage_healed":0.0,"max_hp_gain":0.0,"max_hp_loss":5.0,"gold_gain":0.0,"event_name":"Winding Halls","player_choice":"Max HP","floor":39.0,"gold_loss":0.0,"damage_taken":0.0},{"damage_healed":0,"gold_gain":0,"player_choice":"Memory 1","damage_taken":0,"max_hp_gain":0,"max_hp_loss":0,"event_name":"SensoryStone","floor":45,"gold_loss":0}],"is_beta":false,"boss_relics":[{"not_picked":["ReplayTheSpireMod:DimensionalGlitch","Mark of Pain"],"picked":"Black Star"},{"not_picked":["Replay:Drink Me","Runesmith:UraniumAnvil"],"picked":"Empty Cage"}],"items_purged_floors":[5,47],"is_endless":false,"potions_floor_spawned":[2,6,12,13,18,21,33,41,42,44],"ascension_level":6}}