{"host":"fa96ppy4vc5r7pma","time":1610567809,"event":{"mods":["BaseMod","Best Route Mod","Bestiary","Block Reminder","Colored Map","Dark Map","Dota2Spire","Ekko","GungeonMod","Hermit","Highlight Path","Hubris","Jorbs\u0027s Wanderer Trilogy","Minty Spire (QoL Compilation)","Permanent Neow","Quick Restart","Random Character Button","Relic Stats","Replay The Spire","StSLib","The Bladedancer","The Blue Laboratory","The Cursed","The Servant 0.9.4","Waifu the Spire","WarShipGirlsR/????R mod"],"gold_per_floor":[227,246,261,276,266,266,285,312,312,325,339,353,353,367,367,470,470,485,485,498,143,157,186,206,206,206,226,242,242,259,259,259],"floor_reached":31,"language":"ENG","playtime":2447,"items_purged":[],"score":292,"play_id":"61a37fc9-9ac3-4f9e-803c-b27d4a077b4c","local_time":"20210113145649","is_ascension_mode":false,"campfire_choices":[{"data":"stsjorbsmod:MagicMissiles","floor":6,"key":"SMITH"},{"data":"stsjorbsmod:Fireball","floor":13,"key":"SMITH"},{"data":"stsjorbsmod:MageArmor","floor":15,"key":"SMITH"},{"data":"stsjorbsmod:Rediscovery","floor":25,"key":"SMITH"},{"data":"stsjorbsmod:GatherPower","floor":29,"key":"SMITH"}],"circlet_count":0,"master_deck":["stsjorbsmod:ForbiddenGrimoire+1","stsjorbsmod:Strike_Wanderer","stsjorbsmod:Strike_Wanderer","stsjorbsmod:Strike_Wanderer","stsjorbsmod:Strike_Wanderer","stsjorbsmod:Defend_Wanderer","stsjorbsmod:Defend_Wanderer","stsjorbsmod:Defend_Wanderer","stsjorbsmod:Defend_Wanderer","stsjorbsmod:FreshAdventure","stsjorbsmod:EyeOfTheStorm","stsjorbsmod:Channel","stsjorbsmod:ArcaneForm","stsjorbsmod:FaerieFire","stsjorbsmod:MagicMissiles+1","stsjorbsmod:HedgeWizard","stsjorbsmod:ArcaneWeapon","stsjorbsmod:Fireball+1","stsjorbsmod:ColorSpray","stsjorbsmod:MagicMissiles","stsjorbsmod:DeathThroes","stsjorbsmod:MageArmor+1","stsjorbsmod:GatherPower+1","stsjorbsmod:Firebolt+1","stsjorbsmod:Channel+1","Bandage Up+1","stsjorbsmod:ParryingBlow","stsjorbsmod:DisguiseSelf","stsjorbsmod:DisguiseSelf","stsjorbsmod:Firebolt+1","stsjorbsmod:Rediscovery+1","stsjorbsmod:DisguiseSelf","stsjorbsmod:ChainLightning","stsjorbsmod:HoldMonster","stsjorbsmod:BurningFlask+1"],"relics":["stsjorbsmod:GrimoireRelic","Blue Doll","hubris:BottledRain","Coffee Dripper","Pen Nib","DemoMod:MeltedRock","ReplayTheSpireMod:Lightbulb","stsjorbsmod:BottledMemoryRelic"],"acts_visited":["Exordium","TheCity"],"potions_floor_usage":[8,16,16,16,27,31],"damage_taken":[{"damage":10,"enemies":"Cultist","floor":1,"turns":6},{"damage":2,"enemies":"Jaw Worm","floor":2,"turns":4},{"damage":4,"enemies":"Small Slimes","floor":3,"turns":5},{"damage":1,"enemies":"Looter","floor":4,"turns":4},{"damage":2,"enemies":"Exordium Wildlife","floor":7,"turns":4},{"damage":9,"enemies":"Lagavulin","floor":8,"turns":5},{"damage":0,"enemies":"2 Fungi Beasts","floor":10,"turns":2},{"damage":0,"enemies":"Lots of Slimes","floor":11,"turns":2},{"damage":2,"enemies":"Large Slime","floor":12,"turns":4},{"damage":2,"enemies":"Exordium Thugs","floor":14,"turns":3},{"damage":25,"enemies":"Fading Forest","floor":16,"turns":11},{"damage":0,"enemies":"Spheric Guardian","floor":18,"turns":3},{"damage":11,"enemies":"2 Thieves","floor":20,"turns":3},{"damage":0,"enemies":"Cultist and Chosen","floor":22,"turns":4},{"damage":21,"enemies":"Book of Stabbing","floor":23,"turns":5},{"damage":7,"enemies":"Chosen and Byrds","floor":24,"turns":3},{"damage":22,"enemies":"Shelled Parasite and Fungi","floor":27,"turns":3},{"damage":13,"enemies":"Centurion and Healer","floor":28,"turns":3},{"damage":7,"enemies":"Chosen and Byrds","floor":30,"turns":2},{"damage":10,"enemies":"Shelled Parasite and Fungi","floor":31,"turns":2}],"seed_played":"4750534196339090713","potions_obtained":[{"floor":3,"key":"Toxic Potion"},{"floor":4,"key":"blueLaboratory:SavagePotion"},{"floor":8,"key":"Energy Potion"},{"floor":10,"key":"LiquidMemories"},{"floor":24,"key":"PowerPotion"},{"floor":30,"key":"SkillPotion"}],"is_trial":false,"path_per_floor":["M","M","M","M","?","R","M","E","T","M","M","M","R","M","R","B",null,"M","?","M","$","M","E","M","R","T","M","M","R","M","M"],"character_chosen":"WANDERER","items_purchased":["Bandage Up+1","DemoMod:MeltedRock","stsjorbsmod:ParryingBlow","stsjorbsmod:DisguiseSelf"],"campfire_rested":0,"item_purchase_floors":[21,21,21,21],"current_hp_per_floor":[60,59,59,65,65,65,68,64,64,64,68,70,70,70,70,45,70,70,70,63,63,67,52,45,45,45,23,16,16,10,0,0],"gold":259,"neow_bonus":"HUNDRED_GOLD","is_daily":false,"chose_seed":false,"campfire_upgraded":5,"win_rate":0.0,"timestamp":1610567809,"path_taken":["M","M","M","M","?","R","M","E","T","M","M","M","R","M","R","BOSS","M","?","M","$","M","E","M","R","T","M","M","R","M","M"],"items_purchased_type":["Card","Relic","Card","Card"],"build_version":"2020-12-22","purchased_purges":0,"victory":false,"max_hp_per_floor":[68,68,68,70,70,70,70,70,70,70,70,70,70,70,70,70,70,70,70,70,70,70,70,70,70,70,70,70,70,70,70,70],"relic_stats":{"counters":[20,78],"Pen Nib":[5],"obtain_stats":[{"stsjorbsmod:BottledMemoryRelic":26,"stsjorbsmod:GrimoireRelic":0,"Blue Doll":8,"DemoMod:MeltedRock":21,"DemoMod:GlassGuonStoneRelic":2,"Pen Nib":19,"Coffee Dripper":17,"ReplayTheSpireMod:Lightbulb":23,"hubris:BottledRain":9},{"stsjorbsmod:BottledMemoryRelic":16,"stsjorbsmod:GrimoireRelic":0,"Blue Doll":6,"DemoMod:MeltedRock":13,"DemoMod:GlassGuonStoneRelic":2,"Pen Nib":12,"Coffee Dripper":11,"ReplayTheSpireMod:Lightbulb":15,"hubris:BottledRain":6},{"stsjorbsmod:BottledMemoryRelic":68,"stsjorbsmod:GrimoireRelic":0,"Blue Doll":28,"DemoMod:MeltedRock":56,"DemoMod:GlassGuonStoneRelic":10,"Pen Nib":53,"Coffee Dripper":50,"ReplayTheSpireMod:Lightbulb":65,"hubris:BottledRain":28}]},"card_choices":[{"not_picked":["stsjorbsmod:Patron","stsjorbsmod:Hurt"],"picked":"stsjorbsmod:Channel","floor":1},{"not_picked":["stsjorbsmod:Thorns","stsjorbsmod:Materialize"],"picked":"stsjorbsmod:ArcaneForm","floor":2},{"not_picked":["stsjorbsmod:DoubleCheck","stsjorbsmod:FracturedMind"],"picked":"stsjorbsmod:FaerieFire","floor":3},{"not_picked":["stsjorbsmod:ChatteringStrike","stsjorbsmod:ParryingBlow"],"picked":"stsjorbsmod:MagicMissiles","floor":4},{"not_picked":[],"picked":"stsjorbsmod:HedgeWizard","floor":5},{"not_picked":["stsjorbsmod:TollTheDead","stsjorbsmod:Channel"],"picked":"stsjorbsmod:ArcaneWeapon","floor":7},{"not_picked":["stsjorbsmod:RefuseToForget","stsjorbsmod:Message"],"picked":"stsjorbsmod:Fireball","floor":8},{"not_picked":["stsjorbsmod:UnseenServant","stsjorbsmod:RayOfFrost"],"picked":"stsjorbsmod:ColorSpray","floor":10},{"not_picked":["stsjorbsmod:ParryingBlow","stsjorbsmod:TrueStrike"],"picked":"stsjorbsmod:MagicMissiles","floor":11},{"not_picked":["stsjorbsmod:Hibernate","stsjorbsmod:FracturedMind"],"picked":"stsjorbsmod:DeathThroes","floor":12},{"not_picked":["stsjorbsmod:Message","stsjorbsmod:Rest"],"picked":"stsjorbsmod:MageArmor","floor":14},{"not_picked":["stsjorbsmod:MirrorImage","stsjorbsmod:CorrodingBarrier"],"picked":"stsjorbsmod:GatherPower","floor":16},{"not_picked":["stsjorbsmod:Stalwart","stsjorbsmod:RayOfFrost+1"],"picked":"stsjorbsmod:Firebolt+1","floor":18},{"not_picked":["stsjorbsmod:Message","stsjorbsmod:TrueStrike+1"],"picked":"stsjorbsmod:Channel+1","floor":20},{"not_picked":["stsjorbsmod:Mindworm","stsjorbsmod:TollTheDead"],"picked":"stsjorbsmod:Firebolt+1","floor":22},{"not_picked":["stsjorbsmod:DisguiseSelf","stsjorbsmod:Will+1"],"picked":"stsjorbsmod:Rediscovery","floor":23},{"not_picked":["stsjorbsmod:Materialize","stsjorbsmod:UnseenServant"],"picked":"stsjorbsmod:DisguiseSelf","floor":24},{"not_picked":["stsjorbsmod:WanderingMind","stsjorbsmod:DisguiseSelf"],"picked":"stsjorbsmod:ChainLightning","floor":27},{"not_picked":["stsjorbsmod:Materialize","stsjorbsmod:TollTheDead+1"],"picked":"stsjorbsmod:HoldMonster","floor":28},{"not_picked":["stsjorbsmod:Thorns","stsjorbsmod:UnseenServant"],"picked":"stsjorbsmod:BurningFlask+1","floor":30}],"player_experience":123732,"relics_obtained":[{"floor":8,"key":"Blue Doll"},{"floor":9,"key":"hubris:BottledRain"},{"floor":23,"key":"ReplayTheSpireMod:Lightbulb"},{"floor":26,"key":"stsjorbsmod:BottledMemoryRelic"}],"event_choices":[{"damage_healed":0,"gold_gain":0,"player_choice":"Opened","damage_taken":0,"relics_obtained":["Pen Nib"],"max_hp_gain":0,"max_hp_loss":0,"event_name":"The Mausoleum","floor":19,"gold_loss":0}],"is_beta":false,"boss_relics":[{"not_picked":["Kintsugi","hubris:VirtuousBlindfold"],"picked":"Coffee Dripper"}],"items_purged_floors":[],"is_endless":false,"potions_floor_spawned":[3,4,8,10,12,14,24,30],"killed_by":"Shelled Parasite and Fungi","ascension_level":0}}