{"host":"6p0attdrtjqaih7v","time":1610500603,"event":{"mods":["2.2 Compatiblity","AchievementEnabler","Bard","BaseMod","Better Skull","Better Third Choice","Colored Powertips","Hermit","Highlight Path","Jorbs\u0027s Wanderer Trilogy","Key Reminder","Minty Spire (QoL Compilation)","Permanent Neow","Quick Restart","Random Character Button","Relic Stats","Replay The Spire","Robot Space Explorer","StSLib"],"gold_per_floor":[157,194,234,1,1,47,47,116,116,150,150,185,197,197,197,269,269,307,307,307,41,60,60,90,90,164,36,73,127,61,96,96,174,174,145,160,237,101,0,0,76,105,131,169,206,233,120,49,49,49],"floor_reached":51,"language":"ENG","playtime":2786,"items_purged":["bard:Strike","bard:Strike","bard:Strike","bard:Strike"],"score":1684,"play_id":"64221770-2f94-450d-a568-0bad99c69f9e","local_time":"20210112201643","is_ascension_mode":true,"campfire_choices":[{"floor":7,"key":"REST"},{"floor":11,"key":"REST"},{"floor":15,"key":"REST"},{"data":"bard:Inspire","floor":23,"key":"SMITH"},{"data":"bard:Shifting","floor":23,"key":"SMITH"},{"data":"bard:HarmoniousVoice","floor":25,"key":"SMITH"},{"data":"bard:HarmoniousVoice","floor":25,"key":"SMITH"},{"data":"bard:SplendidForm","floor":32,"key":"SMITH"},{"data":"bard:Blink","floor":32,"key":"SMITH"},{"data":"bard:HarmoniousVoice","floor":40,"key":"SMITH"},{"data":"bard:FingerOfDeath","floor":40,"key":"SMITH"},{"data":"bard:LifeDrain","floor":49,"key":"SMITH"},{"data":"bard:LifeDrain","floor":49,"key":"SMITH"}],"circlet_count":0,"master_deck":["AscendersBane","bard:Defend","bard:Defend","bard:Defend","bard:Defend","bard:Riposte","bard:Inspire+1","HandOfGreed","bard:EchoEcho","bard:Thunderwave","bard:Greatness","bard:ThickOfTheFight","bard:Flourish","bard:OffKey","bard:Rhapsody","bard:FirstStrike","bard:HideousLaughter","bard:Shifting+1","bard:SplendidForm+1","bard:HarmoniousVoice+1","bard:HarmoniousVoice+1","bard:Blink+1","bard:Thunderwave","bard:Parry","bard:FingerOfDeath+1","bard:HarmoniousVoice+1","bard:GreaterMagicWeapon","bard:Parry","bard:CovetousAura","bard:Shout","bard:FirstStrike","bard:ViciousMockery","bard:Improv","bard:Accelerando","bard:Parry","bard:Aphasia","bard:LocateObject","bard:LingeringEcho+1","bard:Haste","Finesse","bard:LifeDrain+1","bard:LifeDrain+1"],"relics":["bard:PitchPipe","bard:BagPipes","Membership Card","Dream Catcher","Du-Vu Doll","Lantern","Akabeko","Replay:Arrowhead","Coffee Dripper","Bird Faced Urn","The Courier","Mummified Hand","Strawberry","keyreminder:keyreminder","Lee\u0027s Waffle","Replay:Wax Seal","Vajra","Honey Jar","FossilizedHelix","Red Mask","Replay:PocketPolymizer","Smiling Mask","Blue Doll"],"acts_visited":["Exordium","TheCity","TheBeyond"],"potions_floor_usage":[6,8,12,24,24,27,28,31,37,37,50,50],"damage_taken":[{"damage":6,"enemies":"Small Slimes","floor":1,"turns":3},{"damage":1,"enemies":"Cultist","floor":2,"turns":4},{"damage":12,"enemies":"Jaw Worm","floor":3,"turns":6},{"damage":18,"enemies":"Lagavulin","floor":6,"turns":4},{"damage":3,"enemies":"3 Sentries","floor":8,"turns":5},{"damage":0,"enemies":"Exordium Wildlife","floor":10,"turns":3},{"damage":3,"enemies":"Gremlin Nob","floor":12,"turns":3},{"damage":0,"enemies":"2 Fungi Beasts","floor":13,"turns":1},{"damage":22,"enemies":"Hexaghost","floor":16,"turns":11},{"damage":3,"enemies":"2 Thieves","floor":18,"turns":2},{"damage":7,"enemies":"Shell Parasite","floor":22,"turns":3},{"damage":18,"enemies":"Book of Stabbing","floor":24,"turns":6},{"damage":0,"enemies":"Centurion and Healer","floor":28,"turns":6},{"damage":28,"enemies":"Gremlin Leader","floor":29,"turns":7},{"damage":19,"enemies":"Book of Stabbing","floor":31,"turns":5},{"damage":0,"enemies":"Collector","floor":33,"turns":9},{"damage":14,"enemies":"3 Shapes","floor":35,"turns":10},{"damage":14,"enemies":"3 Darklings","floor":36,"turns":6},{"damage":10,"enemies":"2 Orb Walkers","floor":37,"turns":2},{"damage":14,"enemies":"4 Shapes","floor":41,"turns":14},{"damage":0,"enemies":"Reptomancer","floor":42,"turns":2},{"damage":0,"enemies":"Writhing Mass","floor":44,"turns":6},{"damage":0,"enemies":"3 Darklings","floor":45,"turns":3},{"damage":0,"enemies":"Giant Head","floor":46,"turns":7},{"damage":8,"enemies":"Awakened One","floor":50,"turns":11}],"seed_played":"-5453837109721779479","potions_obtained":[{"floor":1,"key":"Dexterity Potion"},{"floor":8,"key":"ColorlessPotion"},{"floor":10,"key":"Weak Potion"},{"floor":16,"key":"Flashbang"},{"floor":24,"key":"AttackPotion"},{"floor":28,"key":"Dexterity Potion"},{"floor":31,"key":"DuplicationPotion"},{"floor":33,"key":"BlessingOfTheForge"},{"floor":41,"key":"DuplicationPotion"},{"floor":42,"key":"Adrenaline Potion"},{"floor":44,"key":"AttackPotion"},{"floor":45,"key":"Weak Potion"}],"is_trial":false,"path_per_floor":["M","M","M","$","?","E","R","E","T","M","R","E","M","?","R","B",null,"M","?","?","$","M","R","E","R","T","$","M","E","$","E","R","B",null,"M","M","?","$","?","R","M","E","T","M","M","E","$","$","R","B",null],"character_chosen":"BARD","items_purchased":["Membership Card","bard:FirstStrike","AttackPotion","Bird Faced Urn","bard:HarmoniousVoice","bard:Blink","bard:FingerOfDeath","bard:HarmoniousVoice","Fruit Juice","Lee\u0027s Waffle","Replay:Wax Seal","bard:CovetousAura","bard:Improv","SkillPotion","LiquidMemories","bard:Haste","Finesse","bard:LifeDrain"],"campfire_rested":3,"item_purchase_floors":[4,4,4,21,21,21,27,27,27,30,30,30,38,38,38,47,47,48],"current_hp_per_floor":[38,37,25,25,25,7,26,23,23,23,42,39,39,4,23,1,50,47,47,47,47,42,42,24,24,24,29,37,26,85,72,72,84,85,83,77,73,73,73,73,71,75,75,85,85,85,85,85,85,81],"gold":49,"neow_bonus":"RANDOM_COLORLESS_2","is_daily":false,"chose_seed":false,"campfire_upgraded":10,"win_rate":0.0,"timestamp":1610500603,"path_taken":["M","M","M","$","?","E","R","E","T","M","R","E","?","?","R","BOSS","M","?","?","$","M","R","E","R","T","$","M","E","?","E","R","BOSS","M","M","?","$","?","R","M","E","T","M","?","E","?","$","R","BOSS"],"items_purchased_type":["Relic","Card","Potion","Relic","Card","Card","Card","Card","Potion","Relic","Relic","Card","Card","Potion","Potion","Card","Card","Card"],"build_version":"2020-12-22","purchased_purges":4,"victory":true,"max_hp_per_floor":[66,66,66,66,66,66,66,66,66,66,66,66,66,66,66,66,66,66,66,66,66,66,66,66,66,66,71,71,78,85,85,85,85,85,85,85,85,85,85,85,85,85,85,85,85,85,85,85,85,85],"relic_stats":{"Dream Catcher":3,"Lee\u0027s Waffle":59,"counters":[25,139],"Mummified Hand":[72],"Bird Faced Urn":[94],"Smiling Mask":10,"obtain_stats":[{"bard:BagPipes":0,"Lantern":9,"Lee\u0027s Waffle":30,"Replay:PocketPolymizer":42,"bard:PitchPipe":0,"Vajra":31,"Blue Doll":46,"The Courier":24,"Smiling Mask":43,"Akabeko":12,"Replay:Arrowhead":14,"Du-Vu Doll":8,"keyreminder:keyreminder":29,"Dream Catcher":5,"Mummified Hand":26,"Bird Faced Urn":21,"Strawberry":29,"Honey Jar":34,"Coffee Dripper":17,"Red Mask":39,"Membership Card":4,"Replay:Wax Seal":30,"FossilizedHelix":37},{"bard:BagPipes":0,"Lantern":5,"Lee\u0027s Waffle":14,"Replay:PocketPolymizer":21,"bard:PitchPipe":0,"Vajra":15,"Blue Doll":24,"The Courier":12,"Smiling Mask":21,"Akabeko":7,"Replay:Arrowhead":8,"Du-Vu Doll":5,"keyreminder:keyreminder":14,"Dream Catcher":3,"Mummified Hand":12,"Bird Faced Urn":10,"Strawberry":14,"Honey Jar":16,"Coffee Dripper":9,"Red Mask":19,"Membership Card":3,"Replay:Wax Seal":14,"FossilizedHelix":19},{"bard:BagPipes":0,"Lantern":22,"Lee\u0027s Waffle":64,"Replay:PocketPolymizer":112,"bard:PitchPipe":0,"Vajra":69,"Blue Doll":128,"The Courier":51,"Smiling Mask":112,"Akabeko":28,"Replay:Arrowhead":29,"Du-Vu Doll":22,"keyreminder:keyreminder":64,"Dream Catcher":13,"Mummified Hand":51,"Bird Faced Urn":42,"Strawberry":64,"Honey Jar":78,"Coffee Dripper":40,"Red Mask":96,"Membership Card":13,"Replay:Wax Seal":64,"FossilizedHelix":96}]},"card_choices":[{"not_picked":["Secret Weapon","Secret Technique"],"picked":"HandOfGreed","floor":0},{"not_picked":["bard:LifeDrain","bard:StudiedStrike"],"picked":"bard:EchoEcho","floor":1},{"not_picked":["bard:LocateObject","bard:QuickSong"],"picked":"bard:Thunderwave","floor":2},{"not_picked":["bard:FeastOnFear","bard:BestowCurse","bard:StudiedStrike"],"picked":"SKIP","floor":3},{"not_picked":["bard:PhantasmalForce","bard:Rest"],"picked":"bard:Greatness","floor":6},{"not_picked":["bard:EchoEcho","bard:PhantasmalForce"],"picked":"bard:ThickOfTheFight","floor":7},{"not_picked":["bard:DervishDance","bard:FalseLife"],"picked":"bard:Flourish","floor":8},{"not_picked":["bard:LocateObject","bard:Rest"],"picked":"bard:OffKey","floor":10},{"not_picked":["bard:Accelerando","bard:Parry"],"picked":"bard:Rhapsody","floor":11},{"not_picked":["bard:QuickSong","bard:CuttingWords"],"picked":"bard:FirstStrike","floor":12},{"not_picked":["bard:Parry","bard:Accelerando"],"picked":"bard:HideousLaughter","floor":13},{"not_picked":["bard:ThickOfTheFight","bard:BucklerBash"],"picked":"bard:Shifting","floor":15},{"not_picked":["bard:BottledSong","bard:ReverseGravity"],"picked":"bard:SplendidForm","floor":16},{"not_picked":["bard:Gamble","bard:HideousLaughter"],"picked":"bard:HarmoniousVoice","floor":18},{"not_picked":["bard:Parry","bard:Balestra"],"picked":"bard:Thunderwave","floor":22},{"not_picked":["bard:BestowCurse","bard:Rest"],"picked":"bard:Parry","floor":24},{"not_picked":["bard:Balestra","bard:Gamble+1"],"picked":"bard:GreaterMagicWeapon","floor":28},{"not_picked":["bard:HideousLaughter","bard:Flourish"],"picked":"bard:Parry","floor":29},{"not_picked":["bard:Sonata","bard:MantleOfInspiration+1","bard:Greatness"],"picked":"SKIP","floor":31},{"not_picked":["bard:CuttingWords","bard:QuickSong"],"picked":"bard:Shout","floor":35},{"not_picked":["bard:InspiringSong","bard:BucklerBash"],"picked":"bard:FirstStrike","floor":36},{"not_picked":["bard:LocateObject","bard:MantleOfInspiration+1"],"picked":"bard:ViciousMockery","floor":37},{"not_picked":["bard:PhantasmalForce+1","bard:Sift"],"picked":"bard:Accelerando","floor":41},{"not_picked":["bard:Rest","bard:Sift+1"],"picked":"bard:Parry","floor":42},{"not_picked":["bard:CuttingWords+1","bard:FaerieFire"],"picked":"bard:Aphasia","floor":44},{"not_picked":["bard:PhantasmalForce","bard:ThickOfTheFight"],"picked":"bard:LocateObject","floor":45},{"not_picked":["bard:StudiedStrike","bard:BucklerBash+1"],"picked":"bard:LingeringEcho+1","floor":46}],"player_experience":818272,"relics_obtained":[{"floor":8,"key":"Du-Vu Doll"},{"floor":9,"key":"Lantern"},{"floor":12,"key":"Akabeko"},{"floor":24,"key":"The Courier"},{"floor":26,"key":"Mummified Hand"},{"floor":29,"key":"Strawberry"},{"floor":31,"key":"Vajra"},{"floor":37,"key":"FossilizedHelix"},{"floor":42,"key":"Replay:PocketPolymizer"},{"floor":43,"key":"Smiling Mask"},{"floor":46,"key":"Blue Doll"}],"event_choices":[{"cards_removed":["bard:FirstStrike"],"damage_healed":0,"gold_gain":0,"player_choice":"Gave Card","damage_taken":0,"relics_obtained":["Dream Catcher"],"max_hp_gain":0,"max_hp_loss":0,"event_name":"WeMeetAgain","floor":5,"gold_loss":0},{"damage_healed":0,"gold_gain":0,"player_choice":"Relic ","damage_taken":35,"max_hp_gain":0,"max_hp_loss":0,"event_name":"betterThird:BetterScrap","floor":14,"gold_loss":0,"cards_obtained":["Escape Plan"]},{"damage_healed":0,"gold_gain":0,"player_choice":"Fight","damage_taken":0,"max_hp_gain":0,"max_hp_loss":0,"event_name":"Mysterious Sphere","floor":37,"gold_loss":0},{"damage_healed":0,"gold_gain":0,"player_choice":"Paid","damage_taken":0,"relics_obtained":["Red Mask"],"max_hp_gain":0,"max_hp_loss":0,"event_name":"Tomb of Lord Red Mask","floor":39,"gold_loss":101}],"is_beta":false,"boss_relics":[{"not_picked":["Kintsugi","Snecko Heart"],"picked":"Coffee Dripper"},{"not_picked":["SacredBark","Busted Crown"],"picked":"Honey Jar"}],"items_purged_floors":[21,38,47,48],"is_endless":false,"potions_floor_spawned":[1,8,10,16,24,28,31,33,41,42,44,45],"ascension_level":17}}