{"host":"ow66nzv2xecjoor3","time":1610523698,"event":{"mods":["BaseMod","Bestiary","Block Reminder","Colored Powertips","Curses Come First","Highlight Path","Keyboard Shortcuts","Minty Spire (QoL Compilation)","Permanent Neow","Relic Stats","StSLib","UnlockEverythingMod"],"gold_per_floor":[112,128,141,152,171,171,171,171],"floor_reached":7,"language":"ENG","playtime":294,"items_purged":[],"score":90,"play_id":"311a5f3e-81b0-45fa-bcad-c1bf2f17cb65","local_time":"20210113014138","is_ascension_mode":true,"campfire_choices":[{"floor":6,"key":"REST"}],"circlet_count":0,"master_deck":["AscendersBane","Strike_B","Strike_B","Strike_B","Strike_B","Defend_B","Defend_B","Defend_B","Defend_B","Zap","Dualcast","Capacitor","Melter","Steam Power","Conserve Battery"],"relics":["Cracked Core","MealTicket"],"acts_visited":["Exordium"],"potions_floor_usage":[4,5],"damage_taken":[{"damage":1,"enemies":"2 Louse","floor":1,"turns":2},{"damage":0,"enemies":"Small Slimes","floor":2,"turns":3},{"damage":2,"enemies":"Jaw Worm","floor":3,"turns":3},{"damage":37,"enemies":"Lots of Slimes","floor":4,"turns":5},{"damage":20,"enemies":"Exordium Thugs","floor":5,"turns":4},{"damage":27,"enemies":"Lagavulin","floor":7,"turns":7}],"seed_played":"5938766266889312983","potions_obtained":[{"floor":1,"key":"PowerPotion"},{"floor":2,"key":"DuplicationPotion"},{"floor":3,"key":"Strength Potion"}],"is_trial":false,"path_per_floor":["M","M","M","M","M","R","E"],"character_chosen":"DEFECT","items_purchased":[],"campfire_rested":1,"item_purchase_floors":[],"current_hp_per_floor":[63,63,61,24,4,25,0,0],"gold":171,"neow_bonus":"RANDOM_COMMON_RELIC","is_daily":false,"chose_seed":false,"campfire_upgraded":0,"win_rate":0.0,"timestamp":1610523698,"path_taken":["M","M","M","M","M","R","E"],"items_purchased_type":[],"build_version":"2020-12-22","purchased_purges":0,"victory":false,"max_hp_per_floor":[71,71,71,71,71,71,71,71],"relic_stats":{"counters":[6,24],"MealTicket":0,"obtain_stats":[{"MealTicket":0,"Cracked Core":0},{"MealTicket":0,"Cracked Core":0},{"MealTicket":0,"Cracked Core":0}]},"card_choices":[{"not_picked":["Hologram","Leap"],"picked":"Capacitor","floor":1},{"not_picked":["Sweeping Beam","Turbo"],"picked":"Melter","floor":2},{"not_picked":["Tempest","Gash","Beam Cell"],"picked":"SKIP","floor":3},{"not_picked":["Streamline","Redo"],"picked":"Steam Power","floor":4},{"not_picked":["Sweeping Beam","Streamline"],"picked":"Conserve Battery","floor":5}],"player_experience":2701608,"relics_obtained":[],"event_choices":[],"is_beta":false,"boss_relics":[],"items_purged_floors":[],"is_endless":false,"potions_floor_spawned":[1,2,3],"killed_by":"Lagavulin","ascension_level":20}}