{"host":"tnsigirk6wurdark","time":1610578472,"event":{"mods":["BaseMod","Colored Map","Colored Powertips","Highlight Path","Minty Spire (QoL Compilation)","Quick Restart","Relic Sorter","StSLib","Synergy Search"],"gold_per_floor":[17,17,17,30,30,30,55,69,94,94,94,129,129,147,147,224,224,243,25,27,37,52,78,78,103,103,103,130,13,43,55,55,129,129,142,162,175,195,40,40,40],"floor_reached":40,"language":"ENG","playtime":3652,"items_purged":["Strike_G"],"score":842,"play_id":"7609966d-0c31-47f2-bca7-c9bad2a560d3","local_time":"20210113225432","is_ascension_mode":true,"campfire_choices":[{"data":"Bouncing Flask","floor":6,"key":"SMITH"},{"floor":10,"key":"REST"},{"data":"Adrenaline","floor":13,"key":"SMITH"},{"floor":15,"key":"REST"},{"floor":24,"key":"REST"},{"data":"Leg Sweep","floor":27,"key":"SMITH"},{"data":"Caltrops","floor":32,"key":"SMITH"}],"circlet_count":0,"master_deck":["AscendersBane","Strike_G","Strike_G","Strike_G","Defend_G","Defend_G","Defend_G","Defend_G","Defend_G","Survivor","Neutralize","Outmaneuver","Bouncing Flask+1","Dodge and Roll","Flying Knee","After Image","Adrenaline+1","Leg Sweep+1","After Image","CurseOfTheBell","Blur","Bouncing Flask+1","Acrobatics","Die Die Die","Deflect","Dash","Deadly Poison+1","Caltrops+1","Bandage Up","Dagger Throw+1","Burst","Flying Knee","Dagger Throw+1","Caltrops"],"relics":["Ring of the Snake","Bird Faced Urn","Anchor","CaptainsWheel","FossilizedHelix","Vajra","Tough Bandages","Calling Bell","Ancient Tea Set","Ninja Scroll","DollysMirror","HornCleat","Shuriken","Red Mask","Art of War","Black Star","Strange Spoon"],"acts_visited":["Exordium","TheCity","TheBeyond"],"potions_floor_usage":[12,12,16,18,28,30,30,33,36,37],"damage_taken":[{"damage":0,"enemies":"2 Louse","floor":1,"turns":4},{"damage":0,"enemies":"Cultist","floor":4,"turns":3},{"damage":13,"enemies":"Lagavulin","floor":7,"turns":6},{"damage":7,"enemies":"Small Slimes","floor":8,"turns":4},{"damage":20,"enemies":"Gremlin Nob","floor":12,"turns":4},{"damage":0,"enemies":"Blue Slaver","floor":14,"turns":3},{"damage":17,"enemies":"Slime Boss","floor":16,"turns":10},{"damage":0,"enemies":"Chosen","floor":18,"turns":5},{"damage":11,"enemies":"2 Thieves","floor":20,"turns":4},{"damage":0,"enemies":"Snecko","floor":21,"turns":6},{"damage":0,"enemies":"Snake Plant","floor":22,"turns":5},{"damage":13,"enemies":"Slavers","floor":23,"turns":8},{"damage":0,"enemies":"Book of Stabbing","floor":25,"turns":5},{"damage":0,"enemies":"Masked Bandits","floor":28,"turns":3},{"damage":10,"enemies":"Gremlin Leader","floor":30,"turns":8},{"damage":0,"enemies":"Shelled Parasite and Fungi","floor":31,"turns":5},{"damage":31,"enemies":"Automaton","floor":33,"turns":12},{"damage":0,"enemies":"Orb Walker","floor":35,"turns":3},{"damage":0,"enemies":"3 Shapes","floor":36,"turns":4},{"damage":19,"enemies":"Writhing Mass","floor":37,"turns":6},{"damage":11,"enemies":"Sphere and 2 Shapes","floor":38,"turns":5},{"damage":77,"enemies":"Reptomancer","floor":40,"turns":9}],"seed_played":"-3642661991269883499","potions_obtained":[{"floor":7,"key":"FearPotion"},{"floor":8,"key":"LiquidBronze"},{"floor":14,"key":"Strength Potion"},{"floor":16,"key":"PowerPotion"},{"floor":23,"key":"Swift Potion"},{"floor":25,"key":"ColorlessPotion"},{"floor":28,"key":"Swift Potion"},{"floor":30,"key":"SpeedPotion"},{"floor":33,"key":"SteroidPotion"},{"floor":36,"key":"Weak Potion"}],"is_trial":false,"path_per_floor":["M","?","$","M","?","R","E","M","T","R","?","E","R","M","R","B",null,"M","$","M","M","M","E","R","E","T","R","?","$","E","M","R","B",null,"M","M","M","M","$","E"],"character_chosen":"THE_SILENT","items_purchased":["DollysMirror","Caltrops","Bandage Up","Strange Spoon"],"campfire_rested":3,"item_purchase_floors":[19,29,29,39],"current_hp_per_floor":[59,59,59,59,52,52,39,32,32,51,51,31,31,31,50,33,58,58,58,47,47,47,34,53,53,53,53,55,55,53,61,61,37,59,63,66,51,52,52,0,0],"gold":40,"neow_bonus":"ONE_RARE_RELIC","is_daily":false,"chose_seed":false,"campfire_upgraded":4,"win_rate":0.0,"timestamp":1610578472,"path_taken":["M","?","?","M","?","R","E","M","T","R","?","E","R","?","R","BOSS","M","$","M","M","M","E","R","E","T","R","?","$","E","M","R","BOSS","M","M","M","M","$","E"],"items_purchased_type":["Relic","Card","Card","Relic"],"build_version":"2020-12-22","purchased_purges":1,"victory":false,"max_hp_per_floor":[66,66,66,66,66,66,66,66,66,66,66,66,66,66,66,66,66,66,66,66,66,66,66,66,66,66,66,66,66,66,66,66,66,66,66,66,66,66,66,66,66],"card_choices":[{"not_picked":["Sucker Punch","Crippling Poison"],"picked":"Outmaneuver","floor":1},{"not_picked":["Sucker Punch","Dagger Throw"],"picked":"Dodge and Roll","floor":4},{"not_picked":["Cloak And Dagger","Sucker Punch"],"picked":"Flying Knee","floor":7},{"not_picked":["Outmaneuver","Well Laid Plans"],"picked":"After Image","floor":8},{"not_picked":["Eviscerate","Dagger Throw"],"picked":"Adrenaline","floor":12},{"not_picked":["Predator","Quick Slash"],"picked":"Leg Sweep","floor":14},{"not_picked":["Phantasmal Killer","Wraith Form v2"],"picked":"After Image","floor":16},{"not_picked":["Deflect","Blade Dance"],"picked":"Blur","floor":18},{"not_picked":["Sucker Punch","Slice"],"picked":"Acrobatics","floor":20},{"not_picked":["Finisher","Setup+1"],"picked":"Die Die Die","floor":21},{"not_picked":["Concentrate","Infinite Blades"],"picked":"Deflect","floor":22},{"not_picked":["Eviscerate","PiercingWail"],"picked":"Dash","floor":23},{"not_picked":["Acrobatics","Backstab","Poisoned Stab"],"picked":"SKIP","floor":25},{"not_picked":["Skewer+1","Quick Slash"],"picked":"Deadly Poison+1","floor":28},{"not_picked":["Endless Agony","Backflip"],"picked":"Dagger Throw+1","floor":30},{"not_picked":["Quick Slash","Predator","Bane"],"picked":"SKIP","floor":31},{"not_picked":["After Image","Die Die Die"],"picked":"Burst","floor":33},{"not_picked":["Endless Agony+1","Riddle With Holes"],"picked":"Flying Knee","floor":35},{"not_picked":["Concentrate","Acrobatics","Skewer"],"picked":"SKIP","floor":36},{"not_picked":["Eviscerate+1","Acrobatics"],"picked":"Dagger Throw+1","floor":37},{"not_picked":["Quick Slash","Poisoned Stab"],"picked":"Caltrops","floor":38}],"player_experience":721121,"relics_obtained":[{"floor":7,"key":"Anchor"},{"floor":9,"key":"Vajra"},{"floor":12,"key":"Tough Bandages"},{"floor":17,"key":"Ancient Tea Set"},{"floor":17,"key":"Ninja Scroll"},{"floor":17,"key":"CaptainsWheel"},{"floor":23,"key":"HornCleat"},{"floor":25,"key":"Shuriken"},{"floor":26,"key":"Bird Faced Urn"},{"floor":28,"key":"Red Mask"},{"floor":30,"key":"Art of War"}],"event_choices":[{"damage_healed":0,"gold_gain":0,"player_choice":"1 cards matched","damage_taken":0,"max_hp_gain":0,"max_hp_loss":0,"event_name":"Match and Keep!","floor":2,"gold_loss":0,"cards_obtained":["Bouncing Flask"]},{"cards_removed":["Strike_G"],"damage_healed":0,"gold_gain":0,"player_choice":"Card Removal","damage_taken":7,"max_hp_gain":0,"max_hp_loss":0,"event_name":"Golden Wing","floor":5,"gold_loss":0},{"damage_healed":0,"gold_gain":0,"player_choice":"Ignored","damage_taken":0,"max_hp_gain":0,"max_hp_loss":0,"event_name":"Shining Light","floor":11,"gold_loss":0},{"damage_healed":0,"gold_gain":0,"player_choice":"Fought Bandits","damage_taken":0,"max_hp_gain":0,"max_hp_loss":0,"event_name":"Masked Bandits","floor":28,"gold_loss":0}],"is_beta":false,"boss_relics":[{"not_picked":["WristBlade","Busted Crown"],"picked":"Calling Bell"},{"not_picked":["Runic Pyramid","Velvet Choker"],"picked":"Black Star"}],"items_purged_floors":[19],"is_endless":false,"potions_floor_spawned":[7,8,14,16,23,25,28,30,33,36],"killed_by":"Reptomancer","ascension_level":15}}