{"host":"4par9lyhj7bf4dsa","time":1610532748,"event":{"mods":["AchievementEnabler","BaseMod","Colored Map","Minty Spire (QoL Compilation)","Relic Stats","StSLib"],"gold_per_floor":[115,126,126,143,162,162,180,209,254,254,224,240,272,292,292,390,390,400,315,315,315,327,356,356,19,19,19,48,58,58,258,258,362,362,404,12,89,135,200,229,229,255,281,281,294,321,321,350,350,350,350,350,36,68,68,68],"floor_reached":55,"language":"ENG","playtime":4804,"items_purged":["Strike_P","Strike_P"],"score":1390,"play_id":"d93699bd-7aa0-4417-947c-824169c6cec2","local_time":"20210113211228","is_ascension_mode":true,"campfire_choices":[{"floor":6,"key":"REST"},{"floor":10,"key":"REST"},{"floor":15,"key":"REST"},{"floor":24,"key":"REST"},{"floor":27,"key":"REST"},{"floor":30,"key":"RECALL"},{"floor":32,"key":"REST"},{"floor":47,"key":"REST"},{"floor":49,"key":"REST"},{"floor":52,"key":"REST"}],"circlet_count":0,"master_deck":["AscendersBane","Strike_P","Strike_P","Defend_P","Defend_P","Defend_P","Defend_P","Eruption","Vigilance+1","BattleHymn","Consecrate","Adaptation","Conclude","Indignation","Omniscience","EmptyFist+1","ThirdEye+1","Wallop","Collect","Wish","CurseOfTheBell","Establishment+1","TalkToTheHand+1","Vault","MentalFortress+1","Fasting2+1"],"relics":["Fusion Hammer","Tiny Chest","HornCleat","Blood Vial","Pen Nib","Snecko Eye","Frozen Egg 2","White Beast Statue","Pantograph","Orrery","Pear","StrikeDummy","Calling Bell","Bronze Scales","Singing Bowl","Bird Faced Urn","Mummified Hand","Yang","Pocketwatch","Ancient Tea Set","Sundial","The Courier","Letter Opener","Oddly Smooth Stone","Vajra"],"acts_visited":["Exordium","TheCity","TheBeyond","TheEnding"],"potions_floor_usage":[7,16,16,23,23,28,33,39,39,42,50,50,55],"damage_taken":[{"damage":0,"enemies":"Cultist","floor":1,"turns":3},{"damage":0,"enemies":"2 Louse","floor":2,"turns":3},{"damage":0,"enemies":"Small Slimes","floor":4,"turns":2},{"damage":1,"enemies":"Looter","floor":5,"turns":4},{"damage":14,"enemies":"Gremlin Gang","floor":7,"turns":3},{"damage":22,"enemies":"Lagavulin","floor":8,"turns":7},{"damage":3,"enemies":"Large Slime","floor":12,"turns":3},{"damage":6,"enemies":"3 Sentries","floor":13,"turns":4},{"damage":0,"enemies":"Looter","floor":14,"turns":2},{"damage":16,"enemies":"Hexaghost","floor":16,"turns":6},{"damage":17,"enemies":"2 Thieves","floor":18,"turns":4},{"damage":0,"enemies":"3 Byrds","floor":22,"turns":2},{"damage":14,"enemies":"Gremlin Leader","floor":23,"turns":3},{"damage":9,"enemies":"Book of Stabbing","floor":28,"turns":3},{"damage":7,"enemies":"Shelled Parasite and Fungi","floor":29,"turns":3},{"damage":23,"enemies":"Automaton","floor":33,"turns":6},{"damage":21,"enemies":"3 Shapes","floor":35,"turns":8},{"damage":13,"enemies":"2 Orb Walkers","floor":38,"turns":4},{"damage":6,"enemies":"Orb Walker","floor":39,"turns":4},{"damage":31,"enemies":"Reptomancer","floor":40,"turns":6},{"damage":15,"enemies":"Nemesis","floor":42,"turns":7},{"damage":11,"enemies":"Spire Growth","floor":45,"turns":5},{"damage":3,"enemies":"Giant Head","floor":46,"turns":7},{"damage":0,"enemies":"Reptomancer","floor":48,"turns":4},{"damage":21,"enemies":"Time Eater","floor":50,"turns":5},{"damage":51,"enemies":"Shield and Spear","floor":54,"turns":6},{"damage":77,"enemies":"The Heart","floor":55,"turns":3}],"seed_played":"-82148571759118370","potions_obtained":[{"floor":2,"key":"Ancient Potion"},{"floor":5,"key":"DuplicationPotion"},{"floor":11,"key":"EntropicBrew"},{"floor":11,"key":"GamblersBrew"},{"floor":14,"key":"Dexterity Potion"},{"floor":16,"key":"Weak Potion"},{"floor":22,"key":"DuplicationPotion"},{"floor":23,"key":"Regen Potion"},{"floor":28,"key":"LiquidMemories"},{"floor":33,"key":"DuplicationPotion"},{"floor":39,"key":"SteroidPotion"},{"floor":40,"key":"GamblersBrew"},{"floor":42,"key":"FearPotion"},{"floor":45,"key":"DuplicationPotion"},{"floor":54,"key":"DuplicationPotion"}],"is_trial":false,"path_per_floor":["M","M","?","M","M","R","M","E","T","R","?","M","E","M","R","B",null,"M","?","T","?","M","E","R","$","T","R","E","M","R","?","R","B",null,"M","$","T","?","M","E","?","E","T","?","M","E","R","E","R","B",null,"R","$","E","B"],"character_chosen":"WATCHER","items_purchased":["Orrery","Wallop","Strength Potion","Mummified Hand","Establishment+1","MentalFortress+1","Oddly Smooth Stone","Fasting2+1"],"campfire_rested":9,"item_purchase_floors":[25,25,25,36,36,53,53,53],"current_hp_per_floor":[65,65,32,32,31,52,38,16,16,37,37,36,32,34,55,41,64,49,49,49,49,51,39,60,60,70,82,73,68,68,68,82,59,76,63,63,63,58,72,51,51,44,44,44,43,50,76,84,89,70,84,89,89,44,0,0],"gold":68,"neow_bonus":"BOSS_RELIC","is_daily":false,"chose_seed":false,"campfire_upgraded":0,"win_rate":0.0,"timestamp":1610532748,"path_taken":["M","M","?","M","M","R","M","E","T","R","?","?","E","M","R","BOSS","M","?","?","?","?","E","R","$","T","R","E","M","R","?","R","BOSS","M","$","?","?","M","E","?","E","T","?","M","E","R","E","R","BOSS","R","$","E","BOSS"],"items_purchased_type":["Relic","Card","Potion","Relic","Card","Card","Relic","Card"],"build_version":"2020-12-22","purchased_purges":2,"victory":false,"max_hp_per_floor":[72,72,72,72,72,72,72,72,72,72,72,72,72,72,72,72,72,72,72,72,72,72,72,72,72,82,82,82,82,82,82,82,82,82,84,84,84,86,88,90,85,85,85,85,87,89,89,89,89,89,89,89,89,91,91,91],"relic_stats":{"Singing Bowl":14,"counters":[27,117],"Yang":[125],"Pen Nib":[21],"Letter Opener":[25],"Blood Vial":34,"Mummified Hand":[57],"Sundial":[4],"Pantograph":25,"Bronze Scales":[174],"Bird Faced Urn":[54],"Snecko Eye":[142,104,128,145],"Tiny Chest":2,"obtain_stats":[{"Singing Bowl":34,"Vajra":54,"Yang":37,"Ancient Tea Set":40,"Blood Vial":9,"HornCleat":8,"Mummified Hand":36,"Sundial":42,"Pantograph":23,"Tiny Chest":3,"Fusion Hammer":0,"Pear":26,"Oddly Smooth Stone":53,"Pen Nib":13,"The Courier":46,"Letter Opener":48,"Frozen Egg 2":19,"White Beast Statue":20,"Calling Bell":34,"Bronze Scales":34,"Bird Faced Urn":34,"Snecko Eye":17,"Orrery":25,"PureWater":0,"StrikeDummy":28,"Pocketwatch":38},{"Singing Bowl":16,"Vajra":26,"Yang":17,"Ancient Tea Set":20,"Blood Vial":6,"HornCleat":6,"Mummified Hand":17,"Sundial":21,"Pantograph":13,"Tiny Chest":2,"Fusion Hammer":0,"Pear":13,"Oddly Smooth Stone":25,"Pen Nib":8,"The Courier":23,"Letter Opener":24,"Frozen Egg 2":11,"White Beast Statue":11,"Calling Bell":16,"Bronze Scales":16,"Bird Faced Urn":16,"Snecko Eye":10,"Orrery":13,"PureWater":0,"StrikeDummy":14,"Pocketwatch":18},{"Singing Bowl":58,"Vajra":114,"Yang":66,"Ancient Tea Set":80,"Blood Vial":22,"HornCleat":22,"Mummified Hand":66,"Sundial":87,"Pantograph":46,"Tiny Chest":6,"Fusion Hammer":0,"Pear":46,"Oddly Smooth Stone":108,"Pen Nib":29,"The Courier":99,"Letter Opener":103,"Frozen Egg 2":41,"White Beast Statue":41,"Calling Bell":58,"Bronze Scales":58,"Bird Faced Urn":58,"Snecko Eye":37,"Orrery":46,"PureWater":0,"StrikeDummy":49,"Pocketwatch":70}],"Pocketwatch":[9]},"card_choices":[{"not_picked":["Protect","CutThroughFate"],"picked":"BattleHymn","floor":1},{"not_picked":["EmptyFist","EmptyBody"],"picked":"Consecrate","floor":2},{"not_picked":["Prostrate","ThirdEye"],"picked":"Adaptation","floor":4},{"not_picked":["Meditate","PathToVictory","Consecrate"],"picked":"SKIP","floor":5},{"not_picked":["WreathOfFlame","Alpha","SandsOfTime"],"picked":"SKIP","floor":7},{"not_picked":["SignatureMove","EmptyBody"],"picked":"Conclude","floor":8},{"not_picked":["WheelKick","BattleHymn"],"picked":"Indignation","floor":12},{"not_picked":["FollowUp","Protect","Crescendo"],"picked":"SKIP","floor":13},{"not_picked":["WheelKick","EmptyBody","CrushJoints"],"picked":"SKIP","floor":14},{"not_picked":["DevaForm","Scrawl"],"picked":"Omniscience","floor":16},{"not_picked":["FlyingSleeves","SashWhip","EmptyBody"],"picked":"SKIP","floor":18},{"not_picked":["WindmillStrike","SashWhip+1"],"picked":"EmptyFist+1","floor":22},{"not_picked":["Indignation","Protect","FlurryOfBlows"],"picked":"SKIP","floor":23},{"not_picked":["Crescendo","WindmillStrike"],"picked":"ThirdEye+1","floor":25},{"not_picked":["FlurryOfBlows","FearNoEvil"],"picked":"Collect","floor":28},{"not_picked":["FlurryOfBlows+1","MasterReality+1","ThirdEye"],"picked":"SKIP","floor":29},{"not_picked":["Blasphemy","Judgement"],"picked":"Wish","floor":33},{"not_picked":["Weave+1","Perseverance","Halt"],"picked":"Singing Bowl","floor":35},{"not_picked":["Prostrate","Consecrate","SignatureMove"],"picked":"Singing Bowl","floor":38},{"not_picked":["SashWhip","PathToVictory","EmptyFist"],"picked":"Singing Bowl","floor":39},{"not_picked":["EmptyBody","EmptyFist","Conclude"],"picked":"Singing Bowl","floor":40},{"not_picked":["Conclude","CarveReality"],"picked":"TalkToTheHand","floor":42},{"not_picked":["FlyingSleeves+1","ThirdEye","Collect"],"picked":"Singing Bowl","floor":45},{"not_picked":["Prostrate","ForeignInfluence","FlurryOfBlows"],"picked":"Singing Bowl","floor":46},{"not_picked":["FollowUp","BattleHymn+1"],"picked":"Vault","floor":48},{"not_picked":["FlurryOfBlows","Protect","EmptyBody"],"picked":"Singing Bowl","floor":54}],"player_experience":897905,"relics_obtained":[{"floor":8,"key":"HornCleat"},{"floor":9,"key":"Blood Vial"},{"floor":13,"key":"Pen Nib"},{"floor":20,"key":"White Beast Statue"},{"floor":23,"key":"Pantograph"},{"floor":26,"key":"Pear"},{"floor":28,"key":"StrikeDummy"},{"floor":34,"key":"Bronze Scales"},{"floor":34,"key":"Singing Bowl"},{"floor":34,"key":"Bird Faced Urn"},{"floor":37,"key":"Yang"},{"floor":38,"key":"Pocketwatch"},{"floor":40,"key":"Ancient Tea Set"},{"floor":42,"key":"Sundial"},{"floor":46,"key":"The Courier"},{"floor":48,"key":"Letter Opener"},{"floor":54,"key":"Vajra"}],"event_choices":[{"damage_healed":0,"gold_gain":0,"player_choice":"Success","damage_taken":33,"relics_obtained":["Tiny Chest"],"max_hp_gain":0,"max_hp_loss":0,"event_name":"Scrap Ooze","floor":3,"gold_loss":0},{"damage_healed":0,"gold_gain":0,"player_choice":"Bought 2 Potions","damage_taken":0,"max_hp_gain":0,"max_hp_loss":0,"event_name":"The Woman in Blue","floor":11,"gold_loss":0},{"damage_healed":0,"gold_gain":0,"player_choice":"Obtained Relic","damage_taken":0,"relics_obtained":["Frozen Egg 2"],"max_hp_gain":0,"max_hp_loss":0,"event_name":"Addict","floor":19,"gold_loss":85},{"damage_healed":0,"gold_gain":0,"player_choice":"Upgraded","damage_taken":0,"max_hp_gain":0,"max_hp_loss":0,"event_name":"Upgrade Shrine","floor":21,"gold_loss":0,"cards_upgraded":["Vigilance"]},{"damage_healed":0,"gold_gain":250,"player_choice":"Bet on Owner","damage_taken":0,"max_hp_gain":0,"max_hp_loss":0,"event_name":"The Joust","floor":31,"gold_loss":50},{"damage_healed":0,"gold_gain":0,"player_choice":"Fight","damage_taken":0,"max_hp_gain":0,"max_hp_loss":0,"event_name":"Mysterious Sphere","floor":38,"gold_loss":0},{"damage_healed":0,"gold_gain":0,"player_choice":"Max HP","damage_taken":0,"max_hp_gain":0,"max_hp_loss":5,"event_name":"Winding Halls","floor":41,"gold_loss":0},{"damage_healed":0,"gold_gain":0,"player_choice":"Forge","damage_taken":0,"max_hp_gain":0,"max_hp_loss":0,"event_name":"Accursed Blacksmith","floor":44,"gold_loss":0,"cards_upgraded":["TalkToTheHand"]}],"is_beta":false,"boss_relics":[{"not_picked":["Coffee Dripper","SacredBark"],"picked":"Snecko Eye"},{"not_picked":["Runic Pyramid","Tiny House"],"picked":"Calling Bell"}],"items_purged_floors":[25,53],"is_endless":false,"potions_floor_spawned":[2,5,12,14,16,22,23,28,29,33,35,38,39,40,42,45,46,48,54],"killed_by":"The Heart","ascension_level":12}}