{"host":"mn5kbj4x7gv3jr0o","time":1610509182,"event":{"mods":["2.2 Compatiblity","AchievementEnabler","Ascension Reborn","Ascension Unlocker","Aspiration","BaseMod","Better Note","CCEM","Conjunction","Conspire","Curses Come First","Downfall","HololiveMod","Hubris","Infinite Spire","Jess\u0027s Bottle","Minty Spire (QoL Compilation)","Quarter Circle Forward PUNCH!","Quick Restart","Relic Sorter","Relic Stats","Replay The Spire","Reworked Bosses","SCP261 Mod","SacredBarkPlus","Shedinja","Small Relic Pack","Spicy Shops","Spikes Relics","StSLib","Thrall Mod","Trackpad","Uncapped","Unceasing Turn Reminder","Virulent Crown","vexMod"],"gold_per_floor":[117,133,308,321,321,349,349,19,19,19,19,19,35,64,64,165,165,182,20,45,54,73,73,114,114,196,223,223,223,223,247,247,353,353,379,354,354,381,381,419,459,498,498,251,278,47,47,68,68,191,191,200,217,234,234,234],"floor_reached":55,"language":"ENG","playtime":9011,"items_purged":[],"score":958,"play_id":"f0b7c763-3560-4e94-8ffc-3ebd1b91fb91","local_time":"20210112223942","is_ascension_mode":true,"campfire_choices":[{"data":"Shedinja:FocusSash","floor":7,"key":"SMITH"},{"data":"Shedinja:FocusSash","floor":7,"key":"SMITH"},{"data":"Shedinja:ShadowSneak","floor":10,"key":"SMITH"},{"data":"Shedinja:ShadowSneak","floor":10,"key":"SMITH"},{"data":"Shedinja:Mimic","floor":12,"key":"SMITH"},{"data":"Shedinja:AerialAce","floor":12,"key":"SMITH"},{"data":"Shedinja:PowerBracer","floor":15,"key":"SMITH"},{"data":"Shedinja:ShadowClaw","floor":15,"key":"SMITH"},{"data":"Shedinja:Elixir","floor":23,"key":"SMITH"},{"data":"Shedinja:Endure","floor":23,"key":"SMITH"},{"data":"Shedinja:Endure","floor":25,"key":"SMITH"},{"data":"Shedinja:Endure","floor":25,"key":"SMITH"},{"data":"Shedinja:DoubleTeam","floor":28,"key":"SMITH"},{"data":"Shedinja:Endure","floor":28,"key":"SMITH"},{"data":"Shedinja:Endure","floor":30,"key":"SMITH"},{"data":"Shedinja:Round","floor":30,"key":"SMITH"},{"data":"Shedinja:StruggleBug","floor":32,"key":"SMITH"},{"data":"Shedinja:Rest","floor":32,"key":"SMITH"},{"data":"Shedinja:Elixir","floor":47,"key":"SMITH"},{"data":"Hololive_Sequa","floor":47,"key":"SMITH"},{"data":"Hex","floor":49,"key":"SMITH"},{"data":"Headbutt","floor":49,"key":"SMITH"}],"circlet_count":0,"master_deck":["Shedinja:Endure+1","Shedinja:Endure+1","Shedinja:Endure+1","Shedinja:Endure+1","Shedinja:Endure+1","Shedinja:FocusSash+1","Shedinja:FocusSash+1","Shedinja:Mimic+1","Shedinja:ShadowSneak+1","Shedinja:ShadowSneak+1","Shedinja:ShadowClaw+1","Trip+1","Shedinja:AerialAce+1","Shedinja:Round+1","Shedinja:PowerBracer+1","Shedinja:Rest+1","Shedinja:Elixir+1","Shedinja:StruggleBug+1","Shedinja:ShadowSneak+1","Thecoin+1","Shedinja:WillOWisp+1","Shedinja:DoubleTeam+1","Slimebound:Tackle+1","Slimebound:Tackle+1","Slimebound:Tackle+1","Shedinja:RockyHelmet+1","Shedinja:PokeBall+1","Shedinja:WillOWisp+1","Hololive_CallYozoraMel+1","Hex+1","Iron Wave+1","Sword Boomerang","Shedinja:Round","Shedinja:Elixir+1","Hemokinesis","Beakeredlightning","Shedinja:ShadowBall+1","Hololive_Sequa+1","Headbutt+1","hexamod:ThirdSeal","Thinking Ahead+1","expansioncontent:DefensiveMode","Lightningbolt+1","Exhume","Hololive_BeCareful","Hololive_CallUsadaPekora","Heavy Blade","hubris:Insight"],"relics":["Shedinja:WonderGuard","hubris:Reverence","aspiration:Nostalgia","infinitespire:DarkRift","Replay:Arrowhead","Membership Card","qcfpunch:Necklace_of_Skulls","Shedinja:WonderGuardNSShop","infinitespire:Bottled Soul","Shedinja:EnergyLoss","ReplayTheSpireMod:Lightbulb","Painkiller Herb","hubris:FunFungus","CeramicFish","MiniBlackHole","relicPack:OneForAll","Replay:Bronze Core","Shedinja:WonderGuardNSBoss","PrismaticShard","hubris:Towel","WingedGreaves","Shedinja:WonderGuardNSUncommon","Mirror","trackpad:ByrdCharm","War Paint","hubris:CrystalStatue","Orrery","Blue Doll","Guide Book","Sandwich","Odd Mushroom"],"acts_visited":["Exordium","TheCity","TheBeyond","Exordium"],"potions_floor_usage":[6,6,33,42,42,52],"damage_taken":[{"damage":0,"enemies":"infinitespire:Voidling","floor":1,"turns":6},{"damage":0,"enemies":"conspire:RoseBush","floor":2,"turns":4},{"damage":0,"enemies":"Small Slimes","floor":4,"turns":2},{"damage":0,"enemies":"3 Sentries","floor":6,"turns":11},{"damage":0,"enemies":"conspire:2 RoseBushes","floor":13,"turns":5},{"damage":0,"enemies":"Replay:BlueRogue","floor":14,"turns":5},{"damage":0,"enemies":"The Guardian","floor":16,"turns":4},{"damage":0,"enemies":"Spheric Guardian","floor":18,"turns":5},{"damage":0,"enemies":"Shell Parasite","floor":20,"turns":4},{"damage":0,"enemies":"Snecko","floor":22,"turns":8},{"damage":0,"enemies":"Replay:Snechameleon","floor":24,"turns":7},{"damage":0,"enemies":"Cultist and Chosen","floor":31,"turns":6},{"damage":0,"enemies":"bossMod:newCollector","floor":33,"turns":5},{"damage":0,"enemies":"3 Darklings","floor":35,"turns":5},{"damage":0,"enemies":"Orb Walker","floor":38,"turns":3},{"damage":0,"enemies":"Nightmare","floor":40,"turns":6},{"damage":0,"enemies":"Giant Head","floor":41,"turns":9},{"damage":0,"enemies":"Reptomancer","floor":42,"turns":4},{"damage":0,"enemies":"Jaw Worm Horde","floor":45,"turns":4},{"damage":0,"enemies":"3 Darklings","floor":48,"turns":4},{"damage":0,"enemies":"bossMod:newAwakened","floor":50,"turns":9},{"damage":0,"enemies":"Cultist","floor":52,"turns":2},{"damage":0,"enemies":"The Mushroom Lair","floor":53,"turns":2},{"damage":0,"enemies":"Jaw Worm","floor":54,"turns":2}],"seed_played":"-8069239719612528633","potions_obtained":[{"floor":1,"key":"FearPotion"},{"floor":4,"key":"sneckomod:MuddlingPotion"},{"floor":13,"key":"conspire:TimeTravelPotion"},{"floor":24,"key":"Block Potion"},{"floor":35,"key":"Swift Potion"},{"floor":40,"key":"ColorlessPotion"},{"floor":42,"key":"PowerPotion"},{"floor":50,"key":"SneckoOil"},{"floor":52,"key":"Fire Potion"},{"floor":54,"key":"CultistPotion"}],"is_trial":false,"path_per_floor":["M","M","?","M","?","E","R","$","T","R","?","R","M","E","R","B",null,"?","T","?","?","?","T","E","T","T","?","T","?","T","?","T","B",null,"?","?","AVR","?","?","NM","E","E","T","T","?","T","T","?","T","B",null,"?","?","?","?"],"character_chosen":"THE_DEFAULT","items_purchased":["Membership Card","qcfpunch:Necklace_of_Skulls","Shedinja:WonderGuardNSShop","Trip","hubris:FunFungus","CeramicFish","Shedinja:StruggleBug","War Paint","Shedinja:Round","Shedinja:Elixir","hubris:CrystalStatue","Orrery","Blue Doll","Thinking Ahead","expansioncontent:DefensiveMode","Guide Book"],"campfire_rested":0,"item_purchase_floors":[8,8,8,8,19,19,19,44,44,44,44,44,46,46,46,46],"current_hp_per_floor":[1,1,1,1,1,1,1,1,1,1,1,1,1,1,1,1,1,1,1,1,1,1,1,1,1,1,1,1,1,1,1,1,1,1,1,1,1,1,1,1,1,1,1,1,1,1,1,1,1,1,1,1,1,1,0,0],"gold":234,"neow_bonus":"NOSTALGIA","is_daily":false,"chose_seed":false,"campfire_upgraded":22,"win_rate":0.0,"timestamp":1610509182,"path_taken":["M","?","?","M","?","E","R","?","T","R","?","R","?","E","R","BOSS","?","T","?","?","?","T","E","T","T","?","T","?","T","?","T","BOSS","?","?","AVR","?","?","NM","E","E","T","T","?","T","T","?","T","BOSS","?","?","?","?"],"items_purchased_type":["Relic","Relic","Relic","Card","Relic","Relic","Card","Relic","Card","Card","Relic","Relic","Relic","Card","Card","Relic"],"build_version":"2020-12-22","purchased_purges":0,"victory":false,"max_hp_per_floor":[1,1,1,1,1,1,1,1,1,1,1,1,1,1,1,1,1,1,1,1,1,1,1,1,1,1,1,1,1,1,1,1,1,1,1,1,1,1,1,1,1,1,1,1,1,1,1,1,1,1,1,1,1,1,1,1],"relic_stats":{"counters":[24,122],"CeramicFish":279,"War Paint":["Trip","Shedinja:WillOWisp"],"obtain_stats":[{"hubris:CrystalStatue":44,"CeramicFish":19,"Painkiller Herb":17,"Blue Doll":46,"PrismaticShard":37,"relicPack:OneForAll":29,"trackpad:ByrdCharm":43,"infinitespire:Bottled Soul":9,"Replay:Bronze Core":34,"MiniBlackHole":24,"qcfpunch:Necklace_of_Skulls":8,"hubris:FunFungus":19,"WingedGreaves":40,"Shedinja:WonderGuard":0,"aspiration:Nostalgia":0,"Guide Book":46,"hubris:Towel":39,"War Paint":44,"Odd Mushroom":53,"Replay:Arrowhead":6,"Shedinja:WonderGuardNSBoss":37,"Sandwich":51,"Shedinja:WonderGuardNSShop":8,"infinitespire:DarkRift":0,"Orrery":44,"Shedinja:EnergyLoss":11,"Membership Card":8,"ReplayTheSpireMod:Lightbulb":14,"Mirror":42,"hubris:Reverence":36,"Shedinja:WonderGuardNSUncommon":41},{"hubris:CrystalStatue":18,"CeramicFish":8,"Painkiller Herb":7,"Blue Doll":19,"PrismaticShard":14,"relicPack:OneForAll":11,"trackpad:ByrdCharm":18,"infinitespire:Bottled Soul":4,"Replay:Bronze Core":13,"MiniBlackHole":11,"qcfpunch:Necklace_of_Skulls":4,"hubris:FunFungus":8,"WingedGreaves":16,"Shedinja:WonderGuard":0,"aspiration:Nostalgia":0,"Guide Book":19,"hubris:Towel":15,"War Paint":18,"Odd Mushroom":23,"Replay:Arrowhead":4,"Shedinja:WonderGuardNSBoss":14,"Sandwich":21,"Shedinja:WonderGuardNSShop":4,"infinitespire:DarkRift":0,"Orrery":18,"Shedinja:EnergyLoss":4,"Membership Card":4,"ReplayTheSpireMod:Lightbulb":6,"Mirror":18,"hubris:Reverence":14,"Shedinja:WonderGuardNSUncommon":17},{"hubris:CrystalStatue":99,"CeramicFish":42,"Painkiller Herb":37,"Blue Doll":103,"PrismaticShard":77,"relicPack:OneForAll":61,"trackpad:ByrdCharm":99,"infinitespire:Bottled Soul":23,"Replay:Bronze Core":72,"MiniBlackHole":61,"qcfpunch:Necklace_of_Skulls":23,"hubris:FunFungus":42,"WingedGreaves":86,"Shedinja:WonderGuard":0,"aspiration:Nostalgia":0,"Guide Book":103,"hubris:Towel":80,"War Paint":99,"Odd Mushroom":120,"Replay:Arrowhead":23,"Shedinja:WonderGuardNSBoss":77,"Sandwich":116,"Shedinja:WonderGuardNSShop":23,"infinitespire:DarkRift":0,"Orrery":99,"Shedinja:EnergyLoss":23,"Membership Card":23,"ReplayTheSpireMod:Lightbulb":33,"Mirror":99,"hubris:Reverence":77,"Shedinja:WonderGuardNSUncommon":95}]},"card_choices":[{"not_picked":["Shedinja:PowerBelt","Shedinja:Thief"],"picked":"Shedinja:Mimic","floor":1},{"not_picked":["Shedinja:NightSlash","Shedinja:PowerBelt"],"picked":"Shedinja:ShadowSneak","floor":2},{"not_picked":["Shedinja:StruggleBug","Shedinja:ShadowClaw"],"picked":"Shedinja:ShadowSneak","floor":4},{"not_picked":["Shedinja:Ether","Shedinja:Absorb"],"picked":"Shedinja:ShadowClaw","floor":6},{"not_picked":["Shedinja:ShadowClaw","Shedinja:NightSlash"],"picked":"Shedinja:Round","floor":13},{"not_picked":["Shedinja:NightSlash","Shedinja:WillOWisp"],"picked":"Shedinja:PowerBracer","floor":14},{"not_picked":["Shedinja:HYPERBEAM","Shedinja:Protect"],"picked":"Shedinja:Rest","floor":16},{"not_picked":["Shedinja:SafetyGoggles+1","Shedinja:PowerBracer"],"picked":"Shedinja:Elixir","floor":18},{"not_picked":["Shedinja:Facade+1","Shedinja:SuckerPunch+1"],"picked":"Shedinja:ShadowSneak+1","floor":20},{"not_picked":["Shedinja:Absorb","Shedinja:PowerBracer"],"picked":"Shedinja:WillOWisp+1","floor":22},{"not_picked":["Shedinja:ArtifactCard","Shedinja:Agility"],"picked":"Shedinja:DoubleTeam","floor":24},{"not_picked":["Shedinja:NightSlash","Shedinja:ShadowBall"],"picked":"Shedinja:RockyHelmet+1","floor":31},{"not_picked":["Shedinja:PhantomForce","Shedinja:HYPERBEAM"],"picked":"Shedinja:PokeBall","floor":33},{"not_picked":["Shedinja:ArtifactCard","Shedinja:MindReader+1"],"picked":"Shedinja:WillOWisp","floor":35},{"not_picked":["Shedinja:PowerBracer+1","Jadecheiftain"],"picked":"Hololive_CallYozoraMel+1","floor":38},{"not_picked":["hexamod:SoulSteal+1","Guardian:VentSteam+1"],"picked":"Hex","floor":40},{"not_picked":["Slimebound:LeechLife","hexamod:DynamicBlow+1"],"picked":"Iron Wave+1","floor":41},{"not_picked":["Tantrum","Replay:AllIn"],"picked":"Sword Boomerang","floor":42},{"not_picked":["Tidalsurge","champ:DeathBlow+1"],"picked":"Hemokinesis","floor":44},{"not_picked":["Leap","champ:MurderStrike"],"picked":"Beakeredlightning","floor":44},{"not_picked":["Tempest+1","BowlingBash+1"],"picked":"Shedinja:ShadowBall+1","floor":44},{"not_picked":["Elementaryreaction+1","Body Slam+1"],"picked":"Hololive_Sequa","floor":44},{"not_picked":["hexamod:RainOfEmbers","Replay:ManipulateFuture+1"],"picked":"Headbutt","floor":44},{"not_picked":["Shedinja:RockyHelmet","Shedinja:WillOWisp+1"],"picked":"hexamod:ThirdSeal","floor":45},{"not_picked":["Jinyu","Shedinja:Facade"],"picked":"Lightningbolt+1","floor":48},{"not_picked":["hexamod:SearingWound","champ:SteelEdge"],"picked":"Exhume","floor":50},{"not_picked":["Electrodynamics","Hagatha"],"picked":"Hololive_BeCareful","floor":50},{"not_picked":["Tidalsurge","Carnage"],"picked":"Hololive_CallUsadaPekora","floor":52},{"not_picked":["Intimidate","Drakkaridefender"],"picked":"Heavy Blade","floor":53},{"not_picked":["Farsight","Healingrain"],"picked":"hubris:Insight","floor":54}],"player_experience":139656,"relics_obtained":[{"floor":6,"key":"Replay:Arrowhead"},{"floor":9,"key":"infinitespire:Bottled Soul"},{"floor":14,"key":"ReplayTheSpireMod:Lightbulb"},{"floor":24,"key":"MiniBlackHole"},{"floor":40,"key":"WingedGreaves"},{"floor":41,"key":"Shedinja:WonderGuardNSUncommon"},{"floor":42,"key":"Mirror"},{"floor":43,"key":"trackpad:ByrdCharm"},{"floor":53,"key":"Odd Mushroom"}],"event_choices":[{"damage_healed":0,"gold_gain":175,"player_choice":"AGREE","damage_taken":0,"max_hp_gain":0,"max_hp_loss":0,"event_name":"Liars Game","floor":3,"gold_loss":0,"cards_obtained":["Doubt"]},{"cards_removed":["Doubt"],"damage_healed":0,"gold_gain":0,"player_choice":"Forget","damage_taken":0,"max_hp_gain":0,"max_hp_loss":0,"event_name":"Living Wall","floor":5,"gold_loss":0},{"cards_removed":["Shedinja:FocusSash"],"damage_healed":0,"gold_gain":0,"player_choice":"Take \u0026 Give","damage_taken":0,"max_hp_gain":0,"max_hp_loss":0,"event_name":"betterNote:BetterNote","floor":21,"gold_loss":0,"cards_obtained":["Thecoin"]},{"damage_healed":0,"gold_gain":0,"player_choice":"Fought Mushrooms","damage_taken":0,"max_hp_gain":0,"max_hp_loss":0,"event_name":"Mushrooms","floor":53,"gold_loss":0}],"is_beta":false,"boss_relics":[{"not_picked":["vexMod:NewClearReactor","ReplayTheSpireMod:DimensionalGlitch"],"picked":"Painkiller Herb"},{"not_picked":["conspire:RoyalGoblet","Velvet Choker"],"picked":"Replay:Bronze Core"},{"not_picked":["Cursed Key","Runic Pyramid"],"picked":"Sandwich"}],"items_purged_floors":[],"is_endless":true,"potions_floor_spawned":[1,4,13,24,35,40,42,50,52,54],"ascension_level":0}}