{"host":"i0avyit1s6jb1siw","time":1610556023,"event":{"mods":["BaseMod","DeckTracker","Dota2Spire","Highlight Path","Minty Spire (QoL Compilation)","Quick Restart","StSLib","SuperFastMode"],"gold_per_floor":[119,119,15,29,43,70,70,100,100,100,100],"floor_reached":10,"language":"ENG","playtime":211,"items_purged":[],"score":152,"play_id":"54edd889-169e-4fb9-8457-82be96791a9a","local_time":"20210113174023","is_ascension_mode":true,"campfire_choices":[{"floor":7.0,"key":"REST"}],"circlet_count":0,"master_deck":["AscendersBane","Strike_G","Strike_G","Strike_G","Strike_G","Defend_G","Defend_G","Defend_G","Defend_G","Defend_G","Survivor","Neutralize","Cloak And Dagger+1","Accuracy+1","PiercingWail+1","Accuracy+1","Dodge and Roll+1","Storm of Steel+1","Prepared+1"],"relics":["Fusion Hammer","Molten Egg 2","Frozen Egg 2","Toxic Egg 2","Nunchaku","Gremlin Horn","Matryoshka"],"acts_visited":["Exordium"],"potions_floor_usage":[8,10],"damage_taken":[{"damage":2.0,"enemies":"Small Slimes","floor":1.0,"turns":4.0},{"damage":0.0,"enemies":"2 Louse","floor":4.0,"turns":2.0},{"damage":0.0,"enemies":"Cultist","floor":5.0,"turns":4.0},{"damage":18.0,"enemies":"Lagavulin","floor":6.0,"turns":11.0},{"damage":31,"enemies":"Gremlin Nob","floor":8,"turns":4},{"damage":20,"enemies":"Lagavulin","floor":10,"turns":6}],"seed_played":"7731342525797779701","potions_obtained":[{"floor":4.0,"key":"SteroidPotion"},{"floor":6.0,"key":"EssenceOfSteel"}],"is_trial":false,"path_per_floor":["M","?","$","M","M","E","R","E","T","E"],"character_chosen":"THE_SILENT","items_purchased":["Accuracy+1","PiercingWail+1"],"campfire_rested":1,"item_purchase_floors":[3,3],"current_hp_per_floor":[57,50,50,50,50,32,51,20,20,0,0],"gold":100,"neow_bonus":"BOSS_RELIC","is_daily":false,"chose_seed":false,"campfire_upgraded":0,"win_rate":0.0,"timestamp":1610556023,"path_taken":["M","?","$","M","M","E","R","E","T","E"],"items_purchased_type":["Card","Card"],"build_version":"2020-12-22","purchased_purges":0,"victory":false,"max_hp_per_floor":[66,66,66,66,66,66,66,66,66,66,66],"card_choices":[{"not_picked":["Sucker Punch+1","Outmaneuver+1"],"picked":"Cloak And Dagger+1","floor":1.0},{"not_picked":["Sucker Punch+1","Outmaneuver+1"],"picked":"Accuracy+1","floor":4.0},{"not_picked":["Sucker Punch+1","Choke+1"],"picked":"Dodge and Roll+1","floor":5.0},{"not_picked":["Heel Hook+1","Doppelganger+1"],"picked":"Storm of Steel+1","floor":6.0},{"not_picked":["Endless Agony+1","Deflect+1"],"picked":"Prepared+1","floor":8}],"player_experience":2226204,"relics_obtained":[{"floor":6.0,"key":"Nunchaku"},{"floor":8,"key":"Gremlin Horn"},{"floor":9,"key":"Matryoshka"}],"event_choices":[{"cards_removed":["Strike_G"],"damage_healed":0.0,"max_hp_gain":0.0,"max_hp_loss":0.0,"gold_gain":0.0,"event_name":"Golden Wing","player_choice":"Card Removal","floor":2.0,"gold_loss":0.0,"damage_taken":7.0}],"is_beta":false,"boss_relics":[],"items_purged_floors":[],"is_endless":false,"potions_floor_spawned":[4,6],"killed_by":"Lagavulin","ascension_level":20}}