{"host":"52lujqhsyicpcskq","time":1610553279,"event":{"mods":["BaseMod","Colored Map","DeckTracker","Minty Spire (QoL Compilation)","Permanent Neow","StSLib","SuperFastMode","everything is the same but u backflip on backflip"],"gold_per_floor":[109,34,45,55,68,68,97,115,115,140,178,190,222,253,265,375,387,410,439,468,480,509,521,565,577,616,628,656,668,680,680],"floor_reached":30,"language":"KOR","playtime":2331,"items_purged":[],"score":476,"play_id":"678c164f-42ed-4008-ae39-1cfa2b71b6cd","local_time":"20210114005439","is_ascension_mode":true,"campfire_choices":[{"data":"Dagger Spray","floor":6,"key":"SMITH"},{"floor":12,"key":"REST"},{"data":"Deadly Poison","floor":15,"key":"SMITH"},{"floor":23,"key":"REST"},{"data":"Catalyst","floor":25,"key":"SMITH"},{"data":"Adrenaline","floor":27,"key":"SMITH"},{"data":"Dash","floor":29,"key":"SMITH"}],"circlet_count":0,"master_deck":["AscendersBane","Strike_G","Strike_G","Strike_G","Strike_G","Strike_G","Defend_G","Defend_G","Defend_G","Defend_G","Defend_G","Survivor","Neutralize+1","Backstab","Dagger Spray+1","Bane","Backstab","Deadly Poison+1","Reflex","Dash+1","Dodge and Roll","Crippling Poison","Poisoned Stab","Catalyst+1","Well Laid Plans","Adrenaline+1","Backflip","Sucker Punch+1","Bouncing Flask","Ghostly","Ghostly","Ghostly","Ghostly","Ghostly","Flying Knee+1","Die Die Die","Underhanded Strike"],"relics":["Ring of the Snake","Dream Catcher","MawBank","Oddly Smooth Stone","WristBlade","Ornamental Fan","Ancient Tea Set"],"acts_visited":["Exordium","TheCity"],"potions_floor_usage":[7,16,30],"damage_taken":[{"damage":0,"enemies":"Cultist","floor":1,"turns":4},{"damage":0,"enemies":"2 Louse","floor":3,"turns":2},{"damage":1,"enemies":"Jaw Worm","floor":4,"turns":2},{"damage":5,"enemies":"Red Slaver","floor":5,"turns":3},{"damage":29,"enemies":"Lagavulin","floor":7,"turns":6},{"damage":0,"enemies":"Lots of Slimes","floor":8,"turns":3},{"damage":0,"enemies":"2 Fungi Beasts","floor":10,"turns":2},{"damage":6,"enemies":"3 Sentries","floor":11,"turns":6},{"damage":0,"enemies":"3 Louse","floor":13,"turns":2},{"damage":0,"enemies":"Looter","floor":14,"turns":3},{"damage":16,"enemies":"The Guardian","floor":16,"turns":7},{"damage":1,"enemies":"Shell Parasite","floor":18,"turns":4},{"damage":0,"enemies":"3 Byrds","floor":19,"turns":5},{"damage":21,"enemies":"Snecko","floor":20,"turns":6},{"damage":17,"enemies":"Snake Plant","floor":22,"turns":5},{"damage":7,"enemies":"Book of Stabbing","floor":24,"turns":7},{"damage":3,"enemies":"3 Cultists","floor":28,"turns":4},{"damage":0,"enemies":"Gremlin Leader","floor":30,"turns":6}],"seed_played":"2757178368479189035","potions_obtained":[{"floor":1,"key":"FearPotion"},{"floor":5,"key":"BlessingOfTheForge"},{"floor":7,"key":"ColorlessPotion"},{"floor":13,"key":"DuplicationPotion"},{"floor":20,"key":"Explosive Potion"},{"floor":28,"key":"Regen Potion"}],"is_trial":false,"path_per_floor":["M","$","M","M","M","R","E","M","T","M","E","R","M","M","R","B",null,"M","M","M","?","M","R","E","R","T","R","M","R","E"],"character_chosen":"THE_SILENT","items_purchased":["Dagger Spray","Bane"],"campfire_rested":2,"item_purchase_floors":[2,2],"current_hp_per_floor":[63,63,63,62,57,57,28,28,28,28,22,43,43,43,43,27,59,58,58,37,35,18,28,21,21,21,21,18,18,33,33],"gold":680,"neow_bonus":"UPGRADE_CARD","is_daily":false,"chose_seed":false,"campfire_upgraded":5,"win_rate":0.0,"timestamp":1610553279,"path_taken":["M","?","M","M","M","R","E","M","T","M","E","R","M","M","R","BOSS","M","M","M","?","M","R","E","R","T","R","M","R","E"],"items_purchased_type":["Card","Card"],"build_version":"2020-12-22","purchased_purges":0,"victory":false,"max_hp_per_floor":[70,70,70,70,70,70,70,70,70,70,70,70,70,70,70,70,70,70,70,70,35,35,35,35,35,35,35,35,35,35,35],"card_choices":[{"not_picked":["Tactician","Setup"],"picked":"Backstab","floor":1},{"not_picked":["Deflect","Prepared"],"picked":"Backstab","floor":3},{"not_picked":["Endless Agony","Setup"],"picked":"Deadly Poison","floor":4},{"not_picked":["Dagger Spray","Blade Dance"],"picked":"Reflex","floor":5},{"not_picked":["Dodge and Roll","Poisoned Stab"],"picked":"Dash","floor":7},{"not_picked":["Distraction","Expertise","Concentrate"],"picked":"SKIP","floor":8},{"not_picked":["Slice","Quick Slash"],"picked":"Dodge and Roll","floor":10},{"not_picked":["Flying Knee","Grand Finale"],"picked":"Crippling Poison","floor":11},{"not_picked":["Blade Dance","Cloak And Dagger"],"picked":"Poisoned Stab","floor":12},{"not_picked":["Quick Slash","Choke"],"picked":"Catalyst","floor":13},{"not_picked":["Flying Knee","Dagger Throw"],"picked":"Well Laid Plans","floor":14},{"not_picked":["Malaise","Storm of Steel"],"picked":"Adrenaline","floor":16},{"not_picked":["Dash","Eviscerate"],"picked":"Backflip","floor":18},{"not_picked":["Acrobatics","Finisher"],"picked":"Sucker Punch+1","floor":19},{"not_picked":["Calculated Gamble","Backflip+1"],"picked":"Bouncing Flask","floor":20},{"not_picked":["Skewer","Dagger Spray","Outmaneuver"],"picked":"SKIP","floor":22},{"not_picked":["Leg Sweep","Dash"],"picked":"Flying Knee+1","floor":23},{"not_picked":["Dagger Spray","Deflect"],"picked":"Die Die Die","floor":24},{"not_picked":["Bane+1","Prepared"],"picked":"Underhanded Strike","floor":28}],"player_experience":689395,"relics_obtained":[{"floor":7,"key":"Dream Catcher"},{"floor":9,"key":"MawBank"},{"floor":11,"key":"Oddly Smooth Stone"},{"floor":24,"key":"Ornamental Fan"},{"floor":26,"key":"Ancient Tea Set"}],"event_choices":[{"damage_healed":0,"gold_gain":0,"player_choice":"Became a Ghost","damage_taken":0,"max_hp_gain":0,"max_hp_loss":35,"event_name":"Ghosts","floor":21,"gold_loss":0,"cards_obtained":["Ghostly","Ghostly","Ghostly","Ghostly","Ghostly"]}],"is_beta":false,"boss_relics":[{"not_picked":["Fusion Hammer","Sozu"],"picked":"WristBlade"}],"items_purged_floors":[],"is_endless":false,"potions_floor_spawned":[1,5,7,10,13,20,28],"killed_by":"Gremlin Leader","ascension_level":12}}