{"host":"mai03x2ekbjy4059","time":1610579882,"event":{"mods":["2.2 Compatiblity","BaseMod","DeckTracker","Highlight Path","Keyboard Shortcuts","Minty Spire (QoL Compilation)","Permanent Neow","Quick Restart","SuperFastMode","everything is the same but u backflip on backflip"],"gold_per_floor":[111,111,186,27,42,42,70,70,95,95,108,143,155,182,182,258,258,275,295,295,295],"floor_reached":20,"language":"KOR","playtime":536,"items_purged":["Strike_P"],"score":355,"play_id":"9d7c8bb6-cb4a-42d7-98cf-f0d0a4dad9ce","local_time":"20210114081802","is_ascension_mode":true,"campfire_choices":[{"data":"MentalFortress","floor":6.0,"key":"SMITH"},{"floor":15.0,"key":"REST"}],"circlet_count":0,"master_deck":["AscendersBane","Strike_P","Strike_P","Strike_P","Defend_P","Defend_P","Eruption+1","Vigilance","MentalFortress+1","FlurryOfBlows","Vault","FearNoEvil"],"relics":["PureWater","Eternal Feather","Art of War","Bag of Preparation","Sozu"],"acts_visited":["Exordium","TheCity"],"potions_floor_usage":[],"damage_taken":[{"damage":0.0,"enemies":"Small Slimes","floor":1.0,"turns":2.0},{"damage":4.0,"enemies":"Jaw Worm","floor":5.0,"turns":4.0},{"damage":11.0,"enemies":"Lagavulin","floor":7.0,"turns":5.0},{"damage":0.0,"enemies":"2 Louse","floor":11.0,"turns":2.0},{"damage":19.0,"enemies":"Gremlin Nob","floor":12.0,"turns":3.0},{"damage":6.0,"enemies":"Looter","floor":13.0,"turns":4.0},{"damage":6.0,"enemies":"Lagavulin","floor":14.0,"turns":6.0},{"damage":23,"enemies":"Slime Boss","floor":16,"turns":10},{"damage":3,"enemies":"2 Thieves","floor":18,"turns":4},{"damage":19,"enemies":"Shell Parasite","floor":19,"turns":5},{"damage":10,"enemies":"Cultist and Chosen","floor":20,"turns":6}],"seed_played":"2020539067405213458","potions_obtained":[{"floor":1.0,"key":"Block Potion"},{"floor":5.0,"key":"StancePotion"},{"floor":11.0,"key":"DuplicationPotion"},{"floor":16,"key":"BottledMiracle"}],"is_trial":false,"path_per_floor":["M","?","?","$","M","R","E","?","T","?","M","E","M","E","R","B",null,"M","M","M"],"character_chosen":"WATCHER","items_purchased":["MentalFortress"],"campfire_rested":1,"item_purchase_floors":[4],"current_hp_per_floor":[61,61,50,50,46,46,35,35,35,35,35,16,10,4,30,7,53,50,31,21,21],"gold":295,"neow_bonus":"REMOVE_CARD","is_daily":false,"chose_seed":false,"campfire_upgraded":1,"win_rate":0.0,"timestamp":1610579882,"path_taken":["M","?","?","?","?","R","E","?","T","?","?","E","M","E","R","BOSS","M","M","M"],"items_purchased_type":["Card"],"build_version":"2020-12-22","purchased_purges":1,"victory":false,"max_hp_per_floor":[68,68,68,68,68,68,68,68,68,68,68,68,68,68,68,68,68,68,68,68,68],"card_choices":[{"not_picked":["DeceiveReality","Prostrate","Vengeance"],"picked":"SKIP","floor":1.0},{"not_picked":["Halt","PathToVictory"],"picked":"FlurryOfBlows","floor":5.0},{"not_picked":["Perseverance","Tantrum","ReachHeaven"],"picked":"SKIP","floor":7.0},{"not_picked":["Protect","Consecrate","FlurryOfBlows"],"picked":"SKIP","floor":11.0},{"not_picked":["Collect","Fasting2","Evaluate"],"picked":"SKIP","floor":12.0},{"not_picked":["Vengeance","PathToVictory","SignatureMove"],"picked":"SKIP","floor":13.0},{"not_picked":["DeceiveReality","BattleHymn","Judgement"],"picked":"SKIP","floor":14.0},{"not_picked":["Blasphemy","Scrawl"],"picked":"Vault","floor":16},{"not_picked":["Halt","Evaluate+1"],"picked":"FearNoEvil","floor":18},{"not_picked":["PathToVictory","Consecrate","JustLucky"],"picked":"SKIP","floor":19}],"player_experience":1130313,"relics_obtained":[{"floor":7.0,"key":"Eternal Feather"},{"floor":12.0,"key":"Art of War"},{"floor":14.0,"key":"Bag of Preparation"}],"event_choices":[{"damage_healed":0.0,"max_hp_gain":0.0,"max_hp_loss":0.0,"gold_gain":0.0,"event_name":"Living Wall","player_choice":"Grow","floor":2.0,"gold_loss":0.0,"damage_taken":0.0,"cards_upgraded":["Eruption"]},{"damage_healed":0.0,"max_hp_gain":0.0,"max_hp_loss":0.0,"gold_gain":75.0,"event_name":"World of Goop","player_choice":"Gather Gold","floor":3.0,"gold_loss":0.0,"damage_taken":11.0},{"damage_healed":0.0,"max_hp_gain":0.0,"max_hp_loss":0.0,"gold_gain":0.0,"event_name":"Liars Game","player_choice":"Ignored","floor":8.0,"gold_loss":0.0,"damage_taken":0.0},{"cards_removed":["Defend_P"],"damage_healed":0.0,"max_hp_gain":0.0,"max_hp_loss":0.0,"gold_gain":0.0,"event_name":"Bonfire Elementals","player_choice":"Offered Basic","floor":10.0,"gold_loss":0.0,"damage_taken":0.0}],"is_beta":false,"boss_relics":[{"not_picked":["SacredBark","Calling Bell"],"picked":"Sozu"}],"items_purged_floors":[4],"is_endless":false,"potions_floor_spawned":[1,5,11,16],"killed_by":"Cultist and Chosen","ascension_level":17}}