{"host":"Stephanie","time":1610563838,"event":{"mods":["BaseMod","Colored Powertips","Minty Spire (QoL Compilation)","Rare Cards Sparkle","Relic Stats","StSLib","The Marked"],"gold_per_floor":[110,110,127,127,5,45,45,59,83,98,141,159,178,178,178],"floor_reached":14,"language":"ENG","playtime":778,"items_purged":[],"score":102,"play_id":"a989eafd-75bd-43d6-92e3-f2f5dc182bd1","local_time":"20210113135038","is_ascension_mode":false,"campfire_choices":[],"circlet_count":0,"master_deck":["theMarked:Strike","theMarked:Strike","theMarked:Strike","theMarked:Defend","theMarked:Defend","theMarked:Defend","theMarked:Defend","theMarked:SoldierOfQuellstein","Apotheosis","theMarked:WastefulAttack","theMarked:Static","theMarked:Opportunist","theMarked:HeightenedSenses","theMarked:ChainLightning","theMarked:Challenge","theMarked:Abjuration","theMarked:Overthink","theMarked:Convert"],"relics":["theMarked:ArtifactOfAir","Golden Idol","Boot","Dream Catcher","Kunai"],"acts_visited":["Exordium"],"potions_floor_usage":[11,11,13,14],"damage_taken":[{"damage":3,"enemies":"2 Louse","floor":1,"turns":3},{"damage":1,"enemies":"Jaw Worm","floor":3,"turns":3},{"damage":15,"enemies":"Lagavulin","floor":6,"turns":7},{"damage":1,"enemies":"Cultist","floor":8,"turns":3},{"damage":5,"enemies":"Exordium Thugs","floor":10,"turns":5},{"damage":4,"enemies":"3 Sentries","floor":11,"turns":6},{"damage":5,"enemies":"Exordium Wildlife","floor":12,"turns":4},{"damage":3,"enemies":"Red Slaver","floor":13,"turns":2},{"damage":27,"enemies":"Lagavulin","floor":14,"turns":3}],"seed_played":"3398614473650594036","potions_obtained":[{"floor":1,"key":"LiquidBronze"},{"floor":8,"key":"GamblersBrew"},{"floor":11,"key":"LiquidMemories"},{"floor":12,"key":"EntropicBrew"}],"is_trial":false,"path_per_floor":["M","?","M","?","$","E","?","M","T","M","E","M","M","E"],"character_chosen":"THE_DEFAULT","items_purchased":["theMarked:Opportunist","AttackPotion"],"campfire_rested":0,"item_purchase_floors":[5,5],"current_hp_per_floor":[60,53,52,52,52,37,37,36,36,31,27,22,19,0,0],"gold":178,"neow_bonus":"RANDOM_COLORLESS_2","is_daily":false,"chose_seed":false,"campfire_upgraded":0,"win_rate":0.0,"timestamp":1610563838,"path_taken":["M","?","M","?","$","E","?","?","T","M","E","M","M","E"],"items_purchased_type":["Card","Potion"],"build_version":"2020-12-18","purchased_purges":0,"victory":false,"max_hp_per_floor":[63,63,63,58,58,58,58,58,58,58,58,58,58,58,58],"relic_stats":{"Dream Catcher":0,"counters":[9,36],"Golden Idol":31,"Kunai":[1],"Boot":[3],"obtain_stats":[{"theMarked:ArtifactOfAir":0,"Dream Catcher":9,"Golden Idol":4,"Kunai":11,"Boot":6},{"theMarked:ArtifactOfAir":0,"Dream Catcher":4,"Golden Idol":2,"Kunai":6,"Boot":3},{"theMarked:ArtifactOfAir":0,"Dream Catcher":16,"Golden Idol":6,"Kunai":27,"Boot":13}]},"card_choices":[{"not_picked":["Master of Strategy","Thinking Ahead"],"picked":"Apotheosis","floor":0},{"not_picked":["theMarked:Indomitable","theMarked:RepellingDischarge"],"picked":"theMarked:WastefulAttack","floor":1},{"not_picked":["theMarked:Parkour","theMarked:WastefulAttack"],"picked":"theMarked:Static","floor":3},{"not_picked":["theMarked:BanishingStrike","theMarked:Frustration"],"picked":"theMarked:HeightenedSenses","floor":6},{"not_picked":["theMarked:SelfDefenseTraining","theMarked:WardOff"],"picked":"theMarked:ChainLightning","floor":8},{"not_picked":["theMarked:TwofoldDefense","theMarked:WardOff"],"picked":"theMarked:Challenge","floor":10},{"not_picked":["theMarked:MaelstromOfLightning","theMarked:EmpowerWeapon"],"picked":"theMarked:Abjuration","floor":11},{"not_picked":["theMarked:Frustration","theMarked:EnhanceMovement"],"picked":"theMarked:Overthink","floor":12},{"not_picked":["theMarked:WastefulAttack","theMarked:TunnelVision"],"picked":"theMarked:Convert","floor":13}],"player_experience":846637,"relics_obtained":[{"floor":6,"key":"Boot"},{"floor":9,"key":"Dream Catcher"},{"floor":11,"key":"Kunai"}],"event_choices":[{"cards_removed":["theMarked:Strike"],"damage_healed":0,"gold_gain":0,"player_choice":"Card Removal","damage_taken":7,"max_hp_gain":0,"max_hp_loss":0,"event_name":"Golden Wing","floor":2,"gold_loss":0},{"damage_healed":0,"gold_gain":0,"player_choice":"Lose Max HP","damage_taken":0,"relics_obtained":["Golden Idol"],"max_hp_gain":0,"max_hp_loss":5,"event_name":"Golden Idol","floor":4,"gold_loss":0},{"cards_removed":["theMarked:Strike"],"damage_healed":0,"gold_gain":0,"player_choice":"Purged","damage_taken":0,"max_hp_gain":0,"max_hp_loss":0,"event_name":"Purifier","floor":7,"gold_loss":0}],"is_beta":true,"boss_relics":[],"items_purged_floors":[],"is_endless":false,"potions_floor_spawned":[1,8,11,12],"killed_by":"Lagavulin","ascension_level":0}}