{"host":"Qube","time":1610505619,"event":{"mods":["AchievementEnabler","BaseMod","Colored Map","Colored Powertips","Minty Spire (QoL Compilation)","Quick Restart","Random Character Button","StSLib"],"gold_per_floor":[109,109,184,194,204,236,236,266,266,231,256,273,273,35,35,112,112,127,147,174,190,105,125,148,179,202,202,233,243,276,296,296,374,424,437,450,450,25,36,36,47,47,118,128,155,155,0,0,0,0],"floor_reached":51,"language":"ENG","playtime":2295,"items_purged":["Strike_B"],"score":1425,"play_id":"fa610f39-6f42-4d92-9d38-c91a1bec9188","local_time":"20210112184019","is_ascension_mode":true,"campfire_choices":[{"floor":7,"key":"REST"},{"floor":15,"key":"REST"},{"floor":27,"key":"REST"},{"data":"Defragment","floor":32,"key":"SMITH"},{"data":"Glacier","floor":40,"key":"SMITH"},{"data":"Echo Form","floor":42,"key":"SMITH"},{"data":"Electrodynamics","floor":46,"key":"SMITH"},{"data":"Blizzard","floor":49,"key":"SMITH"}],"circlet_count":0,"master_deck":["AscendersBane","Strike_B","Strike_B","Strike_B","Defend_B","Defend_B","Defend_B","Zap+1","Dualcast","Coolheaded","Ball Lightning","Lockon+1","Leap","Chill","Defragment+1","Multi-Cast","Steam+1","Cold Snap","Cold Snap","Electrodynamics+1","Cold Snap+1","Blizzard+1","Echo Form+1","Glacier+1","Flash of Steel"],"relics":["FrozenCore","Ornamental Fan","Mercury Hourglass","Meat on the Bone","Pocketwatch","Turnip","Bronze Scales","Red Mask","Cables","Dream Catcher","Potion Belt","DataDisk","Eternal Feather","Matryoshka","Tiny House","Pantograph","Runic Capacitor","Oddly Smooth Stone","Letter Opener","MealTicket"],"acts_visited":["Exordium","TheCity","TheBeyond"],"potions_floor_usage":[6,18,20,20,28,29,31,33,41,41,50],"damage_taken":[{"damage":9,"enemies":"Jaw Worm","floor":1,"turns":4},{"damage":2,"enemies":"Small Slimes","floor":4,"turns":3},{"damage":0,"enemies":"2 Louse","floor":5,"turns":2},{"damage":21,"enemies":"Lagavulin","floor":6,"turns":5},{"damage":35,"enemies":"Gremlin Nob","floor":8,"turns":4},{"damage":7,"enemies":"Lagavulin","floor":11,"turns":6},{"damage":1,"enemies":"Exordium Thugs","floor":12,"turns":4},{"damage":17,"enemies":"Hexaghost","floor":16,"turns":9},{"damage":16,"enemies":"Chosen","floor":18,"turns":5},{"damage":0,"enemies":"Spheric Guardian","floor":19,"turns":5},{"damage":12,"enemies":"Masked Bandits","floor":20,"turns":3},{"damage":6,"enemies":"Centurion and Healer","floor":21,"turns":11},{"damage":8,"enemies":"Sentry and Sphere","floor":23,"turns":6},{"damage":22,"enemies":"Book of Stabbing","floor":25,"turns":5},{"damage":21,"enemies":"Slavers","floor":28,"turns":2},{"damage":10,"enemies":"Shelled Parasite and Fungi","floor":29,"turns":5},{"damage":27,"enemies":"Book of Stabbing","floor":30,"turns":6},{"damage":0,"enemies":"Snecko","floor":31,"turns":4},{"damage":28,"enemies":"Automaton","floor":33,"turns":10},{"damage":9,"enemies":"Orb Walker","floor":35,"turns":3},{"damage":0,"enemies":"3 Darklings","floor":36,"turns":3},{"damage":3,"enemies":"Transient","floor":39,"turns":6},{"damage":22,"enemies":"Writhing Mass","floor":41,"turns":5},{"damage":0,"enemies":"Maw","floor":44,"turns":7},{"damage":29,"enemies":"Giant Head","floor":45,"turns":10},{"damage":27,"enemies":"Donu and Deca","floor":50,"turns":11}],"seed_played":"-3723564180729838173","potions_obtained":[{"floor":4,"key":"SteroidPotion"},{"floor":12,"key":"Explosive Potion"},{"floor":16,"key":"AttackPotion"},{"floor":19,"key":"FocusPotion"},{"floor":25,"key":"PowerPotion"},{"floor":28,"key":"SpeedPotion"},{"floor":29,"key":"Energy Potion"},{"floor":30,"key":"LiquidBronze"},{"floor":34,"key":"GamblersBrew"},{"floor":39,"key":"Swift Potion"},{"floor":44,"key":"Fire Potion"}],"is_trial":false,"path_per_floor":["M","?","?","M","M","E","R","E","T","?","E","M","?","$","R","B",null,"M","M","?","M","?","M","T","E","T","R","E","M","E","M","R","B",null,"M","M","?","$","M","R","M","R","T","M","E","R","$","?","R","B",null],"character_chosen":"DEFECT","items_purchased":["Bronze Scales","Defragment","Pantograph","Runic Capacitor","Ancient Potion"],"campfire_rested":3,"item_purchase_floors":[14,14,38,38,47],"current_hp_per_floor":[62,62,51,49,49,28,51,16,16,35,40,51,25,25,48,43,69,53,53,41,47,47,51,51,41,41,64,43,45,30,42,54,38,73,64,64,64,64,61,76,54,69,69,69,52,67,82,82,83,56],"gold":0,"neow_bonus":"TEN_PERCENT_HP_BONUS","is_daily":false,"chose_seed":false,"campfire_upgraded":5,"win_rate":0.0,"timestamp":1610505619,"path_taken":["M","?","?","M","M","E","R","E","T","?","E","M","?","$","R","BOSS","M","M","?","M","?","M","?","E","T","R","E","M","E","?","R","BOSS","M","?","?","?","?","R","M","R","T","M","E","R","$","?","R","BOSS"],"items_purchased_type":["Relic","Card","Relic","Relic","Potion"],"build_version":"2020-12-18","purchased_purges":1,"victory":true,"max_hp_per_floor":[78,78,78,78,78,78,78,78,78,78,78,78,78,78,78,78,78,78,78,78,78,78,78,78,78,78,78,78,78,78,78,78,78,83,83,83,83,83,83,83,83,83,83,83,83,83,83,83,83,83],"card_choices":[{"not_picked":["White Noise","Stack"],"picked":"Coolheaded","floor":1},{"not_picked":["Gash","Auto Shields"],"picked":"Ball Lightning","floor":4},{"not_picked":["Static Discharge","Undo"],"picked":"Lockon","floor":5},{"not_picked":["Sweeping Beam","Recycle","Self Repair"],"picked":"SKIP","floor":6},{"not_picked":["Barrage","Tempest"],"picked":"Leap","floor":8},{"not_picked":["Chaos","Stack"],"picked":"Chill","floor":11},{"not_picked":["Turbo","Beam Cell","Stack"],"picked":"SKIP","floor":12},{"not_picked":["Amplify","Rainbow"],"picked":"Multi-Cast","floor":16},{"not_picked":["FTL","Steam","Static Discharge"],"picked":"SKIP","floor":18},{"not_picked":["Compile Driver","Go for the Eyes"],"picked":"Steam+1","floor":19},{"not_picked":["Go for the Eyes","Hologram"],"picked":"Cold Snap","floor":20},{"not_picked":["Barrage","Compile Driver"],"picked":"Cold Snap","floor":21},{"not_picked":["Stack","Compile Driver"],"picked":"Electrodynamics","floor":23},{"not_picked":["Rebound","Beam Cell","Stack"],"picked":"SKIP","floor":25},{"not_picked":["Hologram","Compile Driver","BootSequence"],"picked":"SKIP","floor":28},{"not_picked":["Stack","Sweeping Beam"],"picked":"Cold Snap+1","floor":29},{"not_picked":["Steam Power","Static Discharge"],"picked":"Blizzard","floor":30},{"not_picked":["Conserve Battery","Biased Cognition","Sweeping Beam"],"picked":"SKIP","floor":31},{"not_picked":["Multi-Cast","Thunder Strike"],"picked":"Echo Form","floor":33},{"not_picked":["Rebound","Cold Snap","Tempest"],"picked":"SKIP","floor":35},{"not_picked":["Static Discharge","Hologram","Scrape"],"picked":"SKIP","floor":36},{"not_picked":["Compile Driver+1","Static Discharge+1"],"picked":"Glacier","floor":39},{"not_picked":["Gash+1","Echo Form","Steam"],"picked":"SKIP","floor":41},{"not_picked":["Redo+1","Tempest","Compile Driver"],"picked":"SKIP","floor":44},{"not_picked":["FTL","Darkness+1","Ball Lightning"],"picked":"SKIP","floor":45},{"not_picked":["Violence","Good Instincts"],"picked":"Flash of Steel","floor":48}],"player_experience":881398,"relics_obtained":[{"floor":6,"key":"Ornamental Fan"},{"floor":8,"key":"Mercury Hourglass"},{"floor":9,"key":"Meat on the Bone"},{"floor":11,"key":"Pocketwatch"},{"floor":20,"key":"Red Mask"},{"floor":24,"key":"Dream Catcher"},{"floor":25,"key":"Potion Belt"},{"floor":26,"key":"DataDisk"},{"floor":28,"key":"Eternal Feather"},{"floor":30,"key":"Matryoshka"},{"floor":43,"key":"Oddly Smooth Stone"},{"floor":43,"key":"Letter Opener"},{"floor":45,"key":"MealTicket"}],"event_choices":[{"damage_healed":0,"gold_gain":0,"player_choice":"Grow","damage_taken":0,"max_hp_gain":0,"max_hp_loss":0,"event_name":"Living Wall","floor":2,"gold_loss":0,"cards_upgraded":["Zap"]},{"damage_healed":0,"gold_gain":75,"player_choice":"Gather Gold","damage_taken":11,"max_hp_gain":0,"max_hp_loss":0,"event_name":"World of Goop","floor":3,"gold_loss":0},{"damage_healed":19,"gold_gain":0,"player_choice":"Healed","damage_taken":0,"max_hp_gain":0,"max_hp_loss":0,"event_name":"The Cleric","floor":10,"gold_loss":35},{"damage_healed":0,"gold_gain":0,"player_choice":"Success","damage_taken":26,"relics_obtained":["Turnip"],"max_hp_gain":0,"max_hp_loss":0,"event_name":"Scrap Ooze","floor":13,"gold_loss":0},{"damage_healed":0,"gold_gain":0,"player_choice":"Fought Bandits","damage_taken":0,"max_hp_gain":0,"max_hp_loss":0,"event_name":"Masked Bandits","floor":20,"gold_loss":0},{"damage_healed":0,"gold_gain":0,"player_choice":"Obtained Relic","damage_taken":0,"relics_obtained":["Cables"],"max_hp_gain":0,"max_hp_loss":0,"event_name":"Addict","floor":22,"gold_loss":85},{"cards_removed":["Defend_B"],"damage_healed":0,"gold_gain":0,"player_choice":"Removed Skill","damage_taken":0,"max_hp_gain":0,"max_hp_loss":0,"event_name":"Falling","floor":37,"gold_loss":0},{"damage_healed":0,"gold_gain":0,"player_choice":"Memory 1","damage_taken":0,"max_hp_gain":0,"max_hp_loss":0,"event_name":"SensoryStone","floor":48,"gold_loss":0}],"is_beta":true,"boss_relics":[{"not_picked":["Runic Pyramid","Runic Dome"],"picked":"FrozenCore"},{"not_picked":["Sozu","Snecko Eye"],"picked":"Tiny House"}],"items_purged_floors":[47],"is_endless":false,"potions_floor_spawned":[4,12,16,19,25,28,29,30,39,44],"ascension_level":19}}