{"host":"03a85bwj0a5skoit","time":1610536273,"event":{"mods":["BaseMod","Block Reminder","Minty Spire (QoL Compilation)","Relic Stats","StSLib"],"gold_per_floor":[130,161,213,13,13,13,13,13],"floor_reached":7,"language":"ENG","playtime":219,"items_purged":[],"score":82,"play_id":"dd5fe057-831f-4707-a067-c384564d0823","local_time":"20210113214113","is_ascension_mode":true,"campfire_choices":[{"data":"HandOfGreed","floor":6,"key":"SMITH"}],"circlet_count":0,"master_deck":["AscendersBane","Strike_G","Strike_G","Strike_G","Strike_G","Defend_G","Defend_G","Defend_G","Defend_G","Defend_G","Survivor","Neutralize","HandOfGreed+1","Expertise","Flying Knee","Footwork","Leg Sweep","Calculated Gamble"],"relics":["Ring of the Snake","Happy Flower"],"acts_visited":["Exordium"],"potions_floor_usage":[7],"damage_taken":[{"damage":2,"enemies":"Jaw Worm","floor":1,"turns":5},{"damage":0,"enemies":"Cultist","floor":2,"turns":4},{"damage":0,"enemies":"2 Louse","floor":3,"turns":5},{"damage":50,"enemies":"Gremlin Nob","floor":7,"turns":4}],"seed_played":"-5126994882940039003","potions_obtained":[{"floor":2,"key":"Energy Potion"},{"floor":3,"key":"Block Potion"}],"is_trial":false,"path_per_floor":["M","M","M","$","?","R","E"],"character_chosen":"THE_SILENT","items_purchased":["Happy Flower","Leg Sweep"],"campfire_rested":0,"item_purchase_floors":[4,4],"current_hp_per_floor":[42,42,42,42,42,42,0,0],"gold":13,"neow_bonus":"RANDOM_COLORLESS_2","is_daily":false,"chose_seed":false,"campfire_upgraded":1,"win_rate":0.0,"timestamp":1610536273,"path_taken":["M","M","M","$","?","R","E"],"items_purchased_type":["Relic","Card"],"build_version":"2020-12-22","purchased_purges":0,"victory":false,"max_hp_per_floor":[66,66,66,66,66,66,66,66],"relic_stats":{"Happy Flower":[1],"counters":[4,18],"obtain_stats":[{"Happy Flower":4,"Ring of the Snake":0},{"Happy Flower":3,"Ring of the Snake":0},{"Happy Flower":14,"Ring of the Snake":0}],"Ring of the Snake":[8]},"card_choices":[{"not_picked":["Magnetism","Transmutation"],"picked":"HandOfGreed","floor":0},{"not_picked":["Choke","Prepared"],"picked":"Expertise","floor":1},{"not_picked":["Backflip","Acrobatics"],"picked":"Flying Knee","floor":2},{"not_picked":["Underhanded Strike","Bane"],"picked":"Footwork","floor":3}],"player_experience":2333086,"relics_obtained":[],"event_choices":[{"damage_healed":0,"gold_gain":0,"cards_transformed":["Strike_G"],"player_choice":"Transformed","damage_taken":0,"max_hp_gain":0,"max_hp_loss":0,"event_name":"Transmorgrifier","floor":5,"gold_loss":0,"cards_obtained":["Calculated Gamble"]}],"is_beta":false,"boss_relics":[],"items_purged_floors":[],"is_endless":false,"potions_floor_spawned":[2,3],"killed_by":"Gremlin Nob","ascension_level":20}}