{"host":"dowi7cgbhepuzvpj","time":1610573193,"event":{"mods":["AchievementEnabler","BaseMod","Colored Map","Highlight Path","Keyboard Shortcuts","Minty Spire (QoL Compilation)","Permanent Neow","Quick Restart","StSLib","SuperFastMode"],"gold_per_floor":[114,114,133,1,1,1,21,37,63,82,82,82,107,122,122,193,193,205,179,179,179],"floor_reached":20,"language":"KOR","playtime":473,"items_purged":[],"score":343,"play_id":"ebac35bc-b91e-4446-940f-b9ec29443143","local_time":"20210114062633","is_ascension_mode":true,"campfire_choices":[{"data":"Infinite Blades","floor":6,"key":"SMITH"},{"data":"Cloak And Dagger","floor":15,"key":"SMITH"}],"circlet_count":0,"master_deck":["AscendersBane","Strike_G","Defend_G","Defend_G","Defend_G","Defend_G","Defend_G","Survivor","Neutralize+1","Escape Plan","Blade Dance","Infinite Blades+1","Infinite Blades","Masterful Stab","Leg Sweep","Cloak And Dagger+1","Flying Knee","Tools of the Trade","Finisher+1","After Image+1","Noxious Fumes+1","Blur","Blade Dance"],"relics":["WristBlade","Akabeko","Ancient Tea Set","Pen Nib","Astrolabe"],"acts_visited":["Exordium","TheCity"],"potions_floor_usage":[19],"damage_taken":[{"damage":0,"enemies":"Jaw Worm","floor":1,"turns":4},{"damage":3,"enemies":"Cultist","floor":3,"turns":4},{"damage":0,"enemies":"2 Louse","floor":7,"turns":2},{"damage":11,"enemies":"Exordium Thugs","floor":8,"turns":4},{"damage":5,"enemies":"Gremlin Gang","floor":10,"turns":4},{"damage":9,"enemies":"3 Sentries","floor":13,"turns":6},{"damage":5,"enemies":"Exordium Wildlife","floor":14,"turns":3},{"damage":1,"enemies":"Hexaghost","floor":16,"turns":7},{"damage":19,"enemies":"Shell Parasite","floor":18,"turns":4},{"damage":12,"enemies":"2 Thieves","floor":19,"turns":4},{"damage":25,"enemies":"Shelled Parasite and Fungi","floor":20,"turns":1}],"seed_played":"-4532980898182567183","potions_obtained":[{"floor":3,"key":"Poison Potion"},{"floor":7,"key":"SpeedPotion"},{"floor":10,"key":"Weak Potion"},{"floor":16,"key":"Dexterity Potion"}],"is_trial":false,"path_per_floor":["M","?","M","$","T","R","M","M","T","M","?","$","E","M","R","B",null,"M","M","M"],"character_chosen":"THE_SILENT","items_purchased":["Blade Dance","Infinite Blades"],"campfire_rested":0,"item_purchase_floors":[4,4],"current_hp_per_floor":[59,59,56,56,56,56,56,45,45,40,40,40,31,26,26,25,56,37,25,0,0],"gold":179,"neow_bonus":"BOSS_RELIC","is_daily":false,"chose_seed":false,"campfire_upgraded":2,"win_rate":0.0,"timestamp":1610573193,"path_taken":["M","?","M","$","?","R","M","M","T","?","?","?","E","M","R","BOSS","M","?","M"],"items_purchased_type":["Card","Card"],"build_version":"2020-12-22","purchased_purges":0,"victory":false,"max_hp_per_floor":[66,66,66,66,66,66,66,66,66,66,66,66,66,66,66,66,66,66,66,66,66],"card_choices":[{"not_picked":["Quick Slash","Flying Knee","Dodge and Roll"],"picked":"SKIP","floor":1},{"not_picked":["Backflip","Backstab"],"picked":"Escape Plan","floor":3},{"not_picked":["Bane","Caltrops"],"picked":"Infinite Blades","floor":7},{"not_picked":["Underhanded Strike","Sucker Punch"],"picked":"Masterful Stab","floor":8},{"not_picked":["Flying Knee","Deadly Poison"],"picked":"Leg Sweep","floor":10},{"not_picked":["Noxious Fumes","Unload"],"picked":"Cloak And Dagger","floor":13},{"not_picked":["Distraction","Quick Slash"],"picked":"Flying Knee","floor":14},{"not_picked":["Malaise","Storm of Steel"],"picked":"Tools of the Trade","floor":16},{"not_picked":["Blade Dance","Backflip"],"picked":"Blur","floor":18},{"not_picked":["Sucker Punch","Slice"],"picked":"Blade Dance","floor":19}],"player_experience":811561,"relics_obtained":[{"floor":5,"key":"Akabeko"},{"floor":9,"key":"Ancient Tea Set"},{"floor":13,"key":"Pen Nib"}],"event_choices":[{"damage_healed":0,"gold_gain":0,"player_choice":"Upgraded","damage_taken":0,"max_hp_gain":0,"max_hp_loss":0,"event_name":"Upgrade Shrine","floor":2,"gold_loss":0,"cards_upgraded":["Neutralize"]},{"cards_removed":["Strike_G"],"damage_healed":0,"gold_gain":0,"player_choice":"Offered Basic","damage_taken":0,"max_hp_gain":0,"max_hp_loss":0,"event_name":"Bonfire Elementals","floor":11,"gold_loss":0}],"is_beta":false,"boss_relics":[{"not_picked":["Runic Pyramid","SacredBark"],"picked":"Astrolabe"}],"items_purged_floors":[],"is_endless":false,"potions_floor_spawned":[3,7,10,16],"killed_by":"Shelled Parasite and Fungi","ascension_level":19}}