{"host":"r0egjz7yisbmym81","time":1610560662,"event":{"mods":["ATMod(°¢èªMod)","Act Like it!","BaseMod","Hermit","Minty Spire (QoL Compilation)","Quick Restart","Relic Stats","Spicy Shops","StSLib"],"gold_per_floor":[113,113,63,74,90,90,105,105,128,143,143,156,181,12,12,138,138,162,162,186,210,226,260,260,299,369,369,387,407,407,407],"floor_reached":30,"language":"ZHS","playtime":2459,"items_purged":[],"score":266,"play_id":"1a8f0ea6-f9d8-4ea1-88ab-afde57315c0f","local_time":"20210114015742","is_ascension_mode":false,"campfire_choices":[{"data":"AT_FamilyPortrait","floor":6.0,"key":"SMITH"},{"data":"hermit:Dive","floor":8.0,"key":"SMITH"},{"data":"hermit:Vantage","floor":15.0,"key":"SMITH"},{"floor":24.0,"key":"REST"},{"floor":27.0,"key":"REST"}],"circlet_count":0,"master_deck":["hermit:Strike_Hermit","hermit:Strike_Hermit","hermit:Defend_Hermit","hermit:Defend_Hermit","hermit:Defend_Hermit","hermit:Defend_Hermit","hermit:Snapshot","hermit:Covet","AT_FamilyPortrait+1","hermit:ItchyTrigger","hermit:GoldenBullet","hermit:Dive+1","hermit:TrackingShot","hermit:Vantage+1","Injury","hermit:Dive","Decay","hermit:Purgatory","hermit:Brawl","hermit:Maintenance","hermit:Snipe","hermit:Gestalt+1","Injury","hermit:Enervate","hermit:GoldenBullet+1"],"relics":["hermit:Momento","AT_ATBox","Regal Pillow","Golden Idol","AT_TimeSand","AT_RabadonDeathcap","Cursed Key","Pen Nib","AT_ArchangelStaff","hermit:Spyglass"],"acts_visited":["Exordium","TheCity"],"potions_floor_usage":[30,30],"damage_taken":[{"damage":2.0,"enemies":"Jaw Worm","floor":1.0,"turns":4.0},{"damage":0.0,"enemies":"2 Louse","floor":4.0,"turns":2.0},{"damage":0.0,"enemies":"Small Slimes","floor":5.0,"turns":2.0},{"damage":2.0,"enemies":"Blue Slaver","floor":7.0,"turns":3.0},{"damage":0.0,"enemies":"Looter","floor":10.0,"turns":4.0},{"damage":3.0,"enemies":"Red Slaver","floor":12.0,"turns":6.0},{"damage":0.0,"enemies":"Exordium Wildlife","floor":13.0,"turns":6.0},{"damage":44.0,"enemies":"The Guardian","floor":16.0,"turns":14.0},{"damage":0.0,"enemies":"Chosen","floor":18.0,"turns":4.0},{"damage":11.0,"enemies":"Spheric Guardian","floor":20.0,"turns":4.0},{"damage":11.0,"enemies":"Snecko","floor":21.0,"turns":5.0},{"damage":0.0,"enemies":"3 Cultists","floor":22.0,"turns":4.0},{"damage":23.0,"enemies":"Book of Stabbing","floor":23.0,"turns":8.0},{"damage":39.0,"enemies":"Slavers","floor":25.0,"turns":6.0},{"damage":21.0,"enemies":"Snake Plant","floor":28.0,"turns":5.0},{"damage":1.0,"enemies":"Centurion and Healer","floor":29.0,"turns":6.0},{"damage":55,"enemies":"Book of Stabbing","floor":30,"turns":6}],"seed_played":"-4116348481879498407","potions_obtained":[{"floor":4.0,"key":"Energy Potion"},{"floor":7.0,"key":"hermit:Tonic"},{"floor":13.0,"key":"SkillPotion"},{"floor":18.0,"key":"SpeedPotion"},{"floor":22.0,"key":"SpeedPotion"},{"floor":28.0,"key":"Explosive Potion"},{"floor":29.0,"key":"Ancient Potion"}],"is_trial":false,"path_per_floor":["M","?","?","M","M","R","M","R","T","M","?","M","M","$","R","B",null,"M","?","M","M","M","E","R","E","T","R","M","M","E"],"character_chosen":"HERMIT","items_purchased":["AT_TimeSand","AT_RabadonDeathcap"],"campfire_rested":2,"item_purchase_floors":[14,14],"current_hp_per_floor":[80,80,80,80,80,80,78,78,78,78,78,75,75,75,75,31,82,82,82,71,60,60,37,76,37,37,76,55,54,0,0],"gold":407,"neow_bonus":"TEN_PERCENT_HP_BONUS","is_daily":false,"chose_seed":false,"campfire_upgraded":3,"win_rate":0.0,"timestamp":1610560662,"path_taken":["M","?","?","M","M","R","M","R","T","M","?","M","M","$","R","BOSS","M","?","M","M","M","E","R","E","T","R","M","M","E"],"items_purchased_type":["Relic","Relic"],"build_version":"2020-12-22","purchased_purges":0,"victory":false,"max_hp_per_floor":[82,82,82,82,82,82,82,82,82,82,82,82,82,82,82,82,82,82,82,82,82,82,82,82,82,82,82,82,82,82,82],"relic_stats":{"Regal Pillow":30,"counters":[17,89],"Golden Idol":74,"Pen Nib":[3],"Cursed Key":1,"obtain_stats":[{"AT_RabadonDeathcap":14,"Regal Pillow":9,"AT_ATBox":0,"Golden Idol":11,"Pen Nib":23,"AT_TimeSand":14,"Cursed Key":17,"AT_ArchangelStaff":25,"hermit:Momento":0,"hermit:Spyglass":26},{"AT_RabadonDeathcap":7,"Regal Pillow":4,"AT_ATBox":0,"Golden Idol":5,"Pen Nib":13,"AT_TimeSand":7,"Cursed Key":8,"AT_ArchangelStaff":14,"hermit:Momento":0,"hermit:Spyglass":14},{"AT_RabadonDeathcap":27,"Regal Pillow":11,"AT_ATBox":0,"Golden Idol":15,"Pen Nib":66,"AT_TimeSand":27,"Cursed Key":41,"AT_ArchangelStaff":72,"hermit:Momento":0,"hermit:Spyglass":72}]},"card_choices":[{"not_picked":["hermit:Dive","hermit:ShadowCloak"],"picked":"hermit:ItchyTrigger","floor":1.0},{"not_picked":["hermit:CursedWeapon","hermit:Desperado"],"picked":"hermit:GoldenBullet","floor":4.0},{"not_picked":["hermit:Manifest","hermit:Glare"],"picked":"hermit:Dive","floor":5.0},{"not_picked":["hermit:EyeOfTheStorm","hermit:Desperado"],"picked":"hermit:TrackingShot","floor":7.0},{"not_picked":["hermit:Manifest","hermit:Maintenance"],"picked":"hermit:Vantage","floor":10.0},{"not_picked":["hermit:CursedWeapon","hermit:WideOpen"],"picked":"hermit:Dive","floor":12.0},{"not_picked":["hermit:PistolWhip","hermit:BodyArmor","hermit:Feint"],"picked":"SKIP","floor":13.0},{"not_picked":["hermit:FinalCanter","hermit:BlackWind"],"picked":"hermit:Purgatory","floor":16.0},{"not_picked":["hermit:HighCaliber","hermit:LowProfile"],"picked":"hermit:Brawl","floor":18.0},{"not_picked":["hermit:Glare","hermit:FlashPowder"],"picked":"hermit:Maintenance","floor":20.0},{"not_picked":["hermit:OverwhelmingPower","hermit:Desperado","hermit:Misfire"],"picked":"SKIP","floor":21.0},{"not_picked":["hermit:Feint","hermit:Shortfuse"],"picked":"hermit:Snipe","floor":22.0},{"not_picked":["hermit:TakeCover","hermit:Misfire+1","hermit:LoneWolf"],"picked":"SKIP","floor":23.0},{"not_picked":["hermit:ItchyTrigger","hermit:Horror"],"picked":"hermit:Gestalt+1","floor":25.0},{"not_picked":["hermit:Headshot","hermit:Glare+1"],"picked":"hermit:Enervate","floor":28.0},{"not_picked":["hermit:FlashPowder+1","hermit:OverwhelmingPower"],"picked":"hermit:GoldenBullet+1","floor":29.0}],"player_experience":21449,"relics_obtained":[{"floor":9.0,"key":"Regal Pillow"},{"floor":23.0,"key":"Pen Nib"},{"floor":25.0,"key":"AT_ArchangelStaff"},{"floor":26.0,"key":"hermit:Spyglass"}],"event_choices":[{"cards_removed":["hermit:Strike_Hermit"],"damage_healed":0.0,"max_hp_gain":0.0,"max_hp_loss":0.0,"gold_gain":0.0,"event_name":"Living Wall","player_choice":"Forget","floor":2.0,"gold_loss":0.0,"damage_taken":0.0},{"cards_removed":["hermit:Strike_Hermit"],"damage_healed":0.0,"max_hp_gain":0.0,"max_hp_loss":0.0,"gold_gain":0.0,"event_name":"The Cleric","player_choice":"Card Removal","floor":3.0,"gold_loss":50.0,"damage_taken":0.0},{"damage_healed":0.0,"max_hp_gain":0.0,"max_hp_loss":0.0,"gold_gain":0.0,"event_name":"Golden Idol","player_choice":"Take Wound","floor":11.0,"gold_loss":0.0,"damage_taken":0.0,"relics_obtained":["Golden Idol"],"cards_obtained":["Injury"]},{"damage_healed":0.0,"max_hp_gain":0.0,"max_hp_loss":0.0,"gold_gain":0.0,"event_name":"Vampires","player_choice":"Ignored","floor":19.0,"gold_loss":0.0,"damage_taken":0.0}],"is_beta":false,"boss_relics":[{"not_picked":["Busted Crown","Snecko Eye"],"picked":"Cursed Key"}],"items_purged_floors":[],"is_endless":false,"potions_floor_spawned":[4,7,13,18,22,28,29],"killed_by":"Book of Stabbing","ascension_level":0}}