{"host":"owox7x4ngjt9htcc","time":1610530177,"event":{"mods":["BaseMod","Colored Map","DeckTracker","Keyboard Shortcuts","Minty Spire (QoL Compilation)","SuperFastMode"],"gold_per_floor":[114,129,144,219,234,264,279,294,294,294,44,59,74,104,104,204,204,219,33,48,63,78,117,117,156,165,165,180,195,234,234,234,352,352,367,382,397,197,246,285,285,285,344,683,683,698,757,0,0,9],"floor_reached":51,"language":"KOR","playtime":1061,"items_purged":["Normality"],"score":1256,"play_id":"790a9ea5-0fcc-4824-972e-3154153b8016","local_time":"20210113182937","daily_mods":["Cursed Run","Vintage","Lethality"],"is_ascension_mode":false,"campfire_choices":[{"data":"Eruption","floor":10.0,"key":"SMITH"},{"data":"Vigilance","floor":15.0,"key":"SMITH"},{"data":"MentalFortress","floor":24.0,"key":"SMITH"},{"data":"Wish","floor":27,"key":"SMITH"},{"data":"Sanctity","floor":32,"key":"SMITH"},{"data":"Vault","floor":41,"key":"SMITH"},{"data":"MentalFortress","floor":49,"key":"SMITH"}],"circlet_count":0,"master_deck":["Strike_P","Strike_P","Strike_P","Defend_P","Defend_P+1","Defend_P","Defend_P+1","Eruption+1","Vigilance+1","BowlingBash","Clumsy","BowlingBash","Writhe","MentalFortress+1","EmptyFist+1","Wish+1","Doubt","Sanctity+1","Vault+1","FlurryOfBlows","Prostrate+1","FlurryOfBlows+1","Regret","Prostrate+1","MentalFortress+1","Doubt"],"relics":["Cursed Key","Darkstone Periapt","Du-Vu Doll","Pen Nib","Happy Flower","PreservedInsect","Potion Belt","Meat on the Bone","Orichalcum","White Beast Statue","Bottled Flame","Eternal Feather","Smiling Mask","War Paint","Blue Candle","SacredBark","Pantograph","Lee\u0027s Waffle","Blood Vial","CeramicFish","Centennial Puzzle","Bronze Scales","Juzu Bracelet","Gremlin Horn","Dream Catcher","Bag of Marbles","InkBottle","MutagenicStrength","Black Star","Toxic Egg 2","Ginger","The Courier","Strawberry","Dead Branch","Akabeko","Vajra","Bag of Preparation","Old Coin","Yang","Mercury Hourglass","Thread and Needle","Red Mask"],"acts_visited":["Exordium","TheCity","TheBeyond"],"potions_floor_usage":[25,28,29,30,33,37,39,40,44,50,50,50,50],"damage_taken":[{"damage":1.0,"enemies":"Cultist","floor":1.0,"turns":3.0},{"damage":1.0,"enemies":"Jaw Worm","floor":2.0,"turns":3.0},{"damage":0.0,"enemies":"2 Louse","floor":3.0,"turns":2.0},{"damage":3.0,"enemies":"Exordium Thugs","floor":5.0,"turns":4.0},{"damage":0.0,"enemies":"Gremlin Nob","floor":6.0,"turns":2.0},{"damage":0.0,"enemies":"Exordium Wildlife","floor":7.0,"turns":2.0},{"damage":0.0,"enemies":"Looter","floor":8.0,"turns":2.0},{"damage":0.0,"enemies":"Large Slime","floor":12.0,"turns":1.0},{"damage":3.0,"enemies":"Red Slaver","floor":13.0,"turns":3.0},{"damage":0.0,"enemies":"Lagavulin","floor":14.0,"turns":3.0},{"damage":0.0,"enemies":"Slime Boss","floor":16.0,"turns":6.0},{"damage":8.0,"enemies":"Shell Parasite","floor":18.0,"turns":4.0},{"damage":0.0,"enemies":"Spheric Guardian","floor":20.0,"turns":3.0},{"damage":0.0,"enemies":"Snecko","floor":21.0,"turns":2.0},{"damage":1.0,"enemies":"Snake Plant","floor":22.0,"turns":2.0},{"damage":20.0,"enemies":"Slavers","floor":23.0,"turns":2.0},{"damage":0,"enemies":"Gremlin Leader","floor":25,"turns":1},{"damage":0,"enemies":"Centurion and Healer","floor":28,"turns":1},{"damage":0,"enemies":"Snecko","floor":29,"turns":3},{"damage":12,"enemies":"Book of Stabbing","floor":30,"turns":2},{"damage":56,"enemies":"Collector","floor":33,"turns":9},{"damage":0,"enemies":"Orb Walker","floor":35,"turns":1},{"damage":5,"enemies":"3 Darklings","floor":36,"turns":4},{"damage":20,"enemies":"Writhing Mass","floor":37,"turns":3},{"damage":7,"enemies":"2 Orb Walkers","floor":39,"turns":5},{"damage":0,"enemies":"Reptomancer","floor":40,"turns":3},{"damage":1,"enemies":"Giant Head","floor":44,"turns":3},{"damage":6,"enemies":"Jaw Worm Horde","floor":46,"turns":2},{"damage":0,"enemies":"Mind Bloom Boss Battle","floor":47,"turns":1},{"damage":2,"enemies":"Donu and Deca","floor":50,"turns":5}],"seed_played":"-4624312993155624390","potions_obtained":[{"floor":2.0,"key":"Ambrosia"},{"floor":3.0,"key":"Fire Potion"},{"floor":5.0,"key":"LiquidBronze"},{"floor":7.0,"key":"FearPotion"},{"floor":12.0,"key":"Block Potion"},{"floor":13.0,"key":"Fire Potion"},{"floor":20.0,"key":"PowerPotion"},{"floor":21.0,"key":"AttackPotion"},{"floor":22.0,"key":"Strength Potion"},{"floor":23.0,"key":"BottledMiracle"},{"floor":25,"key":"SpeedPotion"},{"floor":28,"key":"BlessingOfTheForge"},{"floor":29,"key":"BlessingOfTheForge"},{"floor":30,"key":"GamblersBrew"},{"floor":33,"key":"Explosive Potion"},{"floor":35,"key":"Weak Potion"},{"floor":37,"key":"PowerPotion"},{"floor":39,"key":"SmokeBomb"},{"floor":40,"key":"GamblersBrew"},{"floor":44,"key":"StancePotion"},{"floor":45,"key":"Swift Potion"},{"floor":45,"key":"Regen Potion"}],"is_trial":false,"path_per_floor":["M","M","M","?","M","E","M","M","T","R","$","M","M","E","R","B",null,"M","$","M","M","M","E","R","E","T","R","M","M","E","?","R","B",null,"M","M","M","$","?","E","R","?","T","E","?","M","?","?","R","B",null],"character_chosen":"WATCHER","items_purchased":["Eternal Feather","MentalFortress","Lee\u0027s Waffle","FlurryOfBlows","Strawberry"],"campfire_rested":0,"item_purchase_floors":[11,19,19,38,38],"current_hp_per_floor":[71,70,70,59,56,56,56,56,62,62,62,62,59,59,65,71,84,76,91,91,91,90,71,80,82,88,97,97,97,85,85,94,59,103,103,98,80,87,82,84,96,96,102,103,103,99,116,116,116,122],"gold":9,"neow_bonus":"","is_daily":true,"chose_seed":false,"campfire_upgraded":7,"win_rate":0.0,"timestamp":1610530177,"path_taken":["M","M","M","?","M","E","M","M","T","R","$","M","M","E","R","BOSS","M","$","M","M","M","E","R","E","T","R","M","M","E","?","R","BOSS","M","M","M","$","?","E","R","?","T","E","?","M","?","?","R","BOSS"],"items_purchased_type":["Relic","Card","Relic","Card","Relic"],"build_version":"2020-12-22","purchased_purges":1,"victory":true,"max_hp_per_floor":[72,72,72,72,72,72,72,72,78,78,78,78,78,78,78,84,84,84,91,91,91,91,91,91,91,97,97,97,97,97,97,97,103,103,103,103,103,110,110,110,110,110,116,116,116,116,116,116,116,122],"card_choices":[{"not_picked":["Halt","ClearTheMind"],"picked":"BowlingBash","floor":6.0},{"not_picked":["Nirvana","Halt"],"picked":"BowlingBash","floor":14.0},{"not_picked":["Protect","JustLucky"],"picked":"EmptyFist+1","floor":23.0},{"not_picked":["Study","CutThroughFate"],"picked":"Wish","floor":25},{"not_picked":["Collect","EmptyFist"],"picked":"Sanctity","floor":30},{"not_picked":["Judgement","MasterReality"],"picked":"Vault","floor":33},{"not_picked":["Halt+1","CrushJoints+1"],"picked":"Prostrate+1","floor":39},{"not_picked":["CrushJoints+1","EmptyFist+1"],"picked":"FlurryOfBlows+1","floor":40},{"not_picked":["Vault+1","ThirdEye+1"],"picked":"Prostrate+1","floor":44},{"not_picked":["CutThroughFate+1","Weave+1"],"picked":"MentalFortress","floor":47}],"player_experience":885636,"relics_obtained":[{"floor":1.0,"key":"Pen Nib"},{"floor":2.0,"key":"Happy Flower"},{"floor":3.0,"key":"PreservedInsect"},{"floor":5.0,"key":"Potion Belt"},{"floor":6.0,"key":"Meat on the Bone"},{"floor":7.0,"key":"Orichalcum"},{"floor":8.0,"key":"White Beast Statue"},{"floor":9.0,"key":"Bottled Flame"},{"floor":12.0,"key":"Smiling Mask"},{"floor":13.0,"key":"War Paint"},{"floor":14.0,"key":"Blue Candle"},{"floor":18.0,"key":"Pantograph"},{"floor":20.0,"key":"Blood Vial"},{"floor":21.0,"key":"CeramicFish"},{"floor":22.0,"key":"Centennial Puzzle"},{"floor":23.0,"key":"Bronze Scales"},{"floor":25,"key":"Juzu Bracelet"},{"floor":26,"key":"Gremlin Horn"},{"floor":28,"key":"Dream Catcher"},{"floor":29,"key":"Bag of Marbles"},{"floor":30,"key":"InkBottle"},{"floor":35,"key":"Toxic Egg 2"},{"floor":36,"key":"Ginger"},{"floor":37,"key":"The Courier"},{"floor":39,"key":"Dead Branch"},{"floor":40,"key":"Akabeko"},{"floor":40,"key":"Vajra"},{"floor":43,"key":"Bag of Preparation"},{"floor":44,"key":"Old Coin"},{"floor":44,"key":"Yang"},{"floor":46,"key":"Mercury Hourglass"},{"floor":47,"key":"Thread and Needle"}],"event_choices":[{"damage_healed":0.0,"max_hp_gain":0.0,"max_hp_loss":0.0,"gold_gain":75.0,"event_name":"World of Goop","player_choice":"Gather Gold","floor":4.0,"gold_loss":0.0,"damage_taken":11.0},{"damage_healed":0,"gold_gain":0,"player_choice":"Inject Mutagens","damage_taken":0,"relics_obtained":["MutagenicStrength"],"max_hp_gain":0,"max_hp_loss":0,"event_name":"Drug Dealer","floor":31,"gold_loss":0},{"damage_healed":0,"gold_gain":0,"player_choice":"Fight","damage_taken":0,"max_hp_gain":0,"max_hp_loss":0,"event_name":"Mysterious Sphere","floor":39,"gold_loss":0},{"cards_removed":["Strike_P"],"damage_healed":0,"gold_gain":0,"player_choice":"Removed Attack","damage_taken":0,"max_hp_gain":0,"max_hp_loss":0,"event_name":"Falling","floor":42,"gold_loss":0},{"damage_healed":0,"gold_gain":0,"player_choice":"Got Potions","damage_taken":0,"max_hp_gain":0,"max_hp_loss":0,"event_name":"Lab","floor":45,"gold_loss":0},{"damage_healed":0,"gold_gain":0,"player_choice":"Fight","damage_taken":0,"max_hp_gain":0,"max_hp_loss":0,"event_name":"MindBloom","floor":47,"gold_loss":0},{"damage_healed":0,"gold_gain":0,"player_choice":"Paid","damage_taken":0,"relics_obtained":["Red Mask"],"max_hp_gain":0,"max_hp_loss":0,"event_name":"Tomb of Lord Red Mask","floor":48,"gold_loss":757}],"is_beta":false,"boss_relics":[{"not_picked":["Ectoplasm","Empty Cage"],"picked":"SacredBark"},{"not_picked":["Tiny House","Velvet Choker"],"picked":"Black Star"}],"items_purged_floors":[38],"is_endless":false,"potions_floor_spawned":[2,3,5,7,12,13,14,16,18,20,21,22,23,25,28,29,30,33,35,36,37,39,40,44,46,47],"ascension_level":0}}