{"host":"sx74perrby2168l1","time":1610551780,"event":{"mods":["AchievementEnabler","Act Like it!","BaseMod","Better Third Choice","BetterRewards","Card Forge","Colored Powertips","Conspire","Energized Spire","Friendly Minions","Highlight Path","Hubris","Infinite Spire","Minty Spire (QoL Compilation)","Quick Restart","Replay The Spire","Shop Mod","Spicy Shops","StSLib","SuperFastMode","WarShipGirlsR/????R mod"],"gold_per_floor":[128,147,47,12,12,37,78,129,181,204,248,24,49,77,77,107,107],"floor_reached":16,"language":"ENG","playtime":633,"items_purged":["rmod:acesubmarine+1"],"score":254,"play_id":"7b6ed262-f974-4921-9106-e44101967377","local_time":"20210113152940","is_ascension_mode":false,"campfire_choices":[{"floor":15,"key":"DIG"}],"circlet_count":0,"master_deck":["rmod:acesubmarine+1","rmod:strick","rmod:strick","rmod:strick","rmod:strick","rmod:defend","rmod:defend","rmod:defend","rmod:defend","rmod:basicallowance","rmod:maingunfire+1","rmod:ammunitionsupply","rmod:openingtorpedo","conspire:SpireCoStock","conspire:SpireCoStock","rmod:fuelsupply","rmod:windflower","rmod:expedition"],"relics":["rmod:firstchargereward","Hammer of Thor","Seething Fire","Anvil of the Gods","Mango","Torii","Simple Rune","Whetstone","MerchantsRug","Replay:Bandana","ReplayTheSpireMod:TigerMarble","conspire:GiftBox","hubris:ToyBattleship","Replay:Wax Seal","Replay:Lucky Slots","Unceasing Top","Gremlin Horn"],"acts_visited":["Exordium"],"potions_floor_usage":[],"damage_taken":[{"damage":0.0,"enemies":"Cultist","floor":1.0,"turns":2.0},{"damage":0.0,"enemies":"Small Slimes","floor":2.0,"turns":2.0},{"damage":1.0,"enemies":"Jaw Worm","floor":7.0,"turns":2.0},{"damage":16.0,"enemies":"Gremlin Nob","floor":8.0,"turns":3.0},{"damage":10.0,"enemies":"Looter","floor":10.0,"turns":3.0},{"damage":7.0,"enemies":"Exordium Thugs","floor":11.0,"turns":5.0},{"damage":1,"enemies":"Red Slaver","floor":13,"turns":2},{"damage":1,"enemies":"Looter","floor":14,"turns":2}],"seed_played":"-7986753085462184855","potions_obtained":[{"floor":2.0,"key":"Venom Potion"},{"floor":8.0,"key":"Swift Potion"}],"is_trial":false,"path_per_floor":["M","M","?","?","?","T","M","E","T","M","M","$","M","M","R","B"],"character_chosen":"PRAEFECT","items_purchased":["Simple Rune","Whetstone","MerchantsRug","Replay:Bandana","Replay:Wax Seal","Replay:Lucky Slots","Unceasing Top"],"campfire_rested":0,"item_purchase_floors":[0,0,0,0,12,12,12],"current_hp_per_floor":[41,41,41,63,63,63,62,46,46,36,29,29,28,27,27,0,0],"gold":107,"neow_bonus":"","is_daily":false,"chose_seed":false,"campfire_upgraded":0,"win_rate":0.0,"timestamp":1610551780,"path_taken":["M","?","?","?","?","?","M","E","T","?","M","?","M","M","R","BOSS"],"items_purchased_type":["Relic","Relic","Relic","Relic","Relic","Relic","Relic"],"build_version":"2020-12-22","purchased_purges":1,"victory":false,"max_hp_per_floor":[89,89,89,89,89,89,89,89,89,89,89,89,89,89,89,89,89],"card_choices":[{"not_picked":["rmod:goodfighter","rmod:salvage"],"picked":"rmod:ammunitionsupply","floor":1.0},{"not_picked":["rmod:circuitoustactics","rmod:advancebysurprise"],"picked":"rmod:openingtorpedo","floor":2.0},{"not_picked":["rmod:fletcherpendant","rmod:lonelyqueen"],"picked":"rmod:fuelsupply","floor":7.0},{"not_picked":["rmod:ridicule","rmod:expeditionaryescort"],"picked":"rmod:windflower","floor":8.0},{"not_picked":["rmod:abidefaith","rmod:supportescort","rmod:firesupport"],"picked":"SKIP","floor":8.0},{"not_picked":["rmod:aluminumsupply","rmod:circuitoustactics","rmod:robin"],"picked":"SKIP","floor":10.0},{"not_picked":["rmod:heivgo","rmod:launchingtorpedo"],"picked":"rmod:expedition","floor":11.0},{"not_picked":["rmod:unsinkable","rmod:intelligenceanalysis","rmod:circuitoustactics"],"picked":"SKIP","floor":13},{"not_picked":["rmod:tearstotiara","rmod:fletcherpendant","rmod:aggressivemary"],"picked":"SKIP","floor":14}],"player_experience":56734,"relics_obtained":[{"floor":6.0,"key":"ReplayTheSpireMod:TigerMarble"},{"floor":8.0,"key":"conspire:GiftBox"},{"floor":9.0,"key":"hubris:ToyBattleship"},{"floor":15,"key":"Gremlin Horn"}],"event_choices":[{"damage_healed":0.0,"max_hp_gain":0.0,"max_hp_loss":0.0,"gold_gain":0.0,"event_name":"conspire:Investor","player_choice":"Invest 2","floor":3.0,"gold_loss":0.0,"damage_taken":0.0},{"damage_healed":22.0,"max_hp_gain":0.0,"max_hp_loss":0.0,"gold_gain":0.0,"event_name":"The Cleric","player_choice":"Healed","floor":4.0,"gold_loss":35.0,"damage_taken":0.0},{"damage_healed":0.0,"max_hp_gain":0.0,"max_hp_loss":0.0,"gold_gain":0.0,"event_name":"conspire:LoneGhost","player_choice":"Disagree","floor":5.0,"gold_loss":0.0,"damage_taken":0.0}],"is_beta":false,"boss_relics":[],"items_purged_floors":[0],"is_endless":false,"potions_floor_spawned":[2,8,13],"killed_by":"The Guardian","ascension_level":0}}