{"host":"pq8o62wp0h1hflf3","time":1610565887,"event":{"mods":["BaseMod","Minty Spire (QoL Compilation)","Relic Stats","ojb\u0027s Info Mod"],"gold_per_floor":[114,127,140,140,62,87,34,34,57,57,70,70,82,115,115,190,190,208,208,222,222,238,288,70,104,150,169,189,189,12,25,25,25,25],"floor_reached":33,"language":"ENG","playtime":2312,"items_purged":[],"score":629,"play_id":"ac236930-67ff-4978-a9cf-a43b67d5fb1a","local_time":"20210113142447","is_ascension_mode":true,"campfire_choices":[{"floor":8,"key":"REST"},{"data":"Crippling Poison","floor":10,"key":"SMITH"},{"floor":12,"key":"REST"},{"data":"Burst","floor":15,"key":"SMITH"},{"floor":29,"key":"REST"},{"data":"Ghostly","floor":32,"key":"SMITH"}],"circlet_count":0,"master_deck":["AscendersBane","Defend_G","Defend_G","Defend_G+1","Defend_G","Survivor+1","Neutralize","Dash+1","Night Terror+1","Phantasmal Killer+1","Finisher","Infinite Blades","Crippling Poison+1","Glass Knife","Endless Agony","Dagger Throw","Noxious Fumes","Burst+1","Envenom","Dodge and Roll","Ghostly+1","Ghostly","Ghostly","Blade Dance+1","Bite","Bite","Bite","Bite","Bite","Cloak And Dagger","After Image"],"relics":["Astrolabe","Snake Skull","War Paint","Kunai","Black Star","Lee\u0027s Waffle","Singing Bowl","Bag of Preparation","Toy Ornithopter"],"acts_visited":["Exordium","TheCity"],"potions_floor_usage":[6,16,25,31,33,33],"damage_taken":[{"damage":9,"enemies":"2 Louse","floor":1,"turns":2},{"damage":4,"enemies":"Jaw Worm","floor":2,"turns":2},{"damage":0,"enemies":"Cultist","floor":3,"turns":3},{"damage":19,"enemies":"3 Sentries","floor":6,"turns":8},{"damage":0,"enemies":"Looter","floor":11,"turns":3},{"damage":0,"enemies":"Large Slime","floor":13,"turns":4},{"damage":0,"enemies":"Lagavulin","floor":14,"turns":5},{"damage":27,"enemies":"The Guardian","floor":16,"turns":9},{"damage":16,"enemies":"3 Byrds","floor":18,"turns":4},{"damage":20,"enemies":"Spheric Guardian","floor":20,"turns":8},{"damage":20,"enemies":"Snecko","floor":22,"turns":7},{"damage":24,"enemies":"Slavers","floor":25,"turns":8},{"damage":15,"enemies":"Snake Plant","floor":27,"turns":6},{"damage":1,"enemies":"3 Cultists","floor":28,"turns":5},{"damage":5,"enemies":"Snecko","floor":31,"turns":9},{"damage":54,"enemies":"Collector","floor":33,"turns":7}],"seed_played":"9148192546756576189","potions_obtained":[{"floor":1,"key":"Poison Potion"},{"floor":3,"key":"SkillPotion"},{"floor":6,"key":"CunningPotion"},{"floor":22,"key":"CultistPotion"},{"floor":28,"key":"Block Potion"},{"floor":31,"key":"Energy Potion"}],"is_trial":false,"path_per_floor":["M","M","M","?","$","E","$","R","T","R","M","R","M","E","R","B",null,"M","?","M","?","M","?","$","E","T","M","M","R","$","M","R","B"],"character_chosen":"THE_SILENT","items_purchased":["Glass Knife","Fire Potion","Lee\u0027s Waffle","Cloak And Dagger","After Image"],"campfire_rested":3,"item_purchase_floors":[5,7,24,24,30],"current_hp_per_floor":[50,46,46,28,28,9,9,28,28,28,28,47,47,47,47,20,55,39,33,13,13,5,5,30,16,16,11,14,24,24,36,36,0,0],"gold":25,"neow_bonus":"BOSS_RELIC","is_daily":false,"chose_seed":false,"campfire_upgraded":3,"win_rate":0.0,"timestamp":1610565887,"path_taken":["M","M","M","?","?","E","$","R","T","R","M","R","?","E","R","BOSS","M","?","M","?","M","?","$","E","T","M","?","R","?","M","R","BOSS"],"items_purchased_type":["Card","Potion","Relic","Card","Card"],"build_version":"2020-12-22","purchased_purges":0,"victory":false,"max_hp_per_floor":[66,66,66,66,66,66,66,66,66,66,66,66,66,66,66,66,66,66,33,33,23,23,23,30,32,32,34,36,36,36,38,38,38,38],"relic_stats":{"Lee\u0027s Waffle":25,"Singing Bowl":8,"counters":[16,90],"Astrolabe":["Dash","Night Terror","Phantasmal Killer"],"Snake Skull":[82],"Black Star":1,"Bag of Preparation":[9],"Kunai":[27],"War Paint":["Defend_G","Survivor"],"obtain_stats":[{"Lee\u0027s Waffle":24,"Singing Bowl":25,"Astrolabe":0,"Snake Skull":6,"Black Star":17,"Bag of Preparation":25,"Kunai":14,"War Paint":9,"Toy Ornithopter":26,"Ring of the Snake":0},{"Lee\u0027s Waffle":11,"Singing Bowl":12,"Astrolabe":0,"Snake Skull":4,"Black Star":8,"Bag of Preparation":12,"Kunai":7,"War Paint":4,"Toy Ornithopter":12,"Ring of the Snake":0},{"Lee\u0027s Waffle":55,"Singing Bowl":63,"Astrolabe":0,"Snake Skull":15,"Black Star":36,"Bag of Preparation":63,"Kunai":27,"War Paint":15,"Toy Ornithopter":63,"Ring of the Snake":0}],"Toy Ornithopter":10},"card_choices":[{"not_picked":["Underhanded Strike","Bane"],"picked":"Finisher","floor":1},{"not_picked":["Quick Slash","Dodge and Roll"],"picked":"Infinite Blades","floor":2},{"not_picked":["Tactician","Quick Slash"],"picked":"Crippling Poison","floor":3},{"not_picked":["Tactician","Reflex"],"picked":"Endless Agony","floor":6},{"not_picked":["Concentrate","Riddle With Holes"],"picked":"Dagger Throw","floor":11},{"not_picked":["Slice","Dagger Throw"],"picked":"Noxious Fumes","floor":13},{"not_picked":["Noxious Fumes","Quick Slash"],"picked":"Burst","floor":14},{"not_picked":["Unload","Storm of Steel"],"picked":"Envenom","floor":16},{"not_picked":["Poisoned Stab","Skewer"],"picked":"Dodge and Roll","floor":18},{"not_picked":["Slice","Escape Plan"],"picked":"Blade Dance+1","floor":20},{"not_picked":["Eviscerate+1","Underhanded Strike","Glass Knife"],"picked":"SKIP","floor":22},{"not_picked":["Footwork","Concentrate","Deflect"],"picked":"Singing Bowl","floor":25},{"not_picked":["Skewer","Quick Slash","Dagger Throw+1"],"picked":"Singing Bowl","floor":27},{"not_picked":["Outmaneuver","Flying Knee+1","Bane"],"picked":"Singing Bowl","floor":28},{"not_picked":["Blade Dance","Underhanded Strike","All Out Attack"],"picked":"Singing Bowl","floor":31}],"player_experience":1133070,"relics_obtained":[{"floor":6,"key":"Snake Skull"},{"floor":9,"key":"War Paint"},{"floor":14,"key":"Kunai"},{"floor":25,"key":"Singing Bowl"},{"floor":25,"key":"Bag of Preparation"},{"floor":26,"key":"Toy Ornithopter"}],"event_choices":[{"damage_healed":0,"gold_gain":0,"player_choice":"Fled","damage_taken":18,"max_hp_gain":0,"max_hp_loss":0,"event_name":"Scrap Ooze","floor":4,"gold_loss":0},{"damage_healed":0,"gold_gain":0,"player_choice":"Became a Ghost","damage_taken":0,"max_hp_gain":0,"max_hp_loss":33,"event_name":"Ghosts","floor":19,"gold_loss":0,"cards_obtained":["Ghostly","Ghostly","Ghostly"]},{"damage_healed":0,"gold_gain":0,"player_choice":"Became a vampire","damage_taken":0,"max_hp_gain":0,"max_hp_loss":10,"event_name":"Vampires","floor":21,"gold_loss":0,"cards_obtained":["Bite","Bite","Bite","Bite","Bite"]},{"damage_healed":0,"gold_gain":100,"player_choice":"Bet on Murderer","damage_taken":0,"max_hp_gain":0,"max_hp_loss":0,"event_name":"The Joust","floor":23,"gold_loss":50}],"is_beta":false,"boss_relics":[{"not_picked":["HoveringKite","Calling Bell"],"picked":"Black Star"}],"items_purged_floors":[],"is_endless":false,"potions_floor_spawned":[1,3,6,14,22,28,31],"killed_by":"Collector","ascension_level":20}}