{"host":"7t8rqoeeopyy0nh0","time":1610539048,"event":{"mods":["AchievementEnabler","Aspiration","Bard","BaseMod","Better Third Choice","BetterRewards","Colored Map","Colored Powertips","Conspire","Downfall","Hermit","Hubris","Infinite Spire","Koishi","Minty Spire (QoL Compilation)","Permanent Neow","Quick Restart","Rare Cards Sparkle","Reimu??????","Replay The Spire","StSLib","Td1madao Mod","The Administrix","The Blackbeard","The Bug Knight","The Gatherer","The Hayseed","The Jungle","The Marked","The Servant 0.9.4","The Wild Card","TheBandit"],"gold_per_floor":[213,223,33,33,53,53,86,86,86,106,106,123,152,152,152,249,249,264,264,279,279,279],"floor_reached":21,"language":"ENG","playtime":1201,"items_purged":[],"score":189,"play_id":"345e25f8-aa33-460c-90d1-fcddbfe74404","local_time":"20210113065728","is_ascension_mode":false,"campfire_choices":[{"data":"wariomod:DonateDraw","floor":6,"key":"SMITH"},{"data":"wariomod:RacingSpeed","floor":8,"key":"SMITH"},{"floor":15,"key":"REST"}],"circlet_count":0,"master_deck":["wariomod:Strike","wariomod:Strike","wariomod:Strike","wariomod:Strike","wariomod:Defend+1","wariomod:Defend","wariomod:Defend","wariomod:Defend","wariomod:Step","wariomod:Leap","wariomod:Leapslam","wariomod:Purify","wariomod:DonateDraw+1","wariomod:RacingSpeed+1","wariomod:BodyBlock+1","wariomod:ForbiddenMagic","CurseOfTheBell","wariomod:SelfImprison"],"relics":["wariomod:TheHat","HollowMod:PaleOreRelic","hubris:Towel","hubris:GlazedTorus","HollowMod:StagPassRelic","ReplayTheSpireMod:Ring of Collecting","War Paint","FaceOfCleric","Calling Bell","Juzu Bracelet","StrikeDummy","hubris:FunFungus","aspiration:RitualStick"],"acts_visited":["Exordium","TheCity"],"potions_floor_usage":[13,13,16,20,21],"damage_taken":[{"damage":9,"enemies":"Jaw Worm","floor":1,"turns":4},{"damage":2,"enemies":"conspire:RoseBush","floor":2,"turns":3},{"damage":2,"enemies":"Small Slimes","floor":5,"turns":4},{"damage":19,"enemies":"HollowMod:MossKnight","floor":7,"turns":7},{"damage":14,"enemies":"Gremlin Gang","floor":10,"turns":3},{"damage":3,"enemies":"Blue Slaver","floor":12,"turns":3},{"damage":8,"enemies":"Lagavulin","floor":13,"turns":5},{"damage":30,"enemies":"Fading Forest","floor":16,"turns":11},{"damage":21,"enemies":"2 Thieves","floor":18,"turns":4},{"damage":58,"enemies":"conspire:FuzzyDice","floor":20,"turns":6},{"damage":22,"enemies":"Centurion and Healer","floor":21,"turns":4}],"seed_played":"-2198044883199577339","potions_obtained":[{"floor":1,"key":"Weak Potion"},{"floor":10,"key":"PowerPotion"},{"floor":12,"key":"hexamod:EctoCoolerPotion"},{"floor":16,"key":"sneckomod:MuddlingPotion"},{"floor":18,"key":"conspire:TimeTravelPotion"},{"floor":20,"key":"Elixir"}],"is_trial":false,"path_per_floor":["M","M","$","?","M","R","E","R","T","M","?","M","E","?","R_BF","B",null,"M","?","M","M"],"character_chosen":"THE_BANDIT","items_purchased":["HollowMod:PaleOreRelic","wariomod:DonateDraw"],"campfire_rested":1,"item_purchase_floors":[3,3],"current_hp_per_floor":[71,69,69,69,67,67,48,48,48,34,34,31,23,23,47,42,81,61,45,21,0,0],"gold":279,"neow_bonus":"HUNDRED_GOLD","is_daily":false,"chose_seed":false,"campfire_upgraded":2,"win_rate":0.0,"timestamp":1610539048,"path_taken":["M","M","$","?","M","R","E","R","T","M","?","M","E","?","R_BF","BOSS","M","?","M","M"],"items_purchased_type":["Relic","Card"],"build_version":"2020-12-22","purchased_purges":0,"victory":false,"max_hp_per_floor":[80,80,80,80,80,80,80,80,80,80,80,80,80,80,80,81,81,82,82,83,83,83],"card_choices":[{"not_picked":["wariomod:TempestBlasts","wariomod:BoomBoom"],"picked":"wariomod:Leapslam","floor":1},{"not_picked":["wariomod:SelfImprison","wariomod:DamnedStrength"],"picked":"wariomod:Purify","floor":2},{"not_picked":["wariomod:DeepDig","wariomod:f","wariomod:SelfImprison"],"picked":"SKIP","floor":5},{"not_picked":["wariomod:Goblast","wariomod:ImFeelingLucky"],"picked":"wariomod:RacingSpeed","floor":7},{"not_picked":["wariomod:SpaceSwap","wariomod:SilenceBombs"],"picked":"wariomod:BodyBlock","floor":10},{"not_picked":["wariomod:Leapslam","wariomod:Game","wariomod:BigUpgrade"],"picked":"SKIP","floor":12},{"not_picked":["wariomod:ThatsNotAll","wariomod:EmptyMind","wariomod:ImFeelingLucky"],"picked":"SKIP","floor":13},{"not_picked":["wariomod:Sidestep","wariomod:DeadlyDash"],"picked":"wariomod:ForbiddenMagic","floor":16},{"not_picked":["wariomod:CursedSpaces","wariomod:RacingSpeed","wariomod:PayItForwards"],"picked":"SKIP","floor":18},{"not_picked":["wariomod:BlastDash","wariomod:DoubleDip+1"],"picked":"wariomod:SelfImprison","floor":20}],"player_experience":405169,"relics_obtained":[{"floor":7,"key":"hubris:GlazedTorus"},{"floor":9,"key":"HollowMod:StagPassRelic"},{"floor":11,"key":"ReplayTheSpireMod:Ring of Collecting"},{"floor":13,"key":"War Paint"},{"floor":17,"key":"Juzu Bracelet"},{"floor":17,"key":"StrikeDummy"},{"floor":17,"key":"hubris:FunFungus"}],"event_choices":[{"damage_healed":0,"gold_gain":0,"player_choice":"Trade","damage_taken":0,"relics_obtained":["FaceOfCleric"],"max_hp_gain":0,"max_hp_loss":0,"event_name":"FaceTrader","floor":14,"gold_loss":0}],"is_beta":false,"boss_relics":[{"not_picked":["conspire:SeveredTorchhead","hubris:BlackHole"],"picked":"Calling Bell"}],"items_purged_floors":[],"is_endless":false,"potions_floor_spawned":[1,10,12,16,18,20],"killed_by":"Centurion and Healer","ascension_level":0}}