{"host":"rz2lv501vmh9q9ir","time":1610510880,"event":{"mods":["AchievementEnabler","BaseMod","Better Third Choice","Minty Spire (QoL Compilation)","Rare Cards Sparkle","Replay The Spire","StSLib"],"gold_per_floor":[10,20,33,52,118,150,214,245,268,268,290,323,342,359,359,463,463,481,491,75,89,89,125,178,213,213,253,280,280,25,54,54,168,195,216,240,249,174,193,229,75,75,75,110,138,163,163,163],"floor_reached":47,"language":"ENG","playtime":4332,"items_purged":["Parasite"],"score":695,"play_id":"054f5f92-fadb-4fa0-a702-7a8e80c5b7a5","local_time":"20210112230800","is_ascension_mode":true,"campfire_choices":[{"floor":10,"key":"RECALL"},{"floor":15,"key":"REST"},{"floor":29,"key":"REST"},{"data":"LessonLearned","floor":32,"key":"SMITH"},{"floor":42,"key":"REST"}],"circlet_count":0,"master_deck":["Strike_P","Strike_P+1","Strike_P","Strike_P","Defend_P+1","Defend_P","Defend_P+1","Defend_P+1","Eruption","Vigilance","Consecrate","SashWhip","Conclude","CrushJoints","PathToVictory","JustLucky","LessonLearned+1","Swivel","Swivel","FollowUp","CutThroughFate","Judgement","FearNoEvil+1","BowlingBash+1","Crescendo","Wish","PathToVictory","Consecrate","WheelKick","EmptyBody+1","Conclude","ConjureBlade+1","Clumsy","CommonCold","Crescendo+1","Vault+1","Vault+1","ClearTheMind+1","ThirdEye+1","Vengeance+1","TalkToTheHand"],"relics":["PureWater","Iron Hammer","Centennial Puzzle","Odd Mushroom","Sundial","Painkiller Herb","Replay:Ringing Soul","Tiny Chest","CeramicFish","Toy Ornithopter","Pear","Toxic Egg 2","Pantograph","Replay:Ancient Bell","ReplayFunnel","Mercury Hourglass","TungstenRod","MealTicket","Orichalcum","Happy Flower","Akabeko"],"acts_visited":["Exordium","TheCity","TheBeyond"],"potions_floor_usage":[14,16,18,23,25,31,33,33,40],"damage_taken":[{"damage":0,"enemies":"Cultist","floor":1,"turns":2},{"damage":0,"enemies":"Small Slimes","floor":2,"turns":1},{"damage":0,"enemies":"2 Louse","floor":3,"turns":2},{"damage":2,"enemies":"2 Fungi Beasts","floor":4,"turns":2},{"damage":12,"enemies":"Gremlin Nob","floor":6,"turns":3},{"damage":11,"enemies":"Gremlin Nob","floor":7,"turns":4},{"damage":6,"enemies":"Replay:BlueRogue","floor":8,"turns":4},{"damage":18,"enemies":"The Mushroom Lair","floor":11,"turns":3},{"damage":10,"enemies":"Lagavulin","floor":12,"turns":3},{"damage":0,"enemies":"Looter","floor":13,"turns":3},{"damage":7,"enemies":"Gremlin Gang","floor":14,"turns":3},{"damage":16,"enemies":"Fading Forest","floor":16,"turns":11},{"damage":0,"enemies":"3 Byrds","floor":18,"turns":2},{"damage":8,"enemies":"Spheric Guardian","floor":19,"turns":4},{"damage":9,"enemies":"3 Cultists","floor":21,"turns":4},{"damage":8,"enemies":"Gremlin Leader","floor":23,"turns":5},{"damage":18,"enemies":"Centurion and Healer","floor":24,"turns":6},{"damage":27,"enemies":"Book of Stabbing","floor":25,"turns":5},{"damage":18,"enemies":"Gremlin Leader","floor":27,"turns":5},{"damage":4,"enemies":"Shelled Parasite and Fungi","floor":28,"turns":3},{"damage":5,"enemies":"Snake Plant","floor":31,"turns":2},{"damage":62,"enemies":"Champ","floor":33,"turns":11},{"damage":12,"enemies":"3 Shapes","floor":35,"turns":3},{"damage":19,"enemies":"Orb Walker","floor":36,"turns":3},{"damage":23,"enemies":"Spire Growth","floor":39,"turns":4},{"damage":56,"enemies":"Nemesis","floor":40,"turns":5},{"damage":64,"enemies":"Reptomancer","floor":44,"turns":7},{"damage":6,"enemies":"Sphere and 2 Shapes","floor":45,"turns":2},{"damage":34,"enemies":"Transient","floor":47,"turns":5}],"seed_played":"1403787690752597483","potions_obtained":[{"floor":2,"key":"Energy Potion"},{"floor":6,"key":"Swift Potion"},{"floor":8,"key":"Elixir"},{"floor":14,"key":"Elixir"},{"floor":16,"key":"Explosive Potion"},{"floor":19,"key":"Weak Potion"},{"floor":21,"key":"Explosive Potion"},{"floor":27,"key":"Dexterity Potion"},{"floor":28,"key":"FearPotion"},{"floor":36,"key":"Swift Potion"},{"floor":44,"key":"Reflective Coating"}],"is_trial":false,"path_per_floor":["M","M","M","M","?","E","?","E","T","R","?","E","M","M","R","B",null,"?","?","T","?","?","E","?","E","T","E","?","T","T","?","T","B",null,"?","?","?","T","?","E","T","T","T","E","?","T","?"],"character_chosen":"WATCHER","items_purchased":["Replay:Ringing Soul","Tiny Chest","Pantograph","Orichalcum"],"campfire_rested":3,"item_purchase_floors":[20,20,30,41],"current_hp_per_floor":[86,86,86,84,84,72,61,55,55,55,37,27,27,20,45,29,86,86,78,78,72,72,67,52,28,38,23,22,56,56,59,59,35,123,114,98,101,101,81,33,48,88,88,27,24,24,0,0],"gold":163,"neow_bonus":"TWENTY_PERCENT_HP_BONUS","is_daily":false,"chose_seed":false,"campfire_upgraded":1,"win_rate":0.0,"timestamp":1610510880,"path_taken":["M","?","?","?","?","E","?","E","T","R","?","E","M","M","R","BOSS","?","?","T","?","?","E","?","E","T","E","?","T","T","?","T","BOSS","?","?","?","T","?","E","T","T","T","E","?","?","?"],"items_purchased_type":["Relic","Relic","Relic","Relic"],"build_version":"2020-12-22","purchased_purges":1,"victory":false,"max_hp_per_floor":[86,86,86,86,86,86,86,86,86,86,86,86,86,86,86,86,86,86,86,86,89,89,92,95,98,108,111,114,114,114,117,117,120,123,126,129,132,129,132,135,135,135,135,138,141,141,141,141],"card_choices":[{"not_picked":["InnerPeace","Replay:AtTheReady"],"picked":"Consecrate","floor":1},{"not_picked":["Wireheading","Replay:ManipulateFuture"],"picked":"SashWhip","floor":2},{"not_picked":["CarveReality","Halt"],"picked":"Conclude","floor":3},{"not_picked":["Replay:Anticipation","ConjureBlade"],"picked":"CrushJoints","floor":4},{"not_picked":["Replay:Anticipation","Worship"],"picked":"PathToVictory","floor":6},{"not_picked":["Meditate","Pray"],"picked":"JustLucky","floor":7},{"not_picked":["InnerPeace","ReachHeaven"],"picked":"LessonLearned","floor":8},{"not_picked":["Perseverance","Replay:ManipulateFuture"],"picked":"Swivel","floor":11},{"not_picked":["Replay:BluntJabs","Wireheading"],"picked":"Swivel","floor":12},{"not_picked":["EmptyBody","LikeWater"],"picked":"FollowUp","floor":13},{"not_picked":["CrushJoints","Replay:BluntJabs"],"picked":"CutThroughFate","floor":14},{"not_picked":["MasterReality","Alpha"],"picked":"Judgement","floor":16},{"not_picked":["Replay:ManipulateFuture+1","JustLucky+1"],"picked":"FearNoEvil","floor":18},{"not_picked":["FollowUp+1","Study"],"picked":"BowlingBash","floor":19},{"not_picked":["BowlingBash+1","EmptyBody"],"picked":"Crescendo","floor":21},{"not_picked":["Replay:AtTheReady","Blasphemy"],"picked":"Wish","floor":23},{"not_picked":["Evaluate+1","Replay:BluntJabs"],"picked":"PathToVictory","floor":24},{"not_picked":["Replay:BluntJabs","Replay:AtTheReady+1"],"picked":"Consecrate","floor":25},{"not_picked":["Wallop","Fasting2+1"],"picked":"WheelKick","floor":27},{"not_picked":["Evaluate+1","Blasphemy+1"],"picked":"EmptyBody+1","floor":28},{"not_picked":["Meditate+1","Nirvana+1"],"picked":"Conclude","floor":31},{"not_picked":["Wish+1","Judgement+1"],"picked":"ConjureBlade+1","floor":33},{"not_picked":["Overencumbered","Normality"],"picked":"Clumsy","floor":34},{"not_picked":["AbeCurse","ReplayTheSpireMod:Splinters"],"picked":"Parasite","floor":34},{"not_picked":["Regret","AbeCurse"],"picked":"CommonCold","floor":34},{"not_picked":["ThirdEye+1","Consecrate"],"picked":"Crescendo+1","floor":35},{"not_picked":["FlurryOfBlows","Evaluate+1"],"picked":"Vault+1","floor":36},{"not_picked":["Evaluate+1","Vengeance+1"],"picked":"ClearTheMind+1","floor":39},{"not_picked":["Collect+1","Replay:Cycle+1"],"picked":"ThirdEye+1","floor":40},{"not_picked":["Wireheading+1","ThirdEye+1"],"picked":"Vengeance+1","floor":44},{"not_picked":["Replay:Cycle+1","WaveOfTheHand+1"],"picked":"TalkToTheHand","floor":45}],"player_experience":160315,"relics_obtained":[{"floor":6,"key":"Iron Hammer"},{"floor":8,"key":"Centennial Puzzle"},{"floor":11,"key":"Odd Mushroom"},{"floor":12,"key":"Sundial"},{"floor":23,"key":"CeramicFish"},{"floor":25,"key":"Toy Ornithopter"},{"floor":26,"key":"Pear"},{"floor":27,"key":"Toxic Egg 2"},{"floor":40,"key":"MealTicket"},{"floor":43,"key":"Happy Flower"},{"floor":46,"key":"Akabeko"}],"event_choices":[{"damage_healed":0,"gold_gain":66,"player_choice":"Gained Gold","damage_taken":0,"max_hp_gain":0,"max_hp_loss":0,"event_name":"Golden Wing","floor":5,"gold_loss":0},{"damage_healed":0,"gold_gain":0,"player_choice":"Searched \u00271\u0027 times","damage_taken":0,"max_hp_gain":0,"max_hp_loss":0,"event_name":"Dead Adventurer","floor":7,"gold_loss":0},{"damage_healed":0,"gold_gain":0,"player_choice":"Fought Mushrooms","damage_taken":0,"max_hp_gain":0,"max_hp_loss":0,"event_name":"Mushrooms","floor":11,"gold_loss":0},{"damage_healed":0,"gold_gain":0,"player_choice":"Copied","damage_taken":0,"max_hp_gain":0,"max_hp_loss":0,"event_name":"Duplicator","floor":37,"gold_loss":0,"cards_obtained":["Vault"]}],"is_beta":false,"boss_relics":[{"not_picked":["Fusion Hammer","VioletLotus"],"picked":"Painkiller Herb"},{"not_picked":["Coffee Dripper","Runic Pyramid"],"picked":"Replay:Ancient Bell"},{"not_picked":["ReplayTheSpireMod:Lightbulb","Pen Nib"],"picked":"ReplayFunnel"},{"not_picked":["ReplayTheSpireMod:Shallot","Eternal Feather"],"picked":"Mercury Hourglass"},{"not_picked":["Shovel","Turnip"],"picked":"TungstenRod"}],"items_purged_floors":[38],"is_endless":false,"potions_floor_spawned":[2,6,8,11,14,16,19,21,27,28,36,44],"killed_by":"Transient","ascension_level":1}}