{"host":"wha9hktbkslqvblg","time":1610533212,"event":{"mods":["BaseMod","Colored Map","Minty Spire (QoL Compilation)","Relic Stats","SuperFastMode","everything is the same but u backflip on backflip"],"gold_per_floor":[116,116,132,57,57,84,84,99,99,99,119,146,421,431,431,431,431],"floor_reached":16,"language":"KOR","playtime":250,"items_purged":["Defend_R"],"score":270,"play_id":"abfbd147-bfb0-4915-9c50-876210121865","local_time":"20210113192012","is_ascension_mode":true,"campfire_choices":[{"floor":7,"key":"DIG"},{"data":"Limit Break","floor":10,"key":"SMITH"},{"floor":15,"key":"DIG"}],"circlet_count":0,"master_deck":["AscendersBane","Strike_R","Strike_R","Strike_R","Defend_R","Defend_R","Defend_R","Bash","Bloodletting","Limit Break+1","Seeing Red","Spot Weakness","Pommel Strike","Barricade+1","Regret","Uppercut"],"relics":["Burning Blood","NeowsBlessing","Shovel","Frozen Egg 2","Lizard Tail","Blue Candle","Matryoshka"],"acts_visited":["Exordium"],"potions_floor_usage":[14],"damage_taken":[{"damage":0,"enemies":"Small Slimes","floor":1,"turns":1},{"damage":0,"enemies":"2 Louse","floor":3,"turns":1},{"damage":0,"enemies":"3 Sentries","floor":6,"turns":2},{"damage":5,"enemies":"Cultist","floor":8,"turns":4},{"damage":20,"enemies":"Blue Slaver","floor":11,"turns":6},{"damage":43,"enemies":"Gremlin Nob","floor":12,"turns":4},{"damage":34,"enemies":"Gremlin Gang","floor":14,"turns":4},{"damage":34,"enemies":"Hexaghost","floor":16,"turns":7}],"seed_played":"8161747103924973843","potions_obtained":[{"floor":3,"key":"Energy Potion"},{"floor":12,"key":"FearPotion"},{"floor":14,"key":"Ancient Potion"}],"is_trial":false,"path_per_floor":["M","?","M","$","?","E","R","M","T","R","M","E","?","M","R","B"],"character_chosen":"IRONCLAD","items_purchased":[],"campfire_rested":0,"item_purchase_floors":[],"current_hp_per_floor":[74,74,75,75,75,75,75,75,75,75,61,24,24,40,40,6,6],"gold":431,"neow_bonus":"THREE_ENEMY_KILL","is_daily":false,"chose_seed":false,"campfire_upgraded":1,"win_rate":0.0,"timestamp":1610533212,"path_taken":["M","?","M","$","?","E","R","M","T","R","?","E","?","?","R","BOSS"],"items_purchased_type":[],"build_version":"2020-12-22","purchased_purges":1,"victory":false,"max_hp_per_floor":[75,75,75,75,75,75,75,75,75,75,75,75,75,75,75,75,75],"relic_stats":{"Lizard Tail":37,"Shovel":2,"counters":[8,29],"Blue Candle":[2],"obtain_stats":[{"Lizard Tail":9,"Shovel":6,"Matryoshka":15,"NeowsBlessing":0,"Blue Candle":12,"Frozen Egg 2":7,"Burning Blood":0},{"Lizard Tail":4,"Shovel":3,"Matryoshka":7,"NeowsBlessing":0,"Blue Candle":6,"Frozen Egg 2":3,"Burning Blood":0},{"Lizard Tail":8,"Shovel":4,"Matryoshka":22,"NeowsBlessing":0,"Blue Candle":18,"Frozen Egg 2":4,"Burning Blood":0}],"Burning Blood":30},"card_choices":[{"not_picked":["Anger","Pommel Strike"],"picked":"Bloodletting","floor":1},{"not_picked":["Clothesline","Havoc","Warcry"],"picked":"SKIP","floor":3},{"not_picked":["Infernal Blade","Heavy Blade"],"picked":"Seeing Red","floor":6},{"not_picked":["Heavy Blade","Intimidate"],"picked":"Spot Weakness","floor":8},{"not_picked":["Clash","Armaments"],"picked":"Pommel Strike","floor":11},{"not_picked":["Clothesline","Wild Strike"],"picked":"Barricade+1","floor":12},{"not_picked":["Twin Strike","Flex"],"picked":"Uppercut","floor":14}],"player_experience":969826,"relics_obtained":[{"floor":6,"key":"Shovel"},{"floor":7,"key":"Frozen Egg 2"},{"floor":9,"key":"Lizard Tail"},{"floor":12,"key":"Blue Candle"},{"floor":15,"key":"Matryoshka"}],"event_choices":[{"damage_healed":0,"gold_gain":0,"cards_transformed":["Strike_R"],"player_choice":"Change","damage_taken":0,"max_hp_gain":0,"max_hp_loss":0,"event_name":"Living Wall","floor":2,"gold_loss":0,"cards_obtained":["Limit Break"]},{"cards_removed":["Strike_R"],"damage_healed":0,"gold_gain":0,"player_choice":"Card Removal","damage_taken":0,"max_hp_gain":0,"max_hp_loss":0,"event_name":"Wheel of Change","floor":5,"gold_loss":0},{"damage_healed":0,"gold_gain":275,"player_choice":"Desecrate","damage_taken":0,"max_hp_gain":0,"max_hp_loss":0,"event_name":"Golden Shrine","floor":13,"gold_loss":0,"cards_obtained":["Regret"]}],"is_beta":false,"boss_relics":[],"items_purged_floors":[4],"is_endless":false,"potions_floor_spawned":[3,12,14],"killed_by":"Hexaghost","ascension_level":20}}