{"host":"0vi0gkvt1l5rvyqa","time":1613239948,"event":{"mods":["BaseMod","Card Forge","Minty Spire (QoL Compilation)","Remove Card Discount Mod","StSLib"],"gold_per_floor":[112,62,13,28,28,53,53,63,63,73,73,107,163,438,438,535,535,551,394,414,426,442,469,481,493,505,617,640,852,864,895,907,1014,1026,1053,996,1007,1057,1057,1083,1102,1127,1152,1164,1176,1176,971,985,985,985,985,985,573,603,603],"floor_reached":56,"language":"DEU","playtime":5622,"items_purged":[],"score":1496,"play_id":"c25a25f0-4c98-432f-81c4-22b09b155d5b","local_time":"20210213191228","is_ascension_mode":true,"campfire_choices":[{"floor":7,"key":"REST"},{"floor":11,"key":"REST"},{"floor":15,"key":"REST"},{"floor":30,"key":"RECALL"},{"floor":32,"key":"REST"},{"data":"Impervious","floor":49,"key":"SMITH"},{"data":"Shrug It Off","floor":52,"key":"SMITH"}],"circlet_count":0,"master_deck":["Bash+1","Cleave+1","Rampage+1","Twin Strike+1","Demon Form+1","Berserk+1","Barricade+1","Metallicize+1","Metallicize+1","Adrenaline+1","Conserve Battery+1","Rage+1","Heavy Blade+1","Impervious+1","Whirlwind+1","Shrug It Off+1","Ghostly Armor+1","Shrug It Off+1","Limit Break+1"],"relics":["Burning Blood","Hammer of Thor","Seething Fire","Anvil of the Gods","Calipers","Kunai","Vajra","Sozu","Bag of Preparation","MawBank","MutagenicStrength","HornCleat","Du-Vu Doll","Shuriken","Busted Crown","Ginger","MealTicket","Mummified Hand","Omamori","Nunchaku","Pen Nib","Bottled Lightning","Pantograph"],"acts_visited":["Exordium","TheCity","TheBeyond","TheEnding"],"potions_floor_usage":[12,23,55],"damage_taken":[{"damage":1,"enemies":"Small Slimes","floor":1,"turns":4},{"damage":0,"enemies":"2 Louse","floor":4,"turns":2},{"damage":24,"enemies":"Gremlin Nob","floor":6,"turns":4},{"damage":0,"enemies":"Cultist","floor":8,"turns":2},{"damage":18,"enemies":"Blue Slaver","floor":10,"turns":3},{"damage":20,"enemies":"3 Sentries","floor":12,"turns":5},{"damage":57,"enemies":"Hexaghost","floor":16,"turns":6},{"damage":0,"enemies":"Chosen","floor":18,"turns":4},{"damage":0,"enemies":"3 Byrds","floor":20,"turns":5},{"damage":16,"enemies":"Snake Plant","floor":21,"turns":3},{"damage":3,"enemies":"Shelled Parasite and Fungi","floor":22,"turns":4},{"damage":29,"enemies":"Slavers","floor":23,"turns":4},{"damage":3,"enemies":"Colosseum Slavers","floor":27,"turns":4},{"damage":0,"enemies":"Colosseum Nobs","floor":27,"turns":5},{"damage":0,"enemies":"3 Cultists","floor":28,"turns":4},{"damage":0,"enemies":"Snake Plant","floor":31,"turns":4},{"damage":0,"enemies":"Champ","floor":33,"turns":6},{"damage":0,"enemies":"3 Shapes","floor":35,"turns":3},{"damage":4,"enemies":"3 Darklings","floor":37,"turns":5},{"damage":0,"enemies":"Mind Bloom Boss Battle","floor":38,"turns":3},{"damage":0,"enemies":"Giant Head","floor":40,"turns":7},{"damage":26,"enemies":"Jaw Worm Horde","floor":41,"turns":4},{"damage":0,"enemies":"Reptomancer","floor":42,"turns":5},{"damage":0,"enemies":"Writhing Mass","floor":44,"turns":4},{"damage":0,"enemies":"4 Shapes","floor":45,"turns":5},{"damage":0,"enemies":"Spire Growth","floor":48,"turns":3},{"damage":0,"enemies":"Donu and Deca","floor":50,"turns":6},{"damage":40,"enemies":"Shield and Spear","floor":54,"turns":8},{"damage":51,"enemies":"The Heart","floor":55,"turns":8}],"seed_played":"8712274155075871297","potions_obtained":[{"floor":1,"key":"GamblersBrew"},{"floor":10,"key":"AttackPotion"},{"floor":16,"key":"BlessingOfTheForge"}],"is_trial":false,"path_per_floor":["M","?","$","M","?","E","R","M","T","M","R","E","?","?","R","B",null,"M","$","M","M","M","E","?","T","T","?","M","?","R","M","R","B",null,"M","$","M","?","?","E","M","E","T","M","M","?","$","M","R","B",null,"R","$","E","B",null],"character_chosen":"IRONCLAD","items_purchased":["SpeedPotion","Bag of Preparation","Seeing Red","Nunchaku","Shrug It Off","Pen Nib","Bottled Lightning"],"campfire_rested":4,"item_purchase_floors":[3,19,36,47,47,53,53],"current_hp_per_floor":[88,88,88,88,88,70,88,88,88,76,88,74,74,74,88,37,88,88,88,88,78,81,58,58,58,58,67,73,73,73,79,88,88,88,88,88,88,88,88,88,68,74,74,80,86,86,88,88,88,88,88,88,88,54,34],"gold":603,"neow_bonus":"TEN_PERCENT_HP_BONUS","is_daily":false,"chose_seed":false,"campfire_upgraded":2,"win_rate":0.0,"timestamp":1613239948,"path_taken":["M","?","$","M","?","E","R","?","T","M","R","E","?","?","R","BOSS","M","$","M","M","?","E","?","?","T","?","M","?","R","?","R","BOSS","M","$","M","?","?","E","M","E","T","M","M","?","$","?","R","BOSS","R","$","E","BOSS"],"items_purchased_type":["Potion","Relic","Card","Relic","Card","Relic","Relic"],"build_version":"2020-12-22","purchased_purges":0,"victory":true,"max_hp_per_floor":[88,88,88,88,88,88,88,88,88,88,88,88,88,88,88,88,88,88,88,88,88,88,88,88,88,88,88,88,88,88,88,88,88,88,88,88,88,88,88,88,88,88,88,88,88,88,88,88,88,88,88,88,88,88,88],"card_choices":[{"not_picked":["Second Wind","Warcry","Thunderclap"],"picked":"SKIP","floor":1},{"not_picked":["Burning Pact","Flex","Body Slam"],"picked":"SKIP","floor":4},{"not_picked":["Power Through","True Grit","Anger"],"picked":"SKIP","floor":6},{"not_picked":["Feel No Pain","Armaments","Clothesline"],"picked":"SKIP","floor":8},{"not_picked":["Warcry","True Grit"],"picked":"Demon Form","floor":10},{"not_picked":["Heavy Blade","Clash"],"picked":"Berserk","floor":12},{"not_picked":["Offering","Fiend Fire"],"picked":"Barricade","floor":16},{"not_picked":["Twin Strike","Iron Wave"],"picked":"Rage+1","floor":18},{"not_picked":["Armaments","Entrench"],"picked":"Heavy Blade","floor":20},{"not_picked":["True Grit","Headbutt","Perfected Strike+1"],"picked":"SKIP","floor":21},{"not_picked":["Intimidate","Bloodletting","Flex+1"],"picked":"SKIP","floor":22},{"not_picked":["Infernal Blade","Thunderclap","Demon Form"],"picked":"SKIP","floor":23},{"not_picked":["True Grit+1","Headbutt+1","Pommel Strike"],"picked":"SKIP","floor":28},{"not_picked":["True Grit","Fire Breathing+1","Sever Soul"],"picked":"SKIP","floor":31},{"not_picked":["Corruption","Brutality"],"picked":"Impervious","floor":33},{"not_picked":["Perfected Strike"],"picked":"SKIP","floor":35},{"not_picked":["Warcry+1"],"picked":"SKIP","floor":37},{"not_picked":["Clash"],"picked":"SKIP","floor":40},{"not_picked":[],"picked":"Whirlwind+1","floor":41},{"not_picked":["Searing Blow"],"picked":"SKIP","floor":42},{"not_picked":["Armaments"],"picked":"SKIP","floor":44},{"not_picked":["Thunderclap+1"],"picked":"SKIP","floor":45},{"not_picked":["Clash+1"],"picked":"SKIP","floor":48},{"not_picked":["Cleave+1"],"picked":"SKIP","floor":54}],"player_experience":47133,"relics_obtained":[{"floor":6,"key":"Calipers"},{"floor":9,"key":"Kunai"},{"floor":12,"key":"Vajra"},{"floor":23,"key":"MawBank"},{"floor":26,"key":"HornCleat"},{"floor":27,"key":"Du-Vu Doll"},{"floor":27,"key":"Shuriken"},{"floor":38,"key":"Ginger"},{"floor":40,"key":"MealTicket"},{"floor":42,"key":"Mummified Hand"},{"floor":43,"key":"Omamori"},{"floor":54,"key":"Pantograph"}],"event_choices":[{"cards_removed":["Strike_R"],"damage_healed":0,"gold_gain":0,"player_choice":"Card Removal","damage_taken":0,"max_hp_gain":0,"max_hp_loss":0,"event_name":"The Cleric","floor":2,"gold_loss":50},{"damage_healed":0,"gold_gain":0,"player_choice":"2 cards matched","damage_taken":0,"max_hp_gain":0,"max_hp_loss":0,"event_name":"Match and Keep!","floor":5,"gold_loss":0,"cards_obtained":["Twin Strike","Impatience"]},{"damage_healed":0,"gold_gain":56,"player_choice":"Gained Gold","damage_taken":0,"max_hp_gain":0,"max_hp_loss":0,"event_name":"Golden Wing","floor":13,"gold_loss":0},{"damage_healed":0,"gold_gain":275,"player_choice":"Desecrate","damage_taken":0,"max_hp_gain":0,"max_hp_loss":0,"event_name":"Golden Shrine","floor":14,"gold_loss":0,"cards_obtained":["Regret"]},{"damage_healed":0,"gold_gain":0,"player_choice":"Inject Mutagens","damage_taken":0,"relics_obtained":["MutagenicStrength"],"max_hp_gain":0,"max_hp_loss":0,"event_name":"Drug Dealer","floor":24,"gold_loss":0},{"damage_healed":0,"gold_gain":0,"player_choice":"Fight","damage_taken":0,"max_hp_gain":0,"max_hp_loss":0,"event_name":"Colosseum","floor":27,"gold_loss":0},{"damage_healed":0,"gold_gain":0,"player_choice":"Fought Nobs","damage_taken":0,"max_hp_gain":0,"max_hp_loss":0,"event_name":"Colosseum","floor":27,"gold_loss":0},{"damage_healed":0,"gold_gain":200,"player_choice":"Gold","damage_taken":0,"max_hp_gain":0,"max_hp_loss":0,"event_name":"Wheel of Change","floor":29,"gold_loss":0},{"damage_healed":0,"gold_gain":0,"player_choice":"Fight","damage_taken":0,"max_hp_gain":0,"max_hp_loss":0,"event_name":"MindBloom","floor":38,"gold_loss":0},{"cards_removed":["Blur"],"damage_healed":0,"gold_gain":0,"player_choice":"Removed Skill","damage_taken":0,"max_hp_gain":0,"max_hp_loss":0,"event_name":"Falling","floor":39,"gold_loss":0},{"damage_healed":0,"gold_gain":0,"player_choice":"Ignored","damage_taken":0,"max_hp_gain":0,"max_hp_loss":0,"event_name":"Tomb of Lord Red Mask","floor":46,"gold_loss":0}],"is_beta":false,"boss_relics":[{"not_picked":["Coffee Dripper","Runic Cube"],"picked":"Sozu"},{"not_picked":["Philosopher\u0027s Stone","Tiny House"],"picked":"Busted Crown"}],"items_purged_floors":[],"is_endless":false,"potions_floor_spawned":[1,10,16,21,22,23,31,37,38,41,42],"ascension_level":2}}