{"host":"mhzgc0zma59jtmoj","time":1613187400,"event":{"mods":["BaseMod","BetterRewards","Custom Start","Glutton Mod","Ironclad Rager","Minty Spire (QoL Compilation)","Replay The Spire","Somnambulant","StSLib","The Cursed","The Hierophant","The Jungle","Treasure Hunter"],"gold_per_floor":[433,185,207,238,270,220,220,220,220,268,268,268,322,342,342,477,477,499,499,521,552,580,580,628,656,656,656,656,684,712,587,587,732,732,762,795,470,470,496,545,545,345,370,403,467,467,467,491,491,497,497,497,92,137,155],"floor_reached":56,"language":"ENG","playtime":2482,"items_purged":["TheCursedMod:Defend_TheCursed","TheCursedMod:Strike_TheCursed","TheCursedMod:Defend_TheCursed"],"score":1859,"play_id":"9fc07285-82c3-4b4b-8116-f4430b5d6dbc","local_time":"20210212223640","is_ascension_mode":false,"campfire_choices":[{"data":"TheCursedMod:CircleOfFlame","floor":7.0,"key":"SMITH"},{"data":"TheCursedMod:Strike_TheCursed","floor":7.0,"key":"SMITH"},{"data":"TheCursedMod:CursedArmor","floor":12.0,"key":"SMITH"},{"data":"TheCursedMod:CleanUpWorkshop","floor":12.0,"key":"SMITH"},{"floor":15.0,"key":"REST"},{"data":"TheCursedMod:SpitefulStrike","floor":23.0,"key":"SMITH"},{"data":"TheCursedMod:HellfireBreathing","floor":23.0,"key":"SMITH"},{"data":"TheCursedMod:SpitefulPlan","floor":27,"key":"SMITH"},{"data":"TheCursedMod:StunningStrike","floor":27,"key":"SMITH"},{"floor":32,"key":"RECALL"},{"data":"TheCursedMod:SpitefulStrike","floor":41,"key":"SMITH"},{"data":"TheCursedMod:SpitefulStrike","floor":41,"key":"SMITH"},{"data":"TheCursedMod:CircleOfFlame+1","floor":46,"key":"PURGE"},{"floor":52,"key":"DIG"}],"circlet_count":0,"master_deck":["TheCursedMod:Dregs","Injury","TH:CursedSword+1","TH:CursedSword+1","TheCursedMod:CursedArmor+1","TheCursedMod:HellfireBreathing+1","TheCursedMod:StunningStrike+1","TheCursedMod:SpitefulPlan+1","TheCursedMod:SpitefulStrike+1","TheCursedMod:SpitefulStrike+1","TheCursedMod:StunningStrike","TheCursedMod:Dregs","Spreading Infection","TheCursedMod:SpitefulStrike+1","TheCursedMod:HellfireBreathing+1","TheCursedMod:HellfireBreathing","TheCursedMod:HellfireBreathing","TheCursedMod:HellfireBreathing","TheCursedMod:CursedRelics","TheCursedMod:CursedStaff","TheCursedMod:ReleasedStrength+1"],"relics":["TheCursedMod:BlackMagic101","Replay:Arrowhead","ReplayTheSpireMod:Ninjato","Snecko Eye","Replay:Bandana","Golden Idol","TH:Anvil","Pen Nib","Ring of Misfortune","ReplayTheSpireMod:Ring of Collecting","MealTicket","Replay:Drink Me","Mummified Hand","Iron Hammer","ReplayTheSpireMod:Ring of Exchange","Kintsugi","Durian","CaptainsWheel","Ring of Fury","Bag of Marbles","Replay:Multitool","Singing Bowl","Ring of Fangs","Garlic","Bottled Tornado","Nunchaku","Happy Flower"],"acts_visited":["Exordium","TheCity","TheBeyond","TheEnding"],"potions_floor_usage":[44],"damage_taken":[{"damage":2.0,"enemies":"Small Slimes","floor":1.0,"turns":2.0},{"damage":2.0,"enemies":"2 Louse","floor":3.0,"turns":2.0},{"damage":0.0,"enemies":"Jaw Worm","floor":4.0,"turns":1.0},{"damage":0.0,"enemies":"3 Louse","floor":5.0,"turns":3.0},{"damage":26.0,"enemies":"3 Sentries","floor":10.0,"turns":9.0},{"damage":0.0,"enemies":"Gremlin Nob","floor":13.0,"turns":4.0},{"damage":0.0,"enemies":"Lots of Slimes","floor":14.0,"turns":2.0},{"damage":0.0,"enemies":"Fading Forest","floor":16.0,"turns":11.0},{"damage":0.0,"enemies":"Shell Parasite","floor":18.0,"turns":3.0},{"damage":0.0,"enemies":"3 Byrds","floor":20.0,"turns":2.0},{"damage":0.0,"enemies":"Snake Plant","floor":21.0,"turns":3.0},{"damage":0.0,"enemies":"Snecko","floor":22.0,"turns":3.0},{"damage":0.0,"enemies":"Book of Stabbing","floor":24.0,"turns":3.0},{"damage":0,"enemies":"Centurion and Healer","floor":25,"turns":2},{"damage":0,"enemies":"Shelled Parasite and Fungi","floor":29,"turns":3},{"damage":0,"enemies":"3 Cultists","floor":30,"turns":2},{"damage":0,"enemies":"Champ","floor":33,"turns":6},{"damage":0,"enemies":"Orb Walker","floor":35,"turns":2},{"damage":0,"enemies":"3 Shapes","floor":36,"turns":2},{"damage":0,"enemies":"Jaw Worm Horde","floor":39,"turns":2},{"damage":0,"enemies":"Giant Head","floor":40,"turns":6},{"damage":0,"enemies":"4 Shapes","floor":44,"turns":1},{"damage":0,"enemies":"2 Orb Walkers","floor":45,"turns":2},{"damage":0,"enemies":"Sphere and 2 Shapes","floor":48,"turns":2},{"damage":2,"enemies":"Time Eater","floor":50,"turns":5},{"damage":0,"enemies":"Shield and Spear","floor":54,"turns":2},{"damage":0,"enemies":"The Heart","floor":55,"turns":4}],"seed_played":"-5834461952826475147","potions_obtained":[{"floor":10.0,"key":"AttackPotion"},{"floor":13.0,"key":"TheCursedMod:DregsPotion"},{"floor":16.0,"key":"LiquidBronze"},{"floor":20.0,"key":"SmokeBomb"}],"is_trial":false,"path_per_floor":["M","$","M","M","M","?","R","?","T","E","?","R","E","M","R","B",null,"M","?","M","M","M","R","E","M","T","R","?","M","M","$","R","B",null,"M","M","$","?","M","E","R","$","T","M","?","R","T","M","R","B",null,"R","$","E","B",null],"character_chosen":"THE_CURSED","items_purchased":["TheCursedMod:SurpriseAttack","Replay:Bandana","TheCursedMod:HellfireBreathing","Durian","TheCursedMod:HellfireBreathing","TheCursedMod:CursedRelics","Bottled Tornado","Nunchaku"],"campfire_rested":1,"item_purchase_floors":[0,2,37,37,42,42,53,53],"current_hp_per_floor":[51,51,49,49,49,49,49,49,49,23,23,23,23,23,45,55,57,57,57,57,57,57,57,57,57,57,57,57,57,57,57,57,57,57,57,57,62,62,62,62,62,62,62,62,62,62,64,64,64,62,64,64,64,68,68],"gold":155,"neow_bonus":"","is_daily":false,"chose_seed":false,"campfire_upgraded":10,"win_rate":0.0,"timestamp":1613187400,"path_taken":["M","$","M","M","M","?","R","?","T","E","?","R","E","M","R","BOSS","M","?","M","M","?","R","E","M","T","R","?","M","M","$","R","BOSS","M","M","$","?","M","E","R","$","T","?","?","R","?","?","R","BOSS","R","$","E","BOSS"],"items_purchased_type":["Card","Relic","Card","Relic","Card","Card","Relic","Relic"],"build_version":"2020-12-22","purchased_purges":3,"victory":true,"max_hp_per_floor":[75,75,75,75,75,75,75,75,75,75,75,75,75,75,75,75,57,57,57,57,57,57,57,57,57,57,57,57,57,57,57,57,57,57,57,57,62,62,62,62,62,62,62,62,62,62,64,64,64,64,64,64,64,68,68],"card_choices":[{"not_picked":["TheCursedMod:Torture","TheCursedMod:CursedAmulet"],"picked":"TheCursedMod:CircleOfFlame","floor":1.0},{"not_picked":["TheCursedMod:SurpriseAttack","TheCursedMod:CircleOfAmplification","TheCursedMod:Stretching"],"picked":"SKIP","floor":3.0},{"not_picked":["TheCursedMod:BlessingInDisguise","TheCursedMod:VitalStrike","TheCursedMod:CursedBlade"],"picked":"SKIP","floor":4.0},{"not_picked":["TheCursedMod:SurpriseAttack","TheCursedMod:CursedShiv","TheCursedMod:Obscuration"],"picked":"SKIP","floor":5.0},{"not_picked":["TH:ElvenBoots"],"picked":"TH:CursedSword","floor":9.0},{"not_picked":["TH:CopperCoins"],"picked":"TH:CursedSword","floor":10.0},{"not_picked":["TheCursedMod:SmokeScreen","TheCursedMod:ReleasedStrength"],"picked":"TheCursedMod:CursedArmor","floor":10.0},{"not_picked":["TH:CopperCoins","TH:BikiniMail"],"picked":"SKIP","floor":13.0},{"not_picked":["TheCursedMod:CursedArmor","TheCursedMod:WearCloak","TheCursedMod:RapidMovement"],"picked":"SKIP","floor":13.0},{"not_picked":["TheCursedMod:Obscuration","TheCursedMod:Stretching"],"picked":"TheCursedMod:HellfireBreathing","floor":14.0},{"not_picked":["TheCursedMod:AntiAging","TheCursedMod:ParallelWorld"],"picked":"TheCursedMod:StunningStrike","floor":16.0},{"not_picked":["TheCursedMod:WearCloak","TheCursedMod:Stretching+1","TheCursedMod:RavingStaff"],"picked":"SKIP","floor":18.0},{"not_picked":["TheCursedMod:Stretching+1","TheCursedMod:DoubleShield+1"],"picked":"TheCursedMod:SpitefulPlan","floor":20.0},{"not_picked":["TheCursedMod:CursedBlade","TheCursedMod:TacticalStrike"],"picked":"TheCursedMod:SpitefulStrike","floor":21.0},{"not_picked":["TheCursedMod:CircleOfAmplification","TheCursedMod:Stigma+1","TheCursedMod:SmokeScreen+1"],"picked":"SKIP","floor":22.0},{"not_picked":["TH:DeckOfManyThings","TH:Mimic"],"picked":"SKIP","floor":24},{"not_picked":["TheCursedMod:CircleOfAmplification","TheCursedMod:Wield+1","TheCursedMod:Neurasthenia"],"picked":"SKIP","floor":24},{"not_picked":["TheCursedMod:CircleOfFlame+1","TheCursedMod:RavingStaff","TheCursedMod:Obscuration"],"picked":"SKIP","floor":25},{"not_picked":["TH:Mimic","TH:CopperCoins"],"picked":"SKIP","floor":26},{"not_picked":["TheCursedMod:CircleOfCorruption","TheCursedMod:SpreadPlague+1","TheCursedMod:TacticalStrike"],"picked":"SKIP","floor":29},{"not_picked":["TheCursedMod:CursedAmulet+1","TheCursedMod:TacticalStrike+1","TheCursedMod:CursedMace"],"picked":"SKIP","floor":30},{"not_picked":["TheCursedMod:DarkBarrier","TheCursedMod:ManaCirculation"],"picked":"TheCursedMod:StunningStrike","floor":33},{"not_picked":["TheCursedMod:CursedArmor+1","TheCursedMod:SurpriseAttack+1"],"picked":"TheCursedMod:SpitefulStrike","floor":35},{"not_picked":["TheCursedMod:CursedMace","TheCursedMod:Obscuration+1","TheCursedMod:Torture"],"picked":"SKIP","floor":36},{"not_picked":["TheCursedMod:SoulCrush","TheCursedMod:Mangle+1","TheCursedMod:RavingStaff+1"],"picked":"SKIP","floor":39},{"not_picked":["TH:CopperCoins","TH:Mimic"],"picked":"SKIP","floor":40},{"not_picked":["TheCursedMod:CircleOfFlame","TheCursedMod:TroublousMinions+1","TheCursedMod:SoulReap+1"],"picked":"SKIP","floor":40},{"not_picked":["TH:BikiniMail","TH:Mimic"],"picked":"SKIP","floor":43},{"not_picked":["TheCursedMod:BlessingInDisguise+1","TheCursedMod:CircleOfFocus","TheCursedMod:Obscuration+1"],"picked":"SKIP","floor":44},{"not_picked":["TheCursedMod:ReleasedKnowledge","TheCursedMod:EmpowerCircles"],"picked":"TheCursedMod:CursedStaff","floor":45},{"not_picked":["TH:EnergyPotion","TH:Mimic"],"picked":"Singing Bowl","floor":47},{"not_picked":["TheCursedMod:FuryStrike+1","TheCursedMod:VitalStrike+1"],"picked":"TheCursedMod:ReleasedStrength+1","floor":48},{"not_picked":["TH:BikiniMail","TH:PixieDust"],"picked":"Singing Bowl","floor":54},{"not_picked":["TheCursedMod:SurpriseAttack","TheCursedMod:CursedStaff+1","TheCursedMod:HellsGateOpen+1"],"picked":"Singing Bowl","floor":54}],"player_experience":273627,"relics_obtained":[{"floor":9.0,"key":"TH:Anvil"},{"floor":10.0,"key":"Pen Nib"},{"floor":11.0,"key":"Ring of Misfortune"},{"floor":11.0,"key":"ReplayTheSpireMod:Ring of Collecting"},{"floor":13.0,"key":"MealTicket"},{"floor":24,"key":"Iron Hammer"},{"floor":26,"key":"ReplayTheSpireMod:Ring of Exchange"},{"floor":40,"key":"CaptainsWheel"},{"floor":43,"key":"Ring of Fury"},{"floor":43,"key":"Bag of Marbles"},{"floor":45,"key":"Replay:Multitool"},{"floor":47,"key":"Singing Bowl"},{"floor":47,"key":"Ring of Fangs"},{"floor":52,"key":"Garlic"},{"floor":54,"key":"Happy Flower"}],"event_choices":[{"cards_removed":["TheCursedMod:Defend_TheCursed"],"damage_healed":0.0,"max_hp_gain":0.0,"max_hp_loss":0.0,"gold_gain":0.0,"event_name":"The Cleric","player_choice":"Card Removal","floor":6.0,"gold_loss":50.0,"damage_taken":0.0},{"damage_healed":0.0,"max_hp_gain":0.0,"max_hp_loss":0.0,"gold_gain":0.0,"event_name":"Golden Idol","player_choice":"Take Wound","floor":8.0,"gold_loss":0.0,"damage_taken":0.0,"relics_obtained":["Golden Idol"],"cards_obtained":["Injury"]},{"damage_healed":0.0,"max_hp_gain":0.0,"max_hp_loss":0.0,"gold_gain":0.0,"event_name":"The Mausoleum","player_choice":"Opened","floor":19.0,"gold_loss":0.0,"damage_taken":0.0,"relics_obtained":["Mummified Hand"]},{"damage_healed":0,"gold_gain":0,"player_choice":"Read","damage_taken":0,"max_hp_gain":0,"max_hp_loss":0,"event_name":"The Library","floor":28,"gold_loss":0,"cards_obtained":["TheCursedMod:SpitefulStrike"]},{"damage_healed":0,"gold_gain":0,"player_choice":"Copied","damage_taken":0,"max_hp_gain":0,"max_hp_loss":0,"event_name":"Duplicator","floor":38,"gold_loss":0,"cards_obtained":["TheCursedMod:HellfireBreathing"]},{"damage_healed":0,"gold_gain":0,"player_choice":"Fight","damage_taken":0,"max_hp_gain":0,"max_hp_loss":0,"event_name":"Mysterious Sphere","floor":45,"gold_loss":0}],"is_beta":false,"boss_relics":[{"not_picked":["Calling Bell","Philosopher\u0027s Stone"],"picked":"Replay:Drink Me"},{"not_picked":["Lee\u0027s Waffle","Coffee Dripper"],"picked":"Kintsugi"}],"items_purged_floors":[0,2,31],"is_endless":false,"potions_floor_spawned":[10,13,14,16,20,21,25,29,35,36,44],"ascension_level":0}}