{"host":"cjhtzh7tp54jdfyv","time":1613212550,"event":{"mods":["AchievementEnabler","BaseMod","Colored Map","Colored Powertips","Curses Come First","DeckTracker","Minty Spire (QoL Compilation)","RNG Fix","Relic Sorter","Relic Stats","StSLib","UnlockEverythingMod","ojb\u0027s Better Paths Mod","ojb\u0027s Info Mod"],"gold_per_floor":[110,124,124,143,161,161,187,14,38,38,50,76,76,105,105,179,179,191,191,209,134,134,159,170,196,196,225,241,241,252,68,68,68,68],"floor_reached":33,"language":"ENG","playtime":1698,"items_purged":["Defend_R"],"score":700,"play_id":"57d13f05-107b-4ded-8e60-152b0266059f","local_time":"20210213053550","is_ascension_mode":true,"campfire_choices":[{"data":"Hemokinesis","floor":6.0,"key":"SMITH"},{"data":"Bash","floor":10.0,"key":"SMITH"},{"data":"Cleave","floor":13.0,"key":"SMITH"},{"data":"Inflame","floor":15.0,"key":"SMITH"},{"data":"Armaments","floor":32,"key":"SMITH"}],"circlet_count":0,"master_deck":["AscendersBane","Strike_R+1","Strike_R","Strike_R","Strike_R","Strike_R","Defend_R","Defend_R+1","Bash+1","Cleave+1","Hemokinesis+1","Shrug It Off","Impervious","Inflame+1","Reaper","Anger","Reaper","Twin Strike+1","Armaments+1","Sword Boomerang+1","Iron Wave","Battle Trance"],"relics":["Burning Blood","Smiling Mask","Brimstone","Juzu Bracelet","SlaversCollar","Art of War","The Courier","Tiny Chest","Mercury Hourglass","Vajra","Happy Flower"],"acts_visited":["Exordium","TheCity"],"potions_floor_usage":[33,33],"damage_taken":[{"damage":4.0,"enemies":"Small Slimes","floor":1.0,"turns":3.0},{"damage":5.0,"enemies":"2 Louse","floor":2.0,"turns":3.0},{"damage":1.0,"enemies":"Cultist","floor":4.0,"turns":4.0},{"damage":10.0,"enemies":"Exordium Thugs","floor":5.0,"turns":5.0},{"damage":19.0,"enemies":"Lagavulin","floor":7.0,"turns":4.0},{"damage":16.0,"enemies":"Large Slime","floor":11.0,"turns":3.0},{"damage":11.0,"enemies":"3 Sentries","floor":12.0,"turns":5.0},{"damage":2.0,"enemies":"Gremlin Nob","floor":14.0,"turns":3.0},{"damage":44.0,"enemies":"Hexaghost","floor":16.0,"turns":8.0},{"damage":3.0,"enemies":"Chosen","floor":18.0,"turns":3.0},{"damage":8.0,"enemies":"Spheric Guardian","floor":20.0,"turns":4.0},{"damage":41.0,"enemies":"Gremlin Leader","floor":23.0,"turns":4.0},{"damage":58.0,"enemies":"Chosen and Byrds","floor":24.0,"turns":5.0},{"damage":48.0,"enemies":"Slavers","floor":25.0,"turns":4.0},{"damage":41.0,"enemies":"Gremlin Leader","floor":27.0,"turns":4.0},{"damage":44.0,"enemies":"Cultist and Chosen","floor":28.0,"turns":5.0},{"damage":17.0,"enemies":"Snake Plant","floor":30.0,"turns":3.0},{"damage":56,"enemies":"Automaton","floor":33,"turns":4}],"seed_played":"371275349860822861","potions_obtained":[{"floor":2.0,"key":"DistilledChaos"},{"floor":5.0,"key":"Energy Potion"},{"floor":7.0,"key":"FairyPotion"},{"floor":14.0,"key":"SteroidPotion"},{"floor":18.0,"key":"DuplicationPotion"},{"floor":25.0,"key":"Ancient Potion"},{"floor":28.0,"key":"LiquidMemories"},{"floor":30.0,"key":"AttackPotion"}],"is_trial":false,"path_per_floor":["M","M","?","M","M","R","E","$","T","R","M","E","R","E","R","B",null,"M","?","M","?","?","E","M","E","T","E","M","T","M","$","R","B"],"character_chosen":"IRONCLAD","items_purchased":["Brimstone","Happy Flower"],"campfire_rested":0,"item_purchase_floors":[8,31],"current_hp_per_floor":[77,78,53,58,54,54,41,41,41,41,31,26,26,30,30,28,69,72,72,70,70,70,82,47,17,17,35,31,31,20,20,20,0,0],"gold":68,"neow_bonus":"TEN_PERCENT_HP_BONUS","is_daily":false,"chose_seed":false,"campfire_upgraded":5,"win_rate":0.0,"timestamp":1613212550,"path_taken":["M","M","?","?","M","R","E","$","T","R","M","E","R","E","R","BOSS","M","?","M","?","?","E","M","E","T","E","M","?","M","$","R","BOSS"],"items_purchased_type":["Relic","Relic"],"build_version":"2020-12-22","purchased_purges":1,"victory":false,"max_hp_per_floor":[82,82,82,82,82,82,82,82,82,82,82,82,82,82,82,82,82,82,82,82,82,82,82,82,82,82,82,82,82,82,82,82,82,82],"relic_stats":{"Happy Flower":[1],"counters":[18,74],"Tiny Chest":0,"Juzu Bracelet":1,"Art of War":[0],"Smiling Mask":10,"obtain_stats":[{"SlaversCollar":17,"Happy Flower":31,"Brimstone":8,"Vajra":29,"Tiny Chest":26,"The Courier":25,"Juzu Bracelet":12,"Art of War":23,"Smiling Mask":7,"Burning Blood":0,"Mercury Hourglass":27},{"SlaversCollar":9,"Happy Flower":17,"Brimstone":5,"Vajra":16,"Tiny Chest":14,"The Courier":14,"Juzu Bracelet":7,"Art of War":12,"Smiling Mask":5,"Burning Blood":0,"Mercury Hourglass":15},{"SlaversCollar":38,"Happy Flower":70,"Brimstone":19,"Vajra":67,"Tiny Chest":58,"The Courier":58,"Juzu Bracelet":27,"Art of War":49,"Smiling Mask":19,"Burning Blood":0,"Mercury Hourglass":62}],"Burning Blood":96,"Mercury Hourglass":[57]},"card_choices":[{"not_picked":["Heavy Blade","Clash","Thunderclap"],"picked":"SKIP","floor":1.0},{"not_picked":["Evolve","Havoc"],"picked":"Cleave","floor":2.0},{"not_picked":["Sentinel","Cleave","Sword Boomerang"],"picked":"SKIP","floor":4.0},{"not_picked":["Wild Strike","Inflame"],"picked":"Hemokinesis","floor":5.0},{"not_picked":["Wild Strike","Sword Boomerang","Second Wind"],"picked":"SKIP","floor":7.0},{"not_picked":["Ghostly Armor","True Grit"],"picked":"Shrug It Off","floor":11.0},{"not_picked":["Flex","Shrug It Off"],"picked":"Impervious","floor":12.0},{"not_picked":["Thunderclap","Heavy Blade"],"picked":"Inflame","floor":14.0},{"not_picked":["Barricade","Offering"],"picked":"Reaper","floor":16.0},{"not_picked":["Twin Strike","Armaments"],"picked":"Anger","floor":18.0},{"not_picked":["Flex","Clothesline"],"picked":"Twin Strike+1","floor":20.0},{"not_picked":["Body Slam","Flex"],"picked":"Armaments","floor":23.0},{"not_picked":["Warcry+1","Sentinel"],"picked":"Sword Boomerang+1","floor":24.0},{"not_picked":["Headbutt","True Grit"],"picked":"Iron Wave","floor":25.0},{"not_picked":["Thunderclap","Double Tap"],"picked":"Battle Trance","floor":27.0},{"not_picked":["Warcry","True Grit","Cleave"],"picked":"SKIP","floor":28.0},{"not_picked":["Intimidate","Armaments","Pommel Strike"],"picked":"SKIP","floor":30.0}],"player_experience":4599836,"relics_obtained":[{"floor":7.0,"key":"Smiling Mask"},{"floor":12.0,"key":"Juzu Bracelet"},{"floor":23.0,"key":"Art of War"},{"floor":25.0,"key":"The Courier"},{"floor":26.0,"key":"Tiny Chest"},{"floor":27.0,"key":"Mercury Hourglass"},{"floor":29.0,"key":"Vajra"}],"event_choices":[{"damage_healed":0.0,"max_hp_gain":0.0,"max_hp_loss":0.0,"gold_gain":0.0,"event_name":"Shining Light","player_choice":"Entered Light","floor":3.0,"gold_loss":0.0,"damage_taken":25.0,"cards_upgraded":["Defend_R","Strike_R"]},{"damage_healed":0.0,"max_hp_gain":0.0,"max_hp_loss":0.0,"gold_gain":0.0,"event_name":"Duplicator","player_choice":"Copied","floor":19.0,"gold_loss":0.0,"damage_taken":0.0,"cards_obtained":["Reaper"]},{"cards_removed":["Defend_R"],"damage_healed":0.0,"max_hp_gain":0.0,"max_hp_loss":0.0,"gold_gain":0.0,"event_name":"Beggar","player_choice":"Gave Gold","floor":21.0,"gold_loss":75.0,"damage_taken":0.0},{"damage_healed":0.0,"max_hp_gain":0.0,"max_hp_loss":0.0,"gold_gain":0.0,"event_name":"Ghosts","player_choice":"Ignored","floor":22.0,"gold_loss":0.0,"damage_taken":0.0}],"is_beta":false,"boss_relics":[{"not_picked":["SacredBark","Calling Bell"],"picked":"SlaversCollar"}],"items_purged_floors":[31],"is_endless":false,"potions_floor_spawned":[2,5,7,14,18,25,28,30],"killed_by":"Automaton","ascension_level":20}}