{"host":"upxqlvf2ge1xt4sa","time":1613180045,"event":{"mods":["2.2 Compatiblity","AchievementEnabler","Act Like it!","Bard","BaseMod","Better Third Choice","BetterRewards","Colored Powertips","Curses Come First","Downfall","Energized Spire","Friendly Minions","Hallownest","Hermit","Highlight Path","Hubris","Infinite Spire","Jorbs\u0027s Wanderer Trilogy","Koishi","Mad Scientist","Minty Spire (QoL Compilation)","Rare Cards Sparkle","Relic Filter","Reliquary","Shade Mod","StSLib","The Construct","The Cursed","The Disciple","The Hierophant","The Jungle","The Marked","The Mystic","The Necromancer","The Runesmith","The Servant 0.9.4"],"gold_per_floor":[99,14,14,26,26,51,76,76,76,92,92,111,11,11,21,118,118,118,135,150,150,161,172,172,195,195,195,195],"floor_reached":26,"language":"ENG","playtime":3170,"items_purged":[],"score":208,"play_id":"1d37d9d5-a54e-4e1b-9696-62791eb94ba4","local_time":"20210212173405","is_ascension_mode":false,"campfire_choices":[{"data":"hexamod:Float","floor":1.0,"key":"SMITH"},{"data":"hexamod:FastForward","floor":9,"key":"SMITH"},{"data":"hexamod:AdvancingGuard","floor":11,"key":"SMITH"},{"data":"hexamod:Rewind","floor":13,"key":"SMITH"},{"data":"hexamod:DynamicBlow","floor":18,"key":"SMITH"}],"circlet_count":0,"master_deck":["hexamod:Strike","hexamod:Strike","hexamod:Strike","hexamod:Defend+1","hexamod:Defend","hexamod:Defend+1","hexamod:Defend","hexamod:Sear+1","hexamod:Float+1","hexamod:FastForward+1","hexamod:StepThrough","hexamod:Rewind+1","hexamod:AdvancingGuard+1","hexamod:InspiringFlames","hexamod:HauntingEcho","hexamod:DynamicBlow+1","hexamod:SixthSeal","hexamod:SwordOfDarkness","hexamod:ShieldOfDarkness","hexamod:DynamicBlow+1","hexamod:ExtraCrispy","hexamod:ShieldOfDarkness"],"relics":["hexamod:SpiritBrand","reliquary:PrincelyHelmet","hubris:MobiusCoin","Akabeko","downfall:HeartBlessingGreen","hexamod:IceCube","reliquary:PartyBalloon","infinitespire:Midas Blood"],"acts_visited":["Exordium","TheCity"],"potions_floor_usage":[],"damage_taken":[{"damage":0.0,"enemies":"downfall:FleeingMerchant","floor":2.0,"turns":4.0},{"damage":3,"enemies":"Small Slimes","floor":4,"turns":3},{"damage":16,"enemies":"3 Sentries","floor":6,"turns":10},{"damage":0,"enemies":"Cultist","floor":10,"turns":3},{"damage":0,"enemies":"2 Louse","floor":12,"turns":2},{"damage":0,"enemies":"Lots of Slimes","floor":15,"turns":4},{"damage":39,"enemies":"WA_ARCHETYPE_RETAIN","floor":16,"turns":9},{"damage":14,"enemies":"Chosen","floor":19,"turns":5},{"damage":7,"enemies":"Spheric Guardian","floor":20,"turns":4},{"damage":11,"enemies":"Snake Plant","floor":22,"turns":5},{"damage":13,"enemies":"3 Cultists","floor":23,"turns":5},{"damage":14,"enemies":"Chosen and Byrds","floor":25,"turns":8},{"damage":0,"enemies":"Shelled Parasite and Fungi","floor":26,"turns":1}],"seed_played":"-583330255768671978","potions_obtained":[{"floor":4,"key":"sneckomod:MuddlingPotion"},{"floor":10,"key":"Ancient Potion"},{"floor":15,"key":"SkillPotion"}],"is_trial":false,"path_per_floor":["R","$","?","M","T","E","T","?","R","M","R","M","R","?","M","B",null,"R","M","M","AVR","M","M","T","M","M"],"character_chosen":"THE_SPIRIT","items_purchased":["hexamod:StepThrough"],"campfire_rested":0,"item_purchase_floors":[2],"current_hp_per_floor":[77,77,77,74,74,58,58,58,58,58,58,58,58,58,58,19,77,77,63,56,56,45,32,32,18,18,18,18],"gold":195,"neow_bonus":"TEN_PERCENT_HP_BONUS","is_daily":false,"chose_seed":false,"campfire_upgraded":5,"win_rate":0.0,"timestamp":1613180045,"path_taken":["R","$","?","?","?","E","T","?","R","M","R","M","R","?","M","BOSS","R","M","M","AVR","M","M","T","M","?"],"items_purchased_type":["Card"],"build_version":"2020-12-22","purchased_purges":0,"victory":false,"max_hp_per_floor":[77,77,77,77,77,77,77,77,77,77,77,77,77,77,77,77,77,77,77,77,77,77,77,77,77,77,77,77],"card_choices":[{"not_picked":["hexamod:ThermalTransfer","hexamod:WildfireWeapon"],"picked":"hexamod:FastForward","floor":2.0},{"not_picked":["hexamod:StepThrough","hexamod:ThermalTransfer"],"picked":"hexamod:Rewind","floor":4},{"not_picked":["hexamod:GhostShield","hexamod:Firestarter","hexamod:BurningTouch"],"picked":"SKIP","floor":6},{"not_picked":["hexamod:SpectersWail","hexamod:EtherealExpedition"],"picked":"hexamod:InspiringFlames","floor":10},{"not_picked":["hexamod:Again","hexamod:HeatMetal"],"picked":"hexamod:HauntingEcho","floor":12},{"not_picked":["hexamod:Hexaguard","hexamod:GhostLash"],"picked":"hexamod:DynamicBlow","floor":15},{"not_picked":["hexamod:ForkedFlame","hexamod:UnlimitedPower"],"picked":"hexamod:SixthSeal","floor":16},{"not_picked":["hexamod:ThermalTransfer","hexamod:Haunt"],"picked":"hexamod:SwordOfDarkness","floor":19},{"not_picked":["hexamod:HauntingEcho+1","hexamod:InspiringFlames"],"picked":"hexamod:ShieldOfDarkness","floor":20},{"not_picked":["hexamod:HeatMetal","hexamod:GhostOfSpireFuture+1"],"picked":"hexamod:DynamicBlow","floor":22},{"not_picked":["hexamod:ShieldOfDarkness","hexamod:NightmareStrike"],"picked":"hexamod:ExtraCrispy","floor":23},{"not_picked":["hexamod:ChargedBarrage","hexamod:GhostLash"],"picked":"hexamod:ShieldOfDarkness","floor":25}],"player_experience":151557,"relics_obtained":[{"floor":5,"key":"reliquary:PrincelyHelmet"},{"floor":6,"key":"hubris:MobiusCoin"},{"floor":7,"key":"Akabeko"},{"floor":24,"key":"infinitespire:Midas Blood"}],"event_choices":[{"damage_healed":0,"gold_gain":0,"player_choice":"Ignored","damage_taken":0,"max_hp_gain":0,"max_hp_loss":0,"event_name":"NoteForYourself","floor":14,"gold_loss":0}],"is_beta":false,"boss_relics":[{"not_picked":["Empty Cage","Astrolabe"],"picked":"hexamod:IceCube"}],"items_purged_floors":[],"is_endless":false,"potions_floor_spawned":[4,10,15,16,23,25],"killed_by":"Shelled Parasite and Fungi","ascension_level":0}}