{"host":"y087t2reloz9bi43","time":1613227973,"event":{"mods":["2.2 Compatiblity","AchievementEnabler","Aspiration","BaseMod","Beaked The Cultist","Bestiary","Better Note","Better Vampires","BetterRewards","ChefMod","Clockwork Mod","Colored Map","Colored Powertips","Conspire","Downfall","Ekko","Fireblade Mod","Friendly Minions","GifTheSpireLib","Gold Saver","Gremlin Mod","Halation","Hermit","Hubris","Infinite Spire","Jedi Mod","JesterMod","Jorbs\u0027s Wanderer Trilogy","Mad Scientist","Marisa????????","Mimic Mod","Minty Spire (QoL Compilation)","Permanent Neow","Potionbrewer","Rare Cards Sparkle","Relic Stats","Reliquary","Replay The Spire","Robot Space Explorer","Shade Mod","Shop Mod","StSLib","The Alterego","The Blackbeard","The Bug Knight","The Construct","The Cursed","The Disciple","The Exalted","The Hierophant","The Marked","The Mystic","The Necromancer","The Runesmith","The Senshi","The Servant 0.9.4","TheBandit","TheFirefly","TheHero","TheVacant","Transform Curses","Uncapped","everything is the same but u backflip on backflip","thorton"],"gold_per_floor":[99,112,142,142,142,161,161,171,202,221,239,269,269,269,279,384,384,384,399,399,399,413,424,444,444,483,499,499,532,532,563,563,575,588,588,588,588],"floor_reached":36,"language":"ENG","playtime":7314,"items_purged":[],"score":416,"play_id":"0aa25fc6-40d4-4524-bc7a-8205e7b50d1f","local_time":"20210213145253","is_ascension_mode":false,"campfire_choices":[{"data":"sneckomod:Unknown","floor":1,"key":"SMITH"},{"data":"sneckomod:DiceBoulder","floor":13,"key":"SMITH"},{"data":"sneckomod:DiceBoulder+1","floor":18,"key":"SMITH"},{"data":"sneckomod:DiceBoulder+2","floor":21,"key":"SMITH"},{"data":"sneckomod:DiceBoulder+3","floor":26,"key":"SMITH"},{"data":"sneckomod:DiceBoulder+4","floor":31,"key":"SMITH"},{"data":"sneckomod:DiceBoulder+5","floor":33,"key":"SMITH"}],"circlet_count":0,"master_deck":["sneckomod:Strike+1","sneckomod:Strike","sneckomod:Strike","sneckomod:Defend","sneckomod:Defend","sneckomod:Defend","sneckomod:TailWhip","sneckomod:SnekBite+1","sneckomod:Unknown+1","sneckomod:Unknown+1","sneckomod:TrashToTreasure+1","downfall:Malfunctioning","sneckomod:UnknownClassGREEN","sneckomod:SerpentIdol","sneckomod:UnknownClassCONSTRUCTMOD","sneckomod:DiceBoulder+6","sneckomod:UnknownDraw","sneckomod:UnknownExhaust","sneckomod:UnknownClassGREMLIN","sneckomod:Unknown3Cost","sneckomod:UnknownClassGREMLIN+1","sneckomod:Unknown0Cost","sneckomod:Cheat","sneckomod:Cheat"],"relics":["sneckomod:SneckoSoul","infinitespire:Lychee Nut","Blue Candle","Bromod:ArcaneTrickery","reliquary:PorcupineQuills","infinitespire:Joker Card","hubris:GrandSneckoEye","Sundial","downfall:KnowingSkull","Calipers","reliquary:PartyBalloon"],"acts_visited":["Exordium","TheCity"],"potions_floor_usage":[9,16,16,25,36,36],"damage_taken":[{"damage":14,"enemies":"Jaw Worm","floor":2,"turns":3},{"damage":6,"enemies":"2 Louse","floor":6,"turns":4},{"damage":2,"enemies":"Small Slimes","floor":8,"turns":3},{"damage":13,"enemies":"Replay:BlueRogue","floor":9,"turns":4},{"damage":3,"enemies":"Lots of Slimes","floor":10,"turns":4},{"damage":0,"enemies":"3 Louse","floor":11,"turns":2},{"damage":15,"enemies":"3 Sentries","floor":12,"turns":5},{"damage":0,"enemies":"2 Fungi Beasts","floor":15,"turns":2},{"damage":34,"enemies":"WA_ARCHETYPE_RETAIN","floor":16,"turns":7},{"damage":20,"enemies":"Spheric Guardian","floor":19,"turns":4},{"damage":12,"enemies":"Shelled Parasite and Fungi","floor":23,"turns":3},{"damage":0,"enemies":"Snecko","floor":24,"turns":2},{"damage":5,"enemies":"Snake Plant","floor":25,"turns":4},{"damage":0,"enemies":"Sentry and Sphere","floor":27,"turns":4},{"damage":15,"enemies":"Sentry and Sphere","floor":28,"turns":4},{"damage":18,"enemies":"Book of Stabbing","floor":30,"turns":3},{"damage":25,"enemies":"Gremlin Leader","floor":32,"turns":4},{"damage":0,"enemies":"Centurion and Healer","floor":34,"turns":5},{"damage":0,"enemies":"Snecko","floor":35,"turns":3},{"damage":45,"enemies":"DF_ARCHETYPE_CLAW","floor":36,"turns":5}],"seed_played":"-4705315382299861242","potions_obtained":[{"floor":6,"key":"Reflective Coating"},{"floor":8,"key":"potionbrewer:QuicksilverPotion"},{"floor":10,"key":"ColorlessPotion"},{"floor":12,"key":"potionbrewer:EndurancePotion"}],"is_trial":false,"path_per_floor":["R","M","?","?","?","M","T","M","E","M","M","E","R","T","M","B",null,"R_BF","M","R","M","M","M","M","R","MIM","M","?","E","R","E","R","M","M","B"],"character_chosen":"THE_SNECKO","items_purchased":[],"campfire_rested":0,"item_purchase_floors":[],"current_hp_per_floor":[90,76,67,67,67,64,64,65,57,65,67,55,55,55,58,30,67,67,47,47,47,40,43,44,44,50,41,34,22,22,3,3,9,14,0,0,0],"gold":588,"neow_bonus":"UPGRADE_CARD","is_daily":false,"chose_seed":false,"campfire_upgraded":7,"win_rate":0.0,"timestamp":1613227973,"path_taken":["R","M","?","?","?","M","T","M","E","M","M","E","R","?","M","BOSS","R_BF","M","R","M","M","?","?","R","MIM","M","?","E","R","E","R","?","M","BOSS"],"items_purchased_type":[],"build_version":"2020-12-22","purchased_purges":0,"victory":false,"max_hp_per_floor":[90,90,67,67,67,67,67,67,67,67,67,67,67,67,67,67,67,67,67,67,67,67,67,67,67,67,67,67,67,67,67,67,67,67,67,67,67],"relic_stats":{"counters":[20,75],"Sundial":[0],"Blue Candle":[3],"obtain_stats":[{"reliquary:PorcupineQuills":12,"Calipers":30,"infinitespire:Lychee Nut":3,"Bromod:ArcaneTrickery":9,"Sundial":27,"reliquary:PartyBalloon":32,"Blue Candle":7,"downfall:KnowingSkull":29,"infinitespire:Joker Card":14,"hubris:GrandSneckoEye":17,"sneckomod:SneckoSoul":0},{"reliquary:PorcupineQuills":7,"Calipers":16,"infinitespire:Lychee Nut":1,"Bromod:ArcaneTrickery":4,"Sundial":14,"reliquary:PartyBalloon":17,"Blue Candle":2,"downfall:KnowingSkull":15,"infinitespire:Joker Card":7,"hubris:GrandSneckoEye":9,"sneckomod:SneckoSoul":0},{"reliquary:PorcupineQuills":25,"Calipers":58,"infinitespire:Lychee Nut":3,"Bromod:ArcaneTrickery":14,"Sundial":51,"reliquary:PartyBalloon":62,"Blue Candle":7,"downfall:KnowingSkull":55,"infinitespire:Joker Card":25,"hubris:GrandSneckoEye":34,"sneckomod:SneckoSoul":0}]},"card_choices":[{"not_picked":["sneckomod:UnknownUncommonSkill","sneckomod:UnknownWeak"],"picked":"sneckomod:TrashToTreasure","floor":2},{"not_picked":["sneckomod:UnknownClassJESTER_ORANGE","sneckomod:SlitherStrike"],"picked":"sneckomod:UnknownClassGREEN","floor":6},{"not_picked":["sneckomod:SlitherStrike","sneckomod:MasterEye"],"picked":"sneckomod:SerpentIdol","floor":8},{"not_picked":["sneckomod:UnknownClassBRO_COLOR","sneckomod:WideSting"],"picked":"sneckomod:UnknownClassCONSTRUCTMOD","floor":9},{"not_picked":["sneckomod:SnakeSap","sneckomod:UnknownClassMARKED_PURPLE_COLOR"],"picked":"sneckomod:DiceBoulder","floor":10},{"not_picked":["sneckomod:UnknownClassSENSHI_COLOR","sneckomod:UnknownClassMARKED_PURPLE_COLOR"],"picked":"sneckomod:UnknownDraw","floor":11},{"not_picked":["sneckomod:UnknownClassMYSTIC_PURPLE","sneckomod:UnknownClassHIEROPHANT_GOLD_COLOR"],"picked":"sneckomod:UnknownExhaust","floor":12},{"not_picked":["sneckomod:UnknownClassGREEN","sneckomod:UnknownClassSILVER"],"picked":"sneckomod:UnknownClassGREMLIN","floor":15},{"not_picked":["sneckomod:SerpentMind","sneckomod:UnknownBoss"],"picked":"sneckomod:Unknown3Cost","floor":16},{"not_picked":["sneckomod:UnknownClassCHEF_COLOR","sneckomod:SnekBeam"],"picked":"sneckomod:UnknownClassGREMLIN+1","floor":19},{"not_picked":["sneckomod:UnknownUncommonSkill","sneckomod:ImprovisedAttack","sneckomod:UnknownClassRUNESMITH_BEIGE"],"picked":"SKIP","floor":23},{"not_picked":["sneckomod:UnknownClassBLUE","sneckomod:SoulDraw+1","sneckomod:Unknown2Cost"],"picked":"SKIP","floor":24},{"not_picked":["sneckomod:ImprovisedAttack","sneckomod:DiceBlock+1","sneckomod:UnknownClassTHE_BRONZE_AUTOMATON"],"picked":"SKIP","floor":25},{"not_picked":["sneckomod:UnknownExhaust","sneckomod:UnknownClassTHORT_GRAY_COLOR","sneckomod:WideSting"],"picked":"SKIP","floor":28},{"not_picked":["sneckomod:UnknownClassCLOCKWORK+1","sneckomod:SerpentMind"],"picked":"sneckomod:Unknown0Cost","floor":30},{"not_picked":["sneckomod:UnknownCommonAttack+1","sneckomod:UnknownUncommonPower"],"picked":"sneckomod:Cheat","floor":32},{"not_picked":["sneckomod:UnknownClassBEAKED_YELLOW","sneckomod:UnknownClassRUNESMITH_BEIGE","sneckomod:UnknownClassWHITE"],"picked":"SKIP","floor":34},{"not_picked":["sneckomod:UnknownX","sneckomod:Unknown2Cost+1"],"picked":"sneckomod:Cheat","floor":35}],"player_experience":481427,"relics_obtained":[{"floor":7,"key":"Blue Candle"},{"floor":9,"key":"Bromod:ArcaneTrickery"},{"floor":12,"key":"reliquary:PorcupineQuills"},{"floor":14,"key":"infinitespire:Joker Card"},{"floor":27,"key":"Sundial"},{"floor":30,"key":"Calipers"},{"floor":32,"key":"reliquary:PartyBalloon"}],"event_choices":[],"is_beta":false,"boss_relics":[{"not_picked":["aspiration:RandomNobGenerator","halation:Risk"],"picked":"hubris:GrandSneckoEye"}],"items_purged_floors":[],"is_endless":false,"potions_floor_spawned":[6,8,10,12,23,24,32,34,35],"killed_by":"DF_ARCHETYPE_CLAW","ascension_level":0}}