{"host":"mhzgc0zma59jtmoj","time":1613190517,"event":{"mods":["BaseMod","BetterRewards","Custom Start","Glutton Mod","Ironclad Rager","Minty Spire (QoL Compilation)","Replay The Spire","Somnambulant","StSLib","The Cursed","The Hierophant","The Jungle","Treasure Hunter"],"gold_per_floor":[442,457,457,457,473,473,494,517,517,536,536,536,555,574,574,705,705,721,661,682,707,707,740,756,770,770,770,1045,1045,1081,897,897,1045,1045,1075,810,835,694,728,728,824,824,880,880,904,938,961,985,985,985],"floor_reached":51,"language":"ENG","playtime":2912,"items_purged":["TheCursedMod:Strike_TheCursed","TheCursedMod:Defend_TheCursed","TheCursedMod:Defend_TheCursed","TheCursedMod:Strike_TheCursed","TheCursedMod:Strike_TheCursed","TheCursedMod:Strike_TheCursed","TheCursedMod:Defend_TheCursed"],"score":1090,"play_id":"e3e7c26e-7a94-4adf-804f-36669d0b4d6e","local_time":"20210212232837","is_ascension_mode":false,"campfire_choices":[{"floor":6.0,"key":"REST"},{"data":"TheCursedMod:AbyssShockwave","floor":15.0,"key":"SMITH"},{"data":"TheCursedMod:CircleOfFlame","floor":27,"key":"SMITH"},{"floor":29,"key":"REST"},{"floor":32,"key":"REST"},{"data":"TheCursedMod:CleanUpWorkshop","floor":40,"key":"SMITH"},{"data":"Pot Of Greed","floor":42,"key":"SMITH"},{"data":"Pot Of Greed","floor":44,"key":"SMITH"},{"floor":49,"key":"REST"}],"circlet_count":0,"master_deck":["TheCursedMod:Defend_TheCursed+1","TheCursedMod:CursedWand","TheCursedMod:CleanUpWorkshop+1","TheCursedMod:Dregs","TheCursedMod:SpitefulPlan+1","TheCursedMod:SpitefulPlan+1","TheCursedMod:CursedShiv","TheCursedMod:CursedBlade","TheCursedMod:HellfireBreathing+1","TheCursedMod:CursedShiv","TheCursedMod:WearCloak","TheCursedMod:CursedBlade","TheCursedMod:AbyssShockwave+1","TheCursedMod:RapidMovement","TheCursedMod:LuckyCharm+1","Injury","TH:Mimic+1","TheCursedMod:ShockAndAwe+1","Delirium","TheCursedMod:CursedSpellbook+1","TheCursedMod:CursedBlade","TheCursedMod:VoidForm+1","TH:BikiniMail+1","TheCursedMod:SpitefulStrike+1","TheCursedMod:FuryStrike","TheCursedMod:CircleOfFlame+1","TheCursedMod:SurpriseAttack+1","TH:BikiniMail+1","TheCursedMod:CursedBoomerang","TheCursedMod:CursedSpellbook","TH:Mimic+1","Regret","TH:BikiniMail+1","TheCursedMod:CursedSpellbook+1","TheCursedMod:SpitefulStrike+1","TheCursedMod:DemonSword+1","TH:TreasureMap+1","TheCursedMod:AshesToAshes","TheCursedMod:WearCloak+1","TheCursedMod:FleshFromBone+1","TheCursedMod:ReleasedStrength+1","TheCursedMod:SpitefulStrike+1","TheCursedMod:CircleOfBlood+1","TheCursedMod:Obscuration+1","TheCursedMod:CursedAmulet+1","TheCursedMod:SurpriseAttack","Pot Of Greed+1","Pot Of Greed+1","Pot Of Greed","Pot Of Greed","TH:CursedSword+1","TheCursedMod:SpitefulPray","Pot Of Greed","TH:ArmorSpikes+1","TheCursedMod:WearCloak","TheCursedMod:HellfireBreathing+1","TheCursedMod:FleshFromBone"],"relics":["TheCursedMod:BlackMagic101","Membership Card","Bird Faced Urn","Frozen Egg 2","TheCursedMod:CrystalBall","Turnip","Golden Idol","Replay:Accelerometer","Golden Egg","Honey Jar","Pear","Replay:Wax Seal","CeramicFish","Black Star","Guide Book","War Paint","Orrery","Grinning Jar","Bronze Scales","Centennial Puzzle"],"acts_visited":["Exordium","TheCity","TheBeyond"],"potions_floor_usage":[21,30,45],"damage_taken":[{"damage":0.0,"enemies":"Cultist","floor":1.0,"turns":3.0},{"damage":0.0,"enemies":"Jaw Worm","floor":2.0,"turns":2.0},{"damage":2.0,"enemies":"2 Louse","floor":5.0,"turns":2.0},{"damage":8.0,"enemies":"Large Slime","floor":7.0,"turns":4.0},{"damage":3.0,"enemies":"Red Slaver","floor":8.0,"turns":4.0},{"damage":5.0,"enemies":"Looter","floor":10.0,"turns":3.0},{"damage":18.0,"enemies":"3 Louse","floor":13.0,"turns":2.0},{"damage":0.0,"enemies":"Gremlin Gang","floor":14.0,"turns":2.0},{"damage":1.0,"enemies":"Slime Boss","floor":16.0,"turns":5.0},{"damage":1,"enemies":"Chosen","floor":18,"turns":4},{"damage":8,"enemies":"Shell Parasite","floor":20,"turns":2},{"damage":6,"enemies":"3 Cultists","floor":21,"turns":3},{"damage":19,"enemies":"Slavers","floor":23,"turns":3},{"damage":29,"enemies":"Snake Plant","floor":24,"turns":4},{"damage":9,"enemies":"Snecko","floor":25,"turns":4},{"damage":45,"enemies":"Book of Stabbing","floor":30,"turns":4},{"damage":45,"enemies":"Pondfish","floor":33,"turns":8},{"damage":12,"enemies":"3 Shapes","floor":35,"turns":2},{"damage":24,"enemies":"3 Darklings","floor":37,"turns":2},{"damage":17,"enemies":"Spire Growth","floor":39,"turns":3},{"damage":39,"enemies":"Giant Head","floor":41,"turns":8},{"damage":34,"enemies":"Maw","floor":45,"turns":6},{"damage":10,"enemies":"Sphere and 2 Shapes","floor":46,"turns":3},{"damage":0,"enemies":"3 Darklings","floor":47,"turns":3},{"damage":9,"enemies":"Spire Growth","floor":48,"turns":3},{"damage":0,"enemies":"Donu and Deca","floor":50,"turns":6}],"seed_played":"-2986089539419419011","potions_obtained":[{"floor":1.0,"key":"Strength Potion"},{"floor":16.0,"key":"EssenceOfSteel"},{"floor":25,"key":"Swift Potion"},{"floor":30,"key":"Weak Potion"},{"floor":37,"key":"Elixir"},{"floor":45,"key":"Weak Potion"},{"floor":48,"key":"Fire Potion"}],"is_trial":false,"path_per_floor":["M","M","?","?","M","R","M","M","T","M","?","?","M","M","R","B",null,"M","?","M","M","?","E","M","M","T","R","?","R","E","$","R","B",null,"M","$","M","$","M","R","E","R","T","R","M","M","M","M","R","B",null],"character_chosen":"THE_CURSED","items_purchased":["Membership Card","Bird Faced Urn","TheCursedMod:SpitefulPlan","TheCursedMod:CursedShiv","TheCursedMod:CursedBlade","Frozen Egg 2","TheCursedMod:HellfireBreathing+1","Oddly Smooth Stone","TheCursedMod:CursedShiv","TheCursedMod:WearCloak","TheCursedMod:AbyssShockwave","TheCursedMod:SpitefulStrike","CeramicFish","Guide Book","War Paint","TheCursedMod:WearCloak","Orrery"],"campfire_rested":4,"item_purchase_floors":[0,0,0,0,0,0,0,0,0,0,0,31,31,36,36,36,38],"current_hp_per_floor":[32,36,36,24,24,46,46,51,51,50,50,75,57,57,57,62,75,74,74,67,67,67,62,37,32,32,32,32,57,20,20,45,10,85,73,73,55,55,58,58,35,35,35,35,21,19,19,28,53,69],"gold":985,"neow_bonus":"","is_daily":false,"chose_seed":false,"campfire_upgraded":5,"win_rate":0.0,"timestamp":1613190517,"path_taken":["M","M","?","?","M","R","M","M","T","M","?","?","M","M","R","BOSS","M","?","M","M","?","E","M","M","T","R","?","R","E","$","R","BOSS","M","$","M","$","M","R","E","R","T","R","?","M","M","?","R","BOSS"],"items_purchased_type":["Relic","Relic","Card","Card","Card","Relic","Card","Relic","Card","Card","Card","Card","Relic","Relic","Relic","Card","Relic"],"build_version":"2020-12-22","purchased_purges":7,"victory":true,"max_hp_per_floor":[75,75,75,75,75,75,75,75,75,75,75,75,75,75,75,75,75,75,75,75,75,75,85,85,85,85,85,85,85,85,85,85,85,85,85,85,85,85,85,85,85,85,85,85,85,85,85,85,85,85],"card_choices":[{"not_picked":["TheCursedMod:CircleOfCorruption","TheCursedMod:Stretching"],"picked":"TheCursedMod:RapidMovement","floor":1.0},{"not_picked":["TheCursedMod:DarkBarrier","TheCursedMod:SpitefulStrike"],"picked":"TheCursedMod:LuckyCharm+1","floor":2.0},{"not_picked":["TheCursedMod:SpreadPlague","TheCursedMod:WearCloak","TheCursedMod:ManaBullet"],"picked":"SKIP","floor":5.0},{"not_picked":["TheCursedMod:Torture","TheCursedMod:SmokeScreen","TheCursedMod:FleshFromBone"],"picked":"SKIP","floor":7.0},{"not_picked":["TheCursedMod:FleshFromBone","TheCursedMod:CircleOfCorruption","TheCursedMod:RapidMovement"],"picked":"SKIP","floor":8.0},{"not_picked":["TH:TreasureMap"],"picked":"TH:Mimic","floor":9.0},{"not_picked":["TheCursedMod:SpreadPlague","TheCursedMod:TacticalStrike"],"picked":"TheCursedMod:ShockAndAwe","floor":10.0},{"not_picked":["TheCursedMod:Grudge","TheCursedMod:EmpowerCircles+1"],"picked":"TheCursedMod:CursedSpellbook","floor":13.0},{"not_picked":["TheCursedMod:FleshFromBone","TheCursedMod:Wield"],"picked":"TheCursedMod:CursedBlade","floor":14.0},{"not_picked":["TheCursedMod:Neurasthenia","TheCursedMod:ParallelWorld"],"picked":"TheCursedMod:VoidForm+1","floor":16.0},{"not_picked":["TH:ArmorSpikes"],"picked":"TH:BikiniMail","floor":16.0},{"not_picked":["TheCursedMod:CircleOfFlame","TheCursedMod:AshesToAshes","TheCursedMod:SmokeScreen"],"picked":"TheCursedMod:SpitefulStrike+1","floor":18},{"not_picked":["TheCursedMod:SmokeScreen+1","TheCursedMod:Stigma","TheCursedMod:Wield"],"picked":"TheCursedMod:FuryStrike","floor":20},{"not_picked":["TheCursedMod:TacticalStrike","TheCursedMod:CircleOfWindfury","TheCursedMod:ManaBullet+1"],"picked":"TheCursedMod:CircleOfFlame","floor":21},{"not_picked":["TheCursedMod:CircleOfAmplification","TheCursedMod:Hemoplague+1","TheCursedMod:OutForBlood+1"],"picked":"TheCursedMod:SurpriseAttack+1","floor":23},{"not_picked":["TH:ArmorSpikes","TH:PixieDust"],"picked":"TH:BikiniMail","floor":23},{"not_picked":["TheCursedMod:RavingStaff","TheCursedMod:ManaBullet","TheCursedMod:SmokeScreen"],"picked":"TheCursedMod:CursedBoomerang","floor":24},{"not_picked":["TheCursedMod:Torture","TheCursedMod:FleshFromBone+1","TheCursedMod:CursedMace"],"picked":"TheCursedMod:CursedSpellbook","floor":25},{"not_picked":["TH:EnergyPotion","TH:CopperCoins"],"picked":"TH:Mimic","floor":26},{"not_picked":["TH:TreasureMap","TH:PixieDust"],"picked":"TH:BikiniMail","floor":30},{"not_picked":["TheCursedMod:DoubleShield","TheCursedMod:CursedShiv+1","TheCursedMod:RapidMovement"],"picked":"TheCursedMod:CursedSpellbook+1","floor":30},{"not_picked":["TheCursedMod:ShockAndAwe","TheCursedMod:DemonicPact+1","TheCursedMod:CollectTribute+1"],"picked":"TheCursedMod:DemonSword","floor":33},{"not_picked":["TH:PixieDust","TH:ElvenBoots"],"picked":"TH:TreasureMap","floor":33},{"not_picked":["TheCursedMod:CircleOfFocus+1","TheCursedMod:CursedBoomerang+1","TheCursedMod:CursedSpellbook+1"],"picked":"TheCursedMod:AshesToAshes","floor":35},{"not_picked":["TheCursedMod:CursedAmulet","TheCursedMod:ReleasedKnowledge+1","TheCursedMod:WearCloak"],"picked":"TheCursedMod:FleshFromBone+1","floor":37},{"not_picked":["TheCursedMod:RavingStaff+1","TheCursedMod:SaltUponWound+1","TheCursedMod:BloodBarrier"],"picked":"TheCursedMod:ReleasedStrength","floor":38},{"not_picked":["TheCursedMod:CursedShiv","TheCursedMod:CircleOfFocus+1","TheCursedMod:CursedBlade"],"picked":"TheCursedMod:SpitefulStrike+1","floor":38},{"not_picked":["TheCursedMod:CursedMace+1","TheCursedMod:StingEye+1","TheCursedMod:CursedBoomerang"],"picked":"TheCursedMod:CircleOfBlood+1","floor":38},{"not_picked":["TheCursedMod:ParallelWorld","TheCursedMod:VitalStrike","TheCursedMod:WearCloak+1"],"picked":"TheCursedMod:Obscuration+1","floor":38},{"not_picked":["TheCursedMod:EmpowerCircles+1","TheCursedMod:PrepareRite+1","TheCursedMod:Wield"],"picked":"TheCursedMod:CursedAmulet+1","floor":38},{"not_picked":["TheCursedMod:TroublousMinions+1","TheCursedMod:CircleOfFlame","TheCursedMod:Torture+1"],"picked":"TheCursedMod:SurpriseAttack","floor":39},{"not_picked":["TH:TreasureMap","TH:ElvenBoots"],"picked":"TH:CursedSword","floor":41},{"not_picked":["TheCursedMod:DarkBarrier","TheCursedMod:Stretching","TheCursedMod:BloodBarrier"],"picked":"TheCursedMod:SpitefulPray","floor":41},{"not_picked":["TH:PixieDust","TH:DeckOfManyThings"],"picked":"TH:ArmorSpikes","floor":43},{"not_picked":["TheCursedMod:CursedMace","TheCursedMod:CursedAmulet","TheCursedMod:UltimatePain"],"picked":"TheCursedMod:WearCloak","floor":45},{"not_picked":["TheCursedMod:CursedBlade","TheCursedMod:ManaBullet","TheCursedMod:CursedAmulet+1"],"picked":"TheCursedMod:HellfireBreathing+1","floor":46},{"not_picked":["TheCursedMod:CursedStaff+1","TheCursedMod:PrepareRite","TheCursedMod:CursedBoomerang+1","TheCursedMod:CursedBlade"],"picked":"SKIP","floor":47},{"not_picked":["TheCursedMod:StingEye","TheCursedMod:CircleOfCorruption+1","TheCursedMod:RavingStaff"],"picked":"TheCursedMod:FleshFromBone","floor":48}],"player_experience":276109,"relics_obtained":[{"floor":9.0,"key":"Golden Egg"},{"floor":23,"key":"Pear"},{"floor":30,"key":"Replay:Wax Seal"},{"floor":41,"key":"Grinning Jar"},{"floor":41,"key":"Bronze Scales"},{"floor":43,"key":"Centennial Puzzle"}],"event_choices":[{"damage_healed":0.0,"max_hp_gain":0.0,"max_hp_loss":0.0,"gold_gain":0.0,"event_name":"Golden Idol","player_choice":"Take Wound","floor":3.0,"gold_loss":0.0,"damage_taken":0.0,"relics_obtained":["Golden Idol"],"cards_obtained":["Injury"]},{"damage_healed":0.0,"max_hp_gain":0.0,"max_hp_loss":0.0,"gold_gain":0.0,"event_name":"Scrap Ooze","player_choice":"Success","floor":4.0,"gold_loss":0.0,"damage_taken":12.0,"relics_obtained":["Replay:Accelerometer"]},{"cards_removed":["ReplayTheSpireMod:Trickstab"],"damage_healed":25.0,"max_hp_gain":0.0,"max_hp_loss":0.0,"gold_gain":0.0,"event_name":"Bonfire Elementals","player_choice":"Offered Uncommon","floor":12.0,"gold_loss":0.0,"damage_taken":0.0},{"damage_healed":0,"gold_gain":0,"player_choice":"Ignored","damage_taken":0,"max_hp_gain":0,"max_hp_loss":0,"event_name":"Ghosts","floor":22,"gold_loss":0},{"damage_healed":0,"gold_gain":275,"player_choice":"Desecrate","damage_taken":0,"max_hp_gain":0,"max_hp_loss":0,"event_name":"Golden Shrine","floor":28,"gold_loss":0,"cards_obtained":["Regret"]}],"is_beta":false,"boss_relics":[{"not_picked":["Runic Pyramid","Replay:Wanted Poster"],"picked":"Honey Jar"},{"not_picked":["SlaversCollar","Fusion Hammer"],"picked":"Black Star"}],"items_purged_floors":[0,0,0,0,31,36,38],"is_endless":false,"potions_floor_spawned":[1,14,16,25,30,37,39,45,48],"ascension_level":0}}