{"host":"l7l2v2zs4hqku4vk","time":1613209781,"event":{"mods":["Act Like it!","BaseMod","Colored Powertips","Highlight Path","Minty Spire (QoL Compilation)","Replay The Spire","RumiaBox-露米娅的神秘盒子","StSLib","TestMod","The Servant 0.9.4","篝火指南"],"gold_per_floor":[118,137,157,157,172,172,203,203,271,271,271],"floor_reached":10,"language":"ZHS","playtime":730,"items_purged":[],"score":186,"play_id":"a6837557-0393-4194-97bc-739dde480db8","local_time":"20210213174941","is_ascension_mode":true,"campfire_choices":[{"data":"Dash","floor":6,"key":"SMITH"},{"data":"Cloak And Dagger","floor":8,"key":"SMITH"}],"circlet_count":0,"master_deck":["AscendersBane","Strike_G","Strike_G","Strike_G","Strike_G","Defend_G","Defend_G","Defend_G","Defend_G","Defend_G","Survivor","Neutralize","Dash+1","Cloak And Dagger+1","Sucker Punch","Backflip","ReplayTheSpireMod:Shiv Toss"],"relics":["Ring of the Snake","testmod-TestBox","testmod-SaigiyounoYou","WingedGreaves"],"acts_visited":["Exordium"],"potions_floor_usage":[7,10],"damage_taken":[{"damage":2,"enemies":"Small Slimes","floor":1,"turns":3},{"damage":11,"enemies":"Jaw Worm","floor":2,"turns":4},{"damage":0,"enemies":"Cultist","floor":3,"turns":4},{"damage":20,"enemies":"Large Slime","floor":5,"turns":6},{"damage":41,"enemies":"Replay:BlueRogue","floor":7,"turns":11},{"damage":53,"enemies":"Lagavulin","floor":10,"turns":11}],"seed_played":"-8101897116124222209","potions_obtained":[{"floor":2,"key":"Swift Potion"},{"floor":5,"key":"Doom Potion"}],"is_trial":false,"path_per_floor":["M","M","M","?","M","R","E","R","T","E"],"character_chosen":"THE_SILENT","items_purchased":[],"campfire_rested":0,"item_purchase_floors":[],"current_hp_per_floor":[64,57,66,66,57,57,26,26,26,0,0],"gold":271,"neow_bonus":"TRANSFORM_CARD","is_daily":false,"chose_seed":false,"campfire_upgraded":2,"win_rate":0.0,"timestamp":1613209781,"path_taken":["M","M","M","?","M","R","E","R","T","E"],"items_purchased_type":[],"build_version":"2020-12-22","purchased_purges":0,"victory":false,"max_hp_per_floor":[66,66,66,66,66,66,66,66,66,66,66],"card_choices":[{"not_picked":["Backflip","Deflect"],"picked":"Cloak And Dagger","floor":1},{"not_picked":["Flying Knee","Dodge and Roll"],"picked":"Sucker Punch","floor":2},{"not_picked":["Dagger Throw","Cloak And Dagger"],"picked":"Backflip","floor":3},{"not_picked":["Outmaneuver","Replay:Poison Smokescreen"],"picked":"ReplayTheSpireMod:Shiv Toss","floor":5},{"not_picked":["Dodge and Roll","Replay:Poison Smokescreen","Backflip"],"picked":"SKIP","floor":7}],"player_experience":1757021,"relics_obtained":[{"floor":7,"key":"WingedGreaves"}],"event_choices":[{"damage_healed":0,"gold_gain":0,"player_choice":"Ignored","damage_taken":0,"max_hp_gain":0,"max_hp_loss":0,"event_name":"给自己的盒子","floor":4,"gold_loss":0}],"is_beta":false,"boss_relics":[],"items_purged_floors":[],"is_endless":false,"potions_floor_spawned":[2,5],"killed_by":"Lagavulin","ascension_level":20}}