{"host":"8u7tvcybuv0u72fd","time":1613194104,"event":{"mods":["BaseMod","BetterRewards","Colored Map","Colored Powertips","Minty Spire (QoL Compilation)","Quick Restart","Shop Mod"],"gold_per_floor":[113,93,111,131,131,172,172,188,258,258,258,292,315,18,18,148,148,162,193,207,257,282,282,321,321,321,345,345,345,364,213,213,339,339,360,385,401,401,401,401,434,434,434,455,476,476,213,249,249,249,249,249,47,90,90],"floor_reached":56,"language":"ENG","playtime":2583,"items_purged":["Strike_R","Injury"],"score":1610,"play_id":"510fa56b-46a1-4e84-ac12-7d0f6cf59c8c","local_time":"20210213002824","is_ascension_mode":false,"campfire_choices":[{"data":"Body Slam","floor":7.0,"key":"SMITH"},{"data":"Bash","floor":10.0,"key":"SMITH"},{"data":"Flash of Steel","floor":15.0,"key":"SMITH"},{"data":"Cleave","floor":23.0,"key":"SMITH"},{"floor":25.0,"key":"RECALL"},{"data":"Bite","floor":29.0,"key":"SMITH"},{"data":"Bite","floor":32.0,"key":"SMITH"},{"data":"Bite","floor":40,"key":"SMITH"},{"data":"Bite","floor":42,"key":"SMITH"},{"data":"Bite","floor":46,"key":"SMITH"},{"data":"Defend_R","floor":49,"key":"SMITH"},{"data":"Defend_R","floor":52,"key":"SMITH"}],"circlet_count":0,"master_deck":["Defend_R+1","Defend_R+1","Defend_R+1","Defend_R+1","Bash+1","Flash of Steel+1","Cleave+1","Body Slam+1","Flame Barrier+1","Flex+1","Blind+1","Double Tap+1","Iron Wave+1","Bite+1","Bite+1","Bite+1","Bite+1","Bite+1","CurseOfTheBell","Madness+1","Finesse+1","Juggernaut+1","Metallicize+1"],"relics":["Burning Blood","Turnip","Gambling Chip","TungstenRod","Ornamental Fan","Golden Idol","Incense Burner","Toxic Egg 2","Red Skull","Membership Card","Busted Crown","Red Mask","Du-Vu Doll","Letter Opener","War Paint","Lantern","Calling Bell","Ancient Tea Set","Frozen Egg 2","Dead Branch","Ice Cream","FossilizedHelix","ClockworkSouvenir","Gremlin Horn","Oddly Smooth Stone","TheAbacus","Champion Belt"],"acts_visited":["Exordium","TheCity","TheBeyond","TheEnding"],"potions_floor_usage":[55,55,55,55,55,55],"damage_taken":[{"damage":0.0,"enemies":"Cultist","floor":1.0,"turns":2.0},{"damage":5.0,"enemies":"Jaw Worm","floor":3.0,"turns":3.0},{"damage":0.0,"enemies":"2 Louse","floor":4.0,"turns":2.0},{"damage":0.0,"enemies":"Gremlin Nob","floor":6.0,"turns":3.0},{"damage":3.0,"enemies":"Red Slaver","floor":8.0,"turns":3.0},{"damage":13.0,"enemies":"Lagavulin","floor":12.0,"turns":5.0},{"damage":3.0,"enemies":"3 Louse","floor":13.0,"turns":3.0},{"damage":6.0,"enemies":"Hexaghost","floor":16.0,"turns":8.0},{"damage":0.0,"enemies":"Chosen","floor":18.0,"turns":3.0},{"damage":0.0,"enemies":"Masked Bandits","floor":19.0,"turns":3.0},{"damage":2.0,"enemies":"2 Thieves","floor":20.0,"turns":3.0},{"damage":6.0,"enemies":"Shelled Parasite and Fungi","floor":22.0,"turns":5.0},{"damage":2.0,"enemies":"Slavers","floor":24.0,"turns":2.0},{"damage":6.0,"enemies":"Snecko","floor":27.0,"turns":4.0},{"damage":0.0,"enemies":"Cultist and Chosen","floor":30.0,"turns":4.0},{"damage":67.0,"enemies":"Automaton","floor":33.0,"turns":10.0},{"damage":0.0,"enemies":"Orb Walker","floor":35.0,"turns":2.0},{"damage":1.0,"enemies":"3 Shapes","floor":36.0,"turns":3.0},{"damage":8.0,"enemies":"Transient","floor":37.0,"turns":5.0},{"damage":6,"enemies":"Reptomancer","floor":41,"turns":4},{"damage":12,"enemies":"Spire Growth","floor":44,"turns":4},{"damage":5,"enemies":"Writhing Mass","floor":45,"turns":3},{"damage":0,"enemies":"Nemesis","floor":48,"turns":5},{"damage":34,"enemies":"Donu and Deca","floor":50,"turns":8},{"damage":18,"enemies":"Shield and Spear","floor":54,"turns":4},{"damage":62,"enemies":"The Heart","floor":55,"turns":10}],"seed_played":"-8963083996021205338","potions_obtained":[{"floor":2.0,"key":"SmokeBomb"},{"floor":3.0,"key":"SneckoOil"},{"floor":12.0,"key":"Fire Potion"},{"floor":13.0,"key":"Fire Potion"},{"floor":20.0,"key":"LiquidMemories"},{"floor":24.0,"key":"ColorlessPotion"},{"floor":27.0,"key":"Fire Potion"}],"is_trial":false,"path_per_floor":["M","?","M","M","?","E","R","M","T","R","?","E","M","$","R","B",null,"M","?","M","?","M","R","E","R","T","M","?","R","M","$","R","B",null,"M","M","M","?","?","R","E","R","T","M","M","R","$","E","R","B",null,"R","$","E","B",null],"character_chosen":"IRONCLAD","items_purchased":["Turnip","Gambling Chip","Ornamental Fan","Flash of Steel","LiquidBronze","BlessingOfTheForge","Membership Card","EntropicBrew","Blind+1","War Paint","Lantern","FossilizedHelix","ClockworkSouvenir","Metallicize+1","Oddly Smooth Stone","TheAbacus","HeartOfIron"],"campfire_rested":0,"item_purchase_floors":[0,0,0,0,0,0,14,14,14,31,31,47,47,47,53,53,53],"current_hp_per_floor":[38,38,39,45,45,51,51,54,54,54,54,47,50,50,50,50,80,80,80,80,80,80,80,80,80,80,80,56,56,56,56,56,30,56,56,56,54,48,48,48,56,56,56,53,56,56,56,56,56,55,56,56,56,53,24],"gold":90,"neow_bonus":"","is_daily":false,"chose_seed":false,"campfire_upgraded":11,"win_rate":0.0,"timestamp":1613194104,"path_taken":["M","?","?","M","?","E","R","M","T","R","?","E","?","$","R","BOSS","M","?","M","?","?","R","E","R","T","M","?","R","M","?","R","BOSS","M","M","?","?","?","R","E","R","T","M","M","R","$","E","R","BOSS","R","$","E","BOSS"],"items_purchased_type":["Relic","Relic","Relic","Card","Potion","Potion","Relic","Potion","Card","Relic","Relic","Relic","Relic","Card","Relic","Relic","Potion"],"build_version":"2020-12-22","purchased_purges":2,"victory":true,"max_hp_per_floor":[80,80,80,80,80,80,80,80,80,80,80,80,80,80,80,80,80,80,80,80,80,80,80,80,80,80,80,56,56,56,56,56,56,56,56,56,56,56,56,56,56,56,56,56,56,56,56,56,56,56,56,56,56,56,56],"card_choices":[{"not_picked":["Havoc","Sword Boomerang","Evolve"],"picked":"SKIP","floor":1.0},{"not_picked":["Pommel Strike","Armaments"],"picked":"Cleave","floor":3.0},{"not_picked":["Bloodletting","Clothesline"],"picked":"Body Slam","floor":4.0},{"not_picked":["Limit Break","Inflame","Bloodletting"],"picked":"SKIP","floor":6.0},{"not_picked":["Perfected Strike","Pummel","Warcry"],"picked":"SKIP","floor":8.0},{"not_picked":["Bloodletting+1","Combust"],"picked":"Flame Barrier+1","floor":12.0},{"not_picked":["Iron Wave","Cleave"],"picked":"Flex+1","floor":13.0},{"not_picked":["Immolate","Reaper"],"picked":"Double Tap+1","floor":16.0},{"not_picked":["Anger"],"picked":"SKIP","floor":18.0},{"not_picked":["Clothesline"],"picked":"SKIP","floor":20.0},{"not_picked":["Cleave"],"picked":"SKIP","floor":22.0},{"not_picked":["Armaments+1"],"picked":"SKIP","floor":24.0},{"not_picked":["Armaments+1"],"picked":"SKIP","floor":24.0},{"not_picked":[],"picked":"Iron Wave+1","floor":27.0},{"not_picked":["Rupture"],"picked":"SKIP","floor":30.0},{"not_picked":["Heavy Blade"],"picked":"SKIP","floor":35.0},{"not_picked":["Seeing Red+1"],"picked":"SKIP","floor":36.0},{"not_picked":["Clash+1"],"picked":"SKIP","floor":37},{"not_picked":[],"picked":"Juggernaut+1","floor":41},{"not_picked":["Heavy Blade"],"picked":"SKIP","floor":44},{"not_picked":["Wild Strike"],"picked":"SKIP","floor":45},{"not_picked":["Wild Strike"],"picked":"SKIP","floor":45},{"not_picked":["Anger"],"picked":"SKIP","floor":48},{"not_picked":["Power Through+1"],"picked":"SKIP","floor":54}],"player_experience":1519155,"relics_obtained":[{"floor":6.0,"key":"Incense Burner"},{"floor":9.0,"key":"Toxic Egg 2"},{"floor":12.0,"key":"Red Skull"},{"floor":19.0,"key":"Red Mask"},{"floor":24.0,"key":"Du-Vu Doll"},{"floor":26.0,"key":"Letter Opener"},{"floor":34.0,"key":"Ancient Tea Set"},{"floor":34.0,"key":"Frozen Egg 2"},{"floor":34.0,"key":"Dead Branch"},{"floor":41,"key":"Ice Cream"},{"floor":48,"key":"Gremlin Horn"},{"floor":54,"key":"Champion Belt"}],"event_choices":[{"damage_healed":0.0,"max_hp_gain":0.0,"max_hp_loss":0.0,"gold_gain":0.0,"event_name":"The Woman in Blue","player_choice":"Bought 1 Potion","floor":2.0,"gold_loss":0.0,"damage_taken":0.0},{"damage_healed":0.0,"max_hp_gain":0.0,"max_hp_loss":0.0,"gold_gain":0.0,"event_name":"Golden Idol","player_choice":"Take Wound","floor":5.0,"gold_loss":0.0,"damage_taken":0.0,"relics_obtained":["Golden Idol"],"cards_obtained":["Injury"]},{"damage_healed":0.0,"max_hp_gain":0.0,"max_hp_loss":0.0,"gold_gain":0.0,"event_name":"Match and Keep!","player_choice":"0 cards matched","floor":11.0,"gold_loss":0.0,"damage_taken":0.0,"cards_obtained":[]},{"damage_healed":0.0,"max_hp_gain":0.0,"max_hp_loss":0.0,"gold_gain":0.0,"event_name":"Masked Bandits","player_choice":"Fought Bandits","floor":19.0,"gold_loss":0.0,"damage_taken":0.0},{"damage_healed":0.0,"max_hp_gain":0.0,"max_hp_loss":0.0,"gold_gain":100.0,"event_name":"The Joust","player_choice":"Bet on Murderer","floor":21.0,"gold_loss":50.0,"damage_taken":0.0},{"damage_healed":0.0,"max_hp_gain":0.0,"max_hp_loss":24.0,"gold_gain":0.0,"event_name":"Vampires","player_choice":"Became a vampire","floor":28.0,"gold_loss":0.0,"damage_taken":0.0,"cards_obtained":["Bite","Bite","Bite","Bite","Bite"]},{"damage_healed":0,"gold_gain":0,"player_choice":"Embrace Madness","damage_taken":7,"max_hp_gain":0,"max_hp_loss":0,"event_name":"Winding Halls","floor":38,"gold_loss":0,"cards_obtained":["Madness","Madness"]},{"damage_healed":0,"gold_gain":0,"cards_transformed":["Madness"],"player_choice":"Transformed","damage_taken":0,"max_hp_gain":0,"max_hp_loss":0,"event_name":"Transmorgrifier","floor":39,"gold_loss":0,"cards_obtained":["Finesse"]}],"is_beta":false,"boss_relics":[{"not_picked":["Ectoplasm","Cursed Key"],"picked":"Busted Crown"},{"not_picked":["Runic Cube","Pandora\u0027s Box"],"picked":"Calling Bell"}],"items_purged_floors":[0,14],"is_endless":false,"potions_floor_spawned":[3,12,13,16,18,20,24,27,35,36,41,48],"ascension_level":0}}