{"host":"42xf941fomyavgzy","time":1613180387,"event":{"mods":["Act Like it!","Astrologer","BaseMod","Colored Map","Minty Spire (QoL Compilation)","Shop Mod","StSLib","SuperFastMode","The Cursed"],"gold_per_floor":[110,110,124,54,71,100,100,113,113,147,160,3,3,32,32,32,32],"floor_reached":16,"language":"JPN","playtime":928,"items_purged":[],"score":150,"play_id":"751bc1ef-c2ee-48d9-bb45-aa790e79dcfb","local_time":"20210213103947","is_ascension_mode":true,"campfire_choices":[{"data":"CrushJoints","floor":7,"key":"SMITH"},{"floor":13,"key":"REST"},{"data":"EmptyFist","floor":15,"key":"SMITH"}],"circlet_count":0,"master_deck":["Strike_P","Strike_P","Strike_P","Strike_P","Defend_P","Defend_P","Defend_P","Eruption","Vigilance","CrushJoints+1","Protect","ReachHeaven","ClearTheMind","CutThroughFate","Consecrate","EmptyFist+1","BowlingBash","FlurryOfBlows"],"relics":["PureWater","Tiny Chest","Boot","Pear","MealTicket","Akabeko"],"acts_visited":["Exordium"],"potions_floor_usage":[5,6,6,8,16],"damage_taken":[{"damage":0,"enemies":"2 Louse","floor":1,"turns":2},{"damage":0,"enemies":"Cultist","floor":3,"turns":2},{"damage":5,"enemies":"Small Slimes","floor":5,"turns":5},{"damage":18,"enemies":"Lagavulin","floor":6,"turns":3},{"damage":9,"enemies":"Exordium Wildlife","floor":8,"turns":4},{"damage":25,"enemies":"3 Sentries","floor":10,"turns":7},{"damage":0,"enemies":"2 Fungi Beasts","floor":11,"turns":2},{"damage":15,"enemies":"Lagavulin","floor":14,"turns":5},{"damage":34,"enemies":"Slime Boss","floor":16,"turns":5}],"seed_played":"-447032535279830462","potions_obtained":[{"floor":0,"key":"EssenceOfSteel"},{"floor":0,"key":"Dexterity Potion"},{"floor":0,"key":"BlessingOfTheForge"},{"floor":3,"key":"PowerPotion"},{"floor":6,"key":"Dexterity Potion"},{"floor":8,"key":"Ancient Potion"},{"floor":11,"key":"Energy Potion"}],"is_trial":false,"path_per_floor":["M","?","M","$","M","E","R","M","T","E","M","$","R","E","R","B"],"character_chosen":"WATCHER","items_purchased":["ReachHeaven","MealTicket"],"campfire_rested":1,"item_purchase_floors":[4,12],"current_hp_per_floor":[72,72,72,72,67,49,49,40,40,25,25,25,49,34,34,0,0],"gold":32,"neow_bonus":"THREE_SMALL_POTIONS","is_daily":false,"chose_seed":false,"campfire_upgraded":2,"win_rate":0.0,"timestamp":1613180387,"path_taken":["M","?","M","?","M","E","R","?","T","E","M","$","R","E","R","BOSS"],"items_purchased_type":["Card","Relic"],"build_version":"2020-12-22","purchased_purges":0,"victory":false,"max_hp_per_floor":[72,72,72,72,72,72,72,72,72,82,82,82,82,82,82,82,82],"card_choices":[{"not_picked":["ClearTheMind","EmptyFist"],"picked":"CrushJoints","floor":1},{"not_picked":["Crescendo","SignatureMove"],"picked":"Protect","floor":3},{"not_picked":["Perseverance","Swivel"],"picked":"ClearTheMind","floor":5},{"not_picked":["JustLucky","CarveReality"],"picked":"CutThroughFate","floor":6},{"not_picked":["SashWhip","FlurryOfBlows"],"picked":"Consecrate","floor":8},{"not_picked":["CarveReality","DeusExMachina"],"picked":"EmptyFist","floor":10},{"not_picked":["Prostrate","LikeWater"],"picked":"BowlingBash","floor":11},{"not_picked":["ReachHeaven","BowlingBash"],"picked":"FlurryOfBlows","floor":14}],"player_experience":476882,"relics_obtained":[{"floor":6,"key":"Tiny Chest"},{"floor":9,"key":"Boot"},{"floor":10,"key":"Pear"},{"floor":14,"key":"Akabeko"}],"event_choices":[{"cards_removed":["Defend_P"],"damage_healed":0,"gold_gain":0,"player_choice":"Purged","damage_taken":0,"max_hp_gain":0,"max_hp_loss":0,"event_name":"Purifier","floor":2,"gold_loss":0}],"is_beta":false,"boss_relics":[],"items_purged_floors":[],"is_endless":false,"potions_floor_spawned":[3,6,8,11],"killed_by":"Slime Boss","ascension_level":5}}