{"host":"raaimkojny05jekw","time":1613216836,"event":{"mods":["AchievementEnabler","BaseMod","Colored Map","Colored Powertips","DeckTracker","Minty Spire (QoL Compilation)","Quick Restart","Rare Cards Sparkle","everything is the same but u backflip on backflip"],"gold_per_floor":[115,129,129,229,55,55,90,90,90,90,115,128,147,157,157,157,157],"floor_reached":16,"language":"KOR","playtime":441,"items_purged":[],"score":138,"play_id":"a839d2a6-8731-456c-b884-f7fbce4cce30","local_time":"20210213204716","is_ascension_mode":true,"campfire_choices":[{"data":"Body Slam","floor":6,"key":"SMITH"},{"data":"Flex","floor":8,"key":"SMITH"},{"data":"Bash","floor":10,"key":"SMITH"},{"data":"Clothesline","floor":15,"key":"SMITH"}],"circlet_count":0,"master_deck":["Strike_R","Strike_R","Strike_R","Strike_R+1","Defend_R","Defend_R","Defend_R","Defend_R+1","Bash+1","Body Slam+1","Wild Strike","Flex+1","Flame Barrier","Cleave","Power Through","Spot Weakness","Clothesline+1"],"relics":["Burning Blood","ClockworkSouvenir","Boot","Letter Opener","Blue Candle"],"acts_visited":["Exordium"],"potions_floor_usage":[7,16,16],"damage_taken":[{"damage":1,"enemies":"Cultist","floor":1,"turns":4},{"damage":16,"enemies":"Jaw Worm","floor":2,"turns":4},{"damage":18,"enemies":"Gremlin Nob","floor":7,"turns":3},{"damage":32,"enemies":"3 Sentries","floor":11,"turns":7},{"damage":0,"enemies":"2 Louse","floor":12,"turns":1},{"damage":4,"enemies":"Lots of Slimes","floor":13,"turns":3},{"damage":7,"enemies":"Exordium Thugs","floor":14,"turns":3},{"damage":26,"enemies":"The Guardian","floor":16,"turns":10}],"seed_played":"-2354299806054311808","potions_obtained":[{"floor":2,"key":"FearPotion"},{"floor":11,"key":"LiquidBronze"},{"floor":12,"key":"FearPotion"},{"floor":13,"key":"Block Potion"}],"is_trial":false,"path_per_floor":["M","M","?","?","$","R","E","R","T","R","E","M","M","M","R","B"],"character_chosen":"IRONCLAD","items_purchased":["ClockworkSouvenir","Flex"],"campfire_rested":0,"item_purchase_floors":[5,5],"current_hp_per_floor":[80,70,54,54,54,54,42,42,42,42,16,22,24,23,23,0,0],"gold":157,"neow_bonus":"REMOVE_CARD","is_daily":false,"chose_seed":false,"campfire_upgraded":4,"win_rate":0.0,"timestamp":1613216836,"path_taken":["M","M","?","?","$","R","E","R","T","R","E","?","M","M","R","BOSS"],"items_purchased_type":["Relic","Card"],"build_version":"2020-12-22","purchased_purges":0,"victory":false,"max_hp_per_floor":[80,80,80,80,80,80,80,80,80,80,80,80,80,80,80,80,80],"card_choices":[{"not_picked":["Shockwave","Anger"],"picked":"Body Slam","floor":1},{"not_picked":["True Grit","Iron Wave"],"picked":"Wild Strike","floor":2},{"not_picked":["Pommel Strike","Wild Strike"],"picked":"Flame Barrier","floor":7},{"not_picked":["Brutality","Burning Pact"],"picked":"Cleave","floor":11},{"not_picked":["Clothesline","Intimidate"],"picked":"Power Through","floor":12},{"not_picked":["Twin Strike","Wild Strike"],"picked":"Spot Weakness","floor":13},{"not_picked":["Searing Blow","Feel No Pain"],"picked":"Clothesline","floor":14}],"player_experience":744066,"relics_obtained":[{"floor":7,"key":"Boot"},{"floor":9,"key":"Letter Opener"},{"floor":11,"key":"Blue Candle"}],"event_choices":[{"damage_healed":0,"gold_gain":0,"player_choice":"Entered Light","damage_taken":16,"max_hp_gain":0,"max_hp_loss":0,"event_name":"Shining Light","floor":3,"gold_loss":0,"cards_upgraded":["Defend_R","Strike_R"]},{"damage_healed":0,"gold_gain":100,"player_choice":"Pray","damage_taken":0,"max_hp_gain":0,"max_hp_loss":0,"event_name":"Golden Shrine","floor":4,"gold_loss":0}],"is_beta":false,"boss_relics":[],"items_purged_floors":[],"is_endless":false,"potions_floor_spawned":[2,11,12,13],"killed_by":"The Guardian","ascension_level":5}}