{"host":"r6lqs70fdfl5jnjl","time":1613208098,"event":{"mods":["Act Like it!","BaseMod","Minty Spire (QoL Compilation)","StSLib"],"gold_per_floor":[363,363,438,438,450,450,95,95,95,95,129,129,148,148,148,248,248,262,88,106,126,136,136,136,166,166,197,213,213,213,245,245,350,350,367,387,405,405,151,151,151,151,151,151,165,10,45,59,59,59],"floor_reached":51,"language":"ZHS","playtime":2270,"items_purged":["Regret","Strike_R"],"score":758,"play_id":"c7059417-c135-4015-b26e-d815d1e101d6","local_time":"20210213172138","is_ascension_mode":false,"campfire_choices":[{"data":"Inflame","floor":6.0,"key":"SMITH"},{"floor":12.0,"key":"REST"},{"data":"Spot Weakness","floor":15.0,"key":"SMITH"},{"data":"Demon Form","floor":24.0,"key":"SMITH"},{"floor":29.0,"key":"REST"},{"floor":32.0,"key":"REST"},{"data":"Berserk","floor":40.0,"key":"SMITH"},{"data":"Madness","floor":42.0,"key":"SMITH"},{"data":"Shrug It Off","floor":44.0,"key":"SMITH"},{"floor":49,"key":"REST"}],"circlet_count":0,"master_deck":["Strike_R+1","Strike_R+1","Strike_R","Defend_R","Defend_R","Defend_R","Bash","Inflame+1","Spot Weakness+1","Inflame+1","Shrug It Off","Iron Wave","Sword Boomerang","Pommel Strike","Demon Form+1","Thunderclap","Uppercut","Cleave","Twin Strike+1","Warcry","Armaments+1","Shrug It Off+1","Berserk+1","Heavy Blade+1","Twin Strike+1","Cleave+1","Madness+1","Flash of Steel","Jack Of All Trades","Iron Wave+1","Shockwave+1","Heavy Blade"],"relics":["Burning Blood","Ancient Tea Set","Juzu Bracelet","Red Skull","Peace Pipe","Mark of Pain","Red Mask","Bronze Scales","Blood Vial","Nilry\u0027s Codex","Strawberry","Busted Crown","Matryoshka","HornCleat","Kunai","Toolbox","Dream Catcher"],"acts_visited":["Exordium","TheCity","TheBeyond"],"potions_floor_usage":[47,50,50,50],"damage_taken":[{"damage":10.0,"enemies":"Small Slimes","floor":1.0,"turns":4.0},{"damage":8.0,"enemies":"Jaw Worm","floor":5.0,"turns":3.0},{"damage":8.0,"enemies":"Gremlin Nob","floor":11.0,"turns":3.0},{"damage":0.0,"enemies":"2 Louse","floor":13.0,"turns":2.0},{"damage":19.0,"enemies":"Slime Boss","floor":16.0,"turns":5.0},{"damage":0.0,"enemies":"Shell Parasite","floor":18.0,"turns":3.0},{"damage":10.0,"enemies":"Chosen","floor":20.0,"turns":3.0},{"damage":21.0,"enemies":"Snake Plant","floor":21.0,"turns":4.0},{"damage":25.0,"enemies":"Shelled Parasite and Fungi","floor":22.0,"turns":4.0},{"damage":0.0,"enemies":"Slavers","floor":23.0,"turns":1.0},{"damage":29.0,"enemies":"Masked Bandits","floor":25.0,"turns":3.0},{"damage":23.0,"enemies":"Gremlin Leader","floor":27.0,"turns":5.0},{"damage":0.0,"enemies":"Snecko","floor":28.0,"turns":3.0},{"damage":25.0,"enemies":"Book of Stabbing","floor":31.0,"turns":4.0},{"damage":32.0,"enemies":"Automaton","floor":33.0,"turns":6.0},{"damage":7.0,"enemies":"Orb Walker","floor":35.0,"turns":3.0},{"damage":35.0,"enemies":"3 Darklings","floor":36.0,"turns":4.0},{"damage":10.0,"enemies":"Sphere and 2 Shapes","floor":37.0,"turns":5.0},{"damage":0.0,"enemies":"Maw","floor":38.0,"turns":1.0},{"damage":15,"enemies":"3 Darklings","floor":45,"turns":4},{"damage":10,"enemies":"Reptomancer","floor":47,"turns":5},{"damage":9,"enemies":"Jaw Worm Horde","floor":48,"turns":3},{"damage":46,"enemies":"Donu and Deca","floor":50,"turns":4}],"seed_played":"5519547264335393761","potions_obtained":[{"floor":5.0,"key":"Swift Potion"},{"floor":11.0,"key":"Strength Potion"},{"floor":21.0,"key":"SpeedPotion"},{"floor":22.0,"key":"SmokeBomb"},{"floor":25.0,"key":"SmokeBomb"},{"floor":27.0,"key":"EssenceOfSteel"},{"floor":33.0,"key":"EntropicBrew"},{"floor":47,"key":"Explosive Potion"}],"is_trial":false,"path_per_floor":["M","?","?","?","M","R","$","?","T","?","E","R","M","?","R","B",null,"M","$","M","M","M","E","R","?","T","E","M","R","?","E","R","B",null,"M","M","M","M","$","R","?","R","T","R","M","$","E","M","R","B",null],"character_chosen":"IRONCLAD","items_purchased":["Inflame","Juzu Bracelet","Shrug It Off","Uppercut","Matryoshka","Toolbox"],"campfire_rested":4,"item_purchase_floors":[7,7,7,19,39,46],"current_hp_per_floor":[52,36,25,25,23,23,23,23,23,16,14,38,44,44,44,31,80,80,80,76,61,42,48,48,25,25,8,16,40,24,14,40,16,87,86,58,56,64,64,64,54,54,54,54,47,47,45,44,70,32],"gold":59,"neow_bonus":"TWO_FIFTY_GOLD","is_daily":false,"chose_seed":false,"campfire_upgraded":6,"win_rate":0.0,"timestamp":1613208098,"path_taken":["M","?","?","?","M","R","?","?","T","?","E","R","M","?","R","BOSS","M","$","M","M","M","E","R","?","T","E","M","R","?","E","R","BOSS","M","M","M","M","$","R","?","R","T","R","M","$","E","M","R","BOSS"],"items_purchased_type":["Card","Relic","Card","Card","Relic","Relic"],"build_version":"2020-12-22","purchased_purges":2,"victory":true,"max_hp_per_floor":[80,80,80,80,80,80,80,80,80,80,80,80,80,80,80,80,80,80,80,80,80,80,80,80,80,80,80,80,80,80,87,87,87,87,87,87,87,87,87,87,87,87,87,87,87,87,87,87,87,87],"card_choices":[{"not_picked":["Sword Boomerang","Metallicize"],"picked":"Inflame","floor":1.0},{"not_picked":["Infernal Blade","Twin Strike"],"picked":"Spot Weakness","floor":5.0},{"not_picked":["Flex","Pummel"],"picked":"Sword Boomerang","floor":11.0},{"not_picked":["Shrug It Off","Iron Wave"],"picked":"Pommel Strike","floor":13.0},{"not_picked":["Offering","Barricade"],"picked":"Demon Form","floor":16.0},{"not_picked":["Anger+1","Clothesline"],"picked":"Thunderclap","floor":18.0},{"not_picked":["Rampage","Thunderclap+1"],"picked":"Cleave","floor":20.0},{"not_picked":["True Grit","Perfected Strike"],"picked":"Twin Strike+1","floor":21.0},{"not_picked":["True Grit","Sword Boomerang"],"picked":"Warcry","floor":22.0},{"not_picked":["Berserk","Thunderclap"],"picked":"Armaments+1","floor":27.0},{"not_picked":["Flex","Ghostly Armor"],"picked":"Shrug It Off","floor":28.0},{"not_picked":["Body Slam","Sever Soul+1","Anger"],"picked":"SKIP","floor":31.0},{"not_picked":["Brutality","Bludgeon"],"picked":"Berserk","floor":33.0},{"not_picked":[],"picked":"Heavy Blade+1","floor":35.0},{"not_picked":[],"picked":"Twin Strike+1","floor":36.0},{"not_picked":[],"picked":"Cleave+1","floor":37.0},{"not_picked":[],"picked":"Madness","floor":41.0},{"not_picked":[],"picked":"Flash of Steel","floor":41.0},{"not_picked":[],"picked":"Jack Of All Trades","floor":41.0},{"not_picked":[],"picked":"Iron Wave+1","floor":45},{"not_picked":["Berserk"],"picked":"SKIP","floor":47},{"not_picked":["Berserk"],"picked":"SKIP","floor":47},{"not_picked":[],"picked":"Shockwave+1","floor":48},{"not_picked":[],"picked":"Heavy Blade","floor":49}],"player_experience":8552,"relics_obtained":[{"floor":9.0,"key":"Red Skull"},{"floor":11.0,"key":"Peace Pipe"},{"floor":25.0,"key":"Red Mask"},{"floor":26.0,"key":"Bronze Scales"},{"floor":27.0,"key":"Blood Vial"},{"floor":30.0,"key":"Nilry\u0027s Codex"},{"floor":31.0,"key":"Strawberry"},{"floor":43.0,"key":"HornCleat"},{"floor":43.0,"key":"Kunai"},{"floor":47,"key":"Dream Catcher"}],"event_choices":[{"damage_healed":0.0,"max_hp_gain":0.0,"max_hp_loss":0.0,"gold_gain":0.0,"event_name":"Shining Light","player_choice":"Entered Light","floor":2.0,"gold_loss":0.0,"damage_taken":16.0,"cards_upgraded":["Strike_R","Strike_R"]},{"damage_healed":0.0,"max_hp_gain":0.0,"max_hp_loss":0.0,"gold_gain":75.0,"event_name":"World of Goop","player_choice":"Gather Gold","floor":3.0,"gold_loss":0.0,"damage_taken":11.0},{"damage_healed":0.0,"max_hp_gain":0.0,"max_hp_loss":0.0,"gold_gain":0.0,"event_name":"Big Fish","player_choice":"Box","floor":4.0,"gold_loss":0.0,"damage_taken":0.0,"relics_obtained":["Ancient Tea Set"],"cards_obtained":["Regret"]},{"cards_removed":["Strike_R"],"damage_healed":0.0,"max_hp_gain":0.0,"max_hp_loss":0.0,"gold_gain":0.0,"event_name":"NoteForYourself","player_choice":"Took Card","floor":8.0,"gold_loss":0.0,"damage_taken":0.0,"cards_obtained":["Iron Wave"]},{"cards_removed":["Defend_R"],"damage_healed":0.0,"max_hp_gain":0.0,"max_hp_loss":0.0,"gold_gain":0.0,"event_name":"Golden Wing","player_choice":"Card Removal","floor":10.0,"gold_loss":0.0,"damage_taken":7.0},{"damage_healed":0.0,"max_hp_gain":0.0,"max_hp_loss":0.0,"gold_gain":0.0,"event_name":"Living Wall","player_choice":"Grow","floor":14.0,"gold_loss":0.0,"damage_taken":0.0,"cards_upgraded":["Inflame"]},{"damage_healed":0.0,"max_hp_gain":0.0,"max_hp_loss":0.0,"gold_gain":0.0,"event_name":"Masked Bandits","player_choice":"Fought Bandits","floor":25.0,"gold_loss":0.0,"damage_taken":0.0},{"damage_healed":0.0,"max_hp_gain":0.0,"max_hp_loss":0.0,"gold_gain":0.0,"event_name":"Cursed Tome","player_choice":"Obtained Book","floor":30.0,"gold_loss":0.0,"damage_taken":16.0},{"damage_healed":0.0,"max_hp_gain":0.0,"max_hp_loss":0.0,"gold_gain":0.0,"event_name":"SensoryStone","player_choice":"Memory 3","floor":41.0,"gold_loss":0.0,"damage_taken":10.0}],"is_beta":false,"boss_relics":[{"not_picked":["SacredBark","Astrolabe"],"picked":"Mark of Pain"},{"not_picked":["Black Star","Coffee Dripper"],"picked":"Busted Crown"}],"items_purged_floors":[7,19],"is_endless":false,"potions_floor_spawned":[5,11,21,22,25,27,33,38,47],"ascension_level":0}}