{"host":"sc0o2qwpf9j16a4i","time":1613212589,"event":{"mods":["AchievementEnabler","BaseMod","BetterRewards","Block Reminder","Colored Map","Colored Powertips","Custom Start","Highlight Path","Minty Spire (QoL Compilation)","Relic Stats"],"gold_per_floor":[110,125,143,143,5,5,24,24,24,34,62,87,116,146,158,273,285,309,5,22,36,36,69,69,80,80,91,91,120,132,152,152,254,254,270,47,58,76,96,121,121,138,211,211,227,242,242,262,262,262],"floor_reached":51,"language":"ENG","playtime":2522,"items_purged":[],"score":1029,"play_id":"bef9b408-c99d-41bf-a81d-6a3b8356d8da","local_time":"20210213123629","daily_mods":["Shiny","Uncertain Future","DeadlyEvents"],"is_ascension_mode":false,"campfire_choices":[{"data":"Adrenaline","floor":6.0,"key":"SMITH"},{"data":"Wraith Form v2","floor":8.0,"key":"SMITH"},{"data":"After Image","floor":15.0,"key":"SMITH"},{"data":"A Thousand Cuts","floor":24,"key":"SMITH"},{"data":"Apotheosis","floor":28,"key":"SMITH"},{"data":"Malaise","floor":32,"key":"SMITH"},{"data":"Calculated Gamble","floor":44,"key":"SMITH"},{"floor":49,"key":"REST"}],"circlet_count":0,"master_deck":["Venomology+1","Corpse Explosion+1","Malaise+1","Phantasmal Killer+1","Die Die Die+1","Adrenaline+1","Envenom+1","Doppelganger+1","Burst+1","Wraith Form v2+1","Tools of the Trade+1","Night Terror+1","Unload+1","After Image+1","Bullet Time+1","Storm of Steel+1","Glass Knife+1","A Thousand Cuts+1","Grand Finale+1","Backflip+1","Deadly Poison+1","PiercingWail+1","Crippling Poison+1","Tactician+1","Blade Dance+1","Flying Knee+1","Distraction+1","Escape Plan+1","Prepared+1","Cloak And Dagger+1","Apotheosis+1","Calculated Gamble+1","Reflex+1","Footwork+1","Finisher+1","Underhanded Strike+1","Flechettes+1","Quick Slash+1","Terror+1","Caltrops+1","Poisoned Stab+1","Infinite Blades+1","Deflect+1","Dagger Throw+1","Dagger Spray+1","Bane+1","Noxious Fumes+1"],"relics":["Ring of the Snake","Eternal Feather","Mummified Hand","Ancient Tea Set","MawBank","HoveringKite","Lantern","Snake Skull","Molten Egg 2","Orichalcum","Runic Dome","Chemical X","Boot","StrikeDummy","Mark of the Bloom"],"acts_visited":["Exordium","TheCity","TheBeyond"],"potions_floor_usage":[21,23,23,29,30,33,38,38,39,46,46,50,50,50],"damage_taken":[{"damage":0.0,"enemies":"Small Slimes","floor":1.0,"turns":1.0},{"damage":5.0,"enemies":"2 Louse","floor":2.0,"turns":2.0},{"damage":0.0,"enemies":"Cultist","floor":3.0,"turns":2.0},{"damage":7.0,"enemies":"Red Slaver","floor":7.0,"turns":3.0},{"damage":0.0,"enemies":"Looter","floor":10.0,"turns":2.0},{"damage":0.0,"enemies":"3 Sentries","floor":11.0,"turns":4.0},{"damage":0.0,"enemies":"3 Louse","floor":13.0,"turns":1.0},{"damage":4.0,"enemies":"Gremlin Gang","floor":14.0,"turns":4.0},{"damage":0.0,"enemies":"The Guardian","floor":16.0,"turns":9.0},{"damage":0.0,"enemies":"Chosen","floor":18.0,"turns":4.0},{"damage":0,"enemies":"Spheric Guardian","floor":20,"turns":4},{"damage":0,"enemies":"Snecko","floor":21,"turns":5},{"damage":13,"enemies":"Gremlin Leader","floor":23,"turns":5},{"damage":0,"enemies":"Cultist and Chosen","floor":25,"turns":4},{"damage":0,"enemies":"Shelled Parasite and Fungi","floor":27,"turns":2},{"damage":0,"enemies":"Book of Stabbing","floor":29,"turns":5},{"damage":0,"enemies":"Snake Plant","floor":30,"turns":2},{"damage":0,"enemies":"Snecko","floor":31,"turns":3},{"damage":0,"enemies":"Collector","floor":33,"turns":4},{"damage":0,"enemies":"3 Darklings","floor":35,"turns":2},{"damage":0,"enemies":"Orb Walker","floor":37,"turns":2},{"damage":0,"enemies":"Maw","floor":38,"turns":6},{"damage":0,"enemies":"Transient","floor":39,"turns":5},{"damage":10,"enemies":"Nemesis","floor":40,"turns":5},{"damage":0,"enemies":"Sphere and 2 Shapes","floor":42,"turns":2},{"damage":0,"enemies":"3 Darklings","floor":45,"turns":2},{"damage":0,"enemies":"Spire Growth","floor":46,"turns":4},{"damage":0,"enemies":"Maw","floor":48,"turns":2},{"damage":26,"enemies":"Awakened One","floor":50,"turns":10}],"seed_played":"3328725293524706814","potions_obtained":[{"floor":3.0,"key":"Block Potion"},{"floor":16.0,"key":"SkillPotion"},{"floor":27,"key":"CunningPotion"},{"floor":31,"key":"PowerPotion"},{"floor":38,"key":"Poison Potion"}],"is_trial":true,"path_per_floor":["M","M","M","T","$","R","M","R","T","M","E","T","M","M","R","B",null,"M","$","M","M","?","E","R","M","T","M","R","E","M","M","R","B",null,"M","$","M","M","M","E","?","M","T","R","M","M","?","M","R","B",null],"character_chosen":"THE_SILENT","items_purchased":["Crippling Poison","Tactician","Apotheosis","Lantern","Chemical X","Infinite Blades"],"campfire_rested":1,"item_purchase_floors":[5,5,19,19,36,36],"current_hp_per_floor":[70,65,65,65,65,70,63,70,70,70,70,70,70,66,70,70,70,70,70,70,70,70,57,70,70,70,70,70,70,70,70,70,70,70,70,70,70,70,70,60,60,60,60,70,70,70,70,70,70,44],"gold":262,"neow_bonus":"","is_daily":false,"chose_seed":false,"campfire_upgraded":7,"win_rate":0.0,"timestamp":1613212589,"path_taken":["M","M","M","?","$","R","M","R","T","?","E","?","M","M","R","BOSS","M","$","M","M","?","E","R","?","T","M","R","?","M","M","R","BOSS","M","$","M","M","M","E","?","M","T","R","M","?","?","M","R","BOSS"],"items_purchased_type":["Card","Card","Card","Relic","Relic","Card"],"build_version":"2020-12-22","purchased_purges":0,"victory":true,"max_hp_per_floor":[70,70,70,70,70,70,70,70,70,70,70,70,70,70,70,70,70,70,70,70,70,70,70,70,70,70,70,70,70,70,70,70,70,70,70,70,70,70,70,70,70,70,70,70,70,70,70,70,70,70],"relic_stats":{"Mark of the Bloom":63,"counters":[29,106],"Mummified Hand":[131],"HoveringKite":[55],"Eternal Feather":39,"Snake Skull":[147],"Chemical X":[13],"Orichalcum":[6],"MawBank":84,"Boot":[7],"obtain_stats":[{"Lantern":19,"Mark of the Bloom":47,"HoveringKite":17,"Eternal Feather":4,"Snake Skull":23,"Orichalcum":29,"Ancient Tea Set":11,"MawBank":12,"Boot":40,"Runic Dome":34,"Mummified Hand":9,"Molten Egg 2":26,"Chemical X":36,"StrikeDummy":43,"Ring of the Snake":0},{"Lantern":10,"Mark of the Bloom":27,"HoveringKite":9,"Eternal Feather":3,"Snake Skull":13,"Orichalcum":16,"Ancient Tea Set":6,"MawBank":6,"Boot":24,"Runic Dome":19,"Mummified Hand":4,"Molten Egg 2":14,"Chemical X":20,"StrikeDummy":25,"Ring of the Snake":0},{"Lantern":32,"Mark of the Bloom":94,"HoveringKite":28,"Eternal Feather":5,"Snake Skull":46,"Orichalcum":57,"Ancient Tea Set":14,"MawBank":14,"Boot":86,"Runic Dome":66,"Mummified Hand":8,"Molten Egg 2":50,"Chemical X":68,"StrikeDummy":88,"Ring of the Snake":0}],"Ring of the Snake":[58]},"card_choices":[{"not_picked":["Backstab","Acrobatics"],"picked":"Backflip","floor":1.0},{"not_picked":["Acrobatics","Outmaneuver"],"picked":"Deadly Poison","floor":2.0},{"not_picked":["Acrobatics","Slice"],"picked":"PiercingWail","floor":3.0},{"not_picked":["Phantasmal Killer","Bane"],"picked":"Blade Dance","floor":7.0},{"not_picked":["Deadly Poison","Grand Finale"],"picked":"Flying Knee","floor":10.0},{"not_picked":["Slice","Sucker Punch"],"picked":"Distraction","floor":11.0},{"not_picked":["Flying Knee","Bane"],"picked":"Escape Plan","floor":13.0},{"not_picked":["Backstab","Slice"],"picked":"Prepared","floor":14.0},{"not_picked":["Acrobatics","PiercingWail+1"],"picked":"Cloak And Dagger+1","floor":18},{"not_picked":["Finisher","Tactician"],"picked":"Calculated Gamble","floor":20},{"not_picked":["Accuracy","Dodge and Roll"],"picked":"Reflex","floor":21},{"not_picked":["Dodge and Roll+1","Sucker Punch"],"picked":"Finisher","floor":23},{"not_picked":["Cloak And Dagger+1","Outmaneuver+1"],"picked":"Underhanded Strike","floor":25},{"not_picked":["Expertise","Distraction"],"picked":"Flechettes+1","floor":27},{"not_picked":["PiercingWail","Flechettes+1"],"picked":"Quick Slash+1","floor":29},{"not_picked":["Prepared","Crippling Poison"],"picked":"Terror+1","floor":30},{"not_picked":["Poisoned Stab+1","Deadly Poison"],"picked":"Caltrops+1","floor":31},{"not_picked":["Caltrops+1","Cloak And Dagger+1"],"picked":"Poisoned Stab+1","floor":35},{"not_picked":["Backflip","Reflex"],"picked":"Deflect+1","floor":37},{"not_picked":["Escape Plan","Backflip+1"],"picked":"Dagger Throw+1","floor":38},{"not_picked":["Cloak And Dagger+1","Masterful Stab+1"],"picked":"Dagger Spray+1","floor":39},{"not_picked":["Outmaneuver","Backflip"],"picked":"Bane+1","floor":40},{"not_picked":["Deflect","Storm of Steel","Quick Slash+1"],"picked":"SKIP","floor":42},{"not_picked":["Backflip","Dagger Throw+1","Underhanded Strike+1"],"picked":"SKIP","floor":45},{"not_picked":["Deflect","Bouncing Flask"],"picked":"Noxious Fumes+1","floor":46},{"not_picked":["PiercingWail+1","All Out Attack+1","Blade Dance+1"],"picked":"SKIP","floor":48}],"player_experience":1386910,"relics_obtained":[{"floor":4.0,"key":"Eternal Feather"},{"floor":9.0,"key":"Mummified Hand"},{"floor":11.0,"key":"Ancient Tea Set"},{"floor":12.0,"key":"MawBank"},{"floor":23,"key":"Snake Skull"},{"floor":26,"key":"Molten Egg 2"},{"floor":29,"key":"Orichalcum"},{"floor":40,"key":"Boot"},{"floor":43,"key":"StrikeDummy"}],"event_choices":[{"damage_healed":0,"gold_gain":0,"player_choice":"Read","damage_taken":0,"max_hp_gain":0,"max_hp_loss":0,"event_name":"The Library","floor":22,"gold_loss":0,"cards_obtained":["Footwork"]},{"damage_healed":0,"gold_gain":0,"player_choice":"Ignored","damage_taken":0,"max_hp_gain":0,"max_hp_loss":0,"event_name":"SecretPortal","floor":41,"gold_loss":0},{"damage_healed":0,"gold_gain":0,"player_choice":"Upgrade","damage_taken":0,"relics_obtained":["Mark of the Bloom"],"max_hp_gain":0,"max_hp_loss":0,"event_name":"MindBloom","floor":47,"gold_loss":0,"cards_upgraded":["Venomology","Corpse Explosion","Phantasmal Killer","Die Die Die","Envenom","Doppelganger","Burst","Tools of the Trade","Night Terror","Unload","Bullet Time","Storm of Steel","Glass Knife","Grand Finale","Backflip","Deadly Poison","PiercingWail","Crippling Poison","Tactician","Blade Dance","Flying Knee","Distraction","Escape Plan","Prepared","Reflex","Footwork","Finisher","Underhanded Strike","Infinite Blades"]}],"is_beta":false,"boss_relics":[{"not_picked":["Black Star","Philosopher\u0027s Stone"],"picked":"HoveringKite"},{"not_picked":["Velvet Choker","Astrolabe"],"picked":"Runic Dome"}],"items_purged_floors":[],"is_endless":false,"potions_floor_spawned":[3,7,10,14,16,18,21,27,29,31,38,42],"ascension_level":0}}