{"host":"29uuqgkzqd703i93","time":1613255899,"event":{"mods":["BaseMod","Minty Spire (QoL Compilation)"],"gold_per_floor":[110,137,84,84,10,10,92,104,152,162,162,162,193,207,207,304,304,324,324,249,249,266,266,291,305,305,325,325,355,355,369,369,468,468,487,487,538,558,570,570,597,609,609,609,619,645,645,645],"floor_reached":47,"language":"ENG","playtime":2906,"items_purged":[],"score":543,"play_id":"695d7177-e9c8-4587-8e6f-a01ee7f0a892","local_time":"20210213233819","is_ascension_mode":false,"campfire_choices":[{"data":"Deadly Poison","floor":6.0,"key":"SMITH"},{"floor":12.0,"key":"REST"},{"floor":15.0,"key":"REST"},{"data":"Catalyst","floor":23.0,"key":"SMITH"},{"floor":28.0,"key":"REST"},{"floor":30.0,"key":"REST"},{"floor":32.0,"key":"REST"},{"floor":40,"key":"REST"},{"floor":44,"key":"REST"}],"circlet_count":0,"master_deck":["Strike_G+1","Strike_G","Strike_G","Strike_G+1","Defend_G","Defend_G+1","Defend_G","Defend_G","Defend_G","Survivor","Neutralize","Catalyst+1","Deadly Poison+1","Footwork","Bane+1","Catalyst","Backflip","Distraction","Die Die Die","Noxious Fumes+1","Poisoned Stab","Leg Sweep","Dodge and Roll","Caltrops","Crippling Poison","Dodge and Roll","Poisoned Stab+1","A Thousand Cuts","All Out Attack+1","Dash+1","Parasite","Acrobatics","Dodge and Roll","Blur+1","Crippling Poison"],"relics":["Ring of the Snake","Tiny Chest","Art of War","Bottled Lightning","Whetstone","MealTicket","Black Star","Anchor","Happy Flower","Sundial","Molten Egg 2","Kunai","Pen Nib","SlaversCollar","Orichalcum","Strawberry","Blood Vial","HornCleat","Bag of Preparation"],"acts_visited":["Exordium","TheCity","TheBeyond"],"potions_floor_usage":[39,47],"damage_taken":[{"damage":1.0,"enemies":"Cultist","floor":1.0,"turns":4.0},{"damage":15.0,"enemies":"Small Slimes","floor":8.0,"turns":3.0},{"damage":4.0,"enemies":"Jaw Worm","floor":10.0,"turns":3.0},{"damage":23.0,"enemies":"3 Sentries","floor":13.0,"turns":10.0},{"damage":2.0,"enemies":"2 Fungi Beasts","floor":14.0,"turns":4.0},{"damage":18.0,"enemies":"Hexaghost","floor":16.0,"turns":8.0},{"damage":11.0,"enemies":"Chosen","floor":18.0,"turns":5.0},{"damage":10.0,"enemies":"Spheric Guardian","floor":22.0,"turns":5.0},{"damage":3.0,"enemies":"Gremlin Leader","floor":24.0,"turns":4.0},{"damage":19.0,"enemies":"Snake Plant","floor":25.0,"turns":5.0},{"damage":9.0,"enemies":"Cultist and Chosen","floor":27.0,"turns":5.0},{"damage":18.0,"enemies":"Book of Stabbing","floor":29.0,"turns":7.0},{"damage":2.0,"enemies":"Shelled Parasite and Fungi","floor":31.0,"turns":3.0},{"damage":36.0,"enemies":"Collector","floor":33.0,"turns":7.0},{"damage":26,"enemies":"3 Darklings","floor":35,"turns":6},{"damage":7,"enemies":"Orb Walker","floor":38,"turns":3},{"damage":11,"enemies":"Writhing Mass","floor":39,"turns":6},{"damage":26,"enemies":"Maw","floor":42,"turns":7},{"damage":11,"enemies":"3 Darklings","floor":45,"turns":5},{"damage":43,"enemies":"Nemesis","floor":46,"turns":7},{"damage":14,"enemies":"Spire Growth","floor":47,"turns":3}],"seed_played":"-1276710308369677865","potions_obtained":[{"floor":1.0,"key":"Explosive Potion"},{"floor":14.0,"key":"Weak Potion"},{"floor":16.0,"key":"BlessingOfTheForge"},{"floor":24.0,"key":"AttackPotion"},{"floor":31.0,"key":"Block Potion"},{"floor":33.0,"key":"BlessingOfTheForge"},{"floor":38,"key":"SkillPotion"},{"floor":39,"key":"PowerPotion"}],"is_trial":false,"path_per_floor":["M","T","$","?","$","R","T","M","T","M","?","R","E","M","R","B",null,"M","?","?","T","M","R","E","M","T","M","R","E","R","M","R","B",null,"M","?","T","M","M","R","T","M","T","R","M","E","M"],"character_chosen":"THE_SILENT","items_purchased":["Deadly Poison","Footwork"],"campfire_rested":7,"item_purchase_floors":[3,5],"current_hp_per_floor":[69,69,69,74,74,74,74,59,59,55,40,62,39,37,59,41,75,64,64,64,64,54,54,51,32,32,23,45,27,49,47,69,33,75,49,49,49,42,31,53,60,34,34,58,49,8,0,0],"gold":645,"neow_bonus":"RANDOM_COMMON_RELIC","is_daily":false,"chose_seed":false,"campfire_upgraded":2,"win_rate":0.0,"timestamp":1613255899,"path_taken":["M","?","?","?","$","R","?","M","T","M","?","R","E","M","R","BOSS","M","?","?","?","M","R","E","M","T","M","R","E","R","?","R","BOSS","M","?","?","M","M","R","?","M","T","R","?","E","M"],"items_purchased_type":["Card","Card"],"build_version":"2020-12-22","purchased_purges":0,"victory":false,"max_hp_per_floor":[70,70,70,75,75,75,75,75,75,75,75,75,75,75,75,75,75,75,75,75,75,75,75,75,75,75,75,75,75,75,75,75,75,75,75,75,75,75,75,75,82,82,82,82,82,82,82,82],"card_choices":[{"not_picked":["Dagger Throw","Blade Dance"],"picked":"Catalyst","floor":1.0},{"not_picked":["Deflect","Backflip"],"picked":"Bane","floor":8.0},{"not_picked":["Infinite Blades","Flechettes"],"picked":"Catalyst","floor":10.0},{"not_picked":["Phantasmal Killer","Accuracy"],"picked":"Backflip","floor":13.0},{"not_picked":["Prepared","Sucker Punch"],"picked":"Distraction","floor":14.0},{"not_picked":["Grand Finale","Storm of Steel"],"picked":"Die Die Die","floor":16.0},{"not_picked":["Expertise+1","Choke+1"],"picked":"Noxious Fumes+1","floor":18.0},{"not_picked":["Outmaneuver","Acrobatics+1"],"picked":"Leg Sweep","floor":22.0},{"not_picked":["Choke","Finisher"],"picked":"Dodge and Roll","floor":24.0},{"not_picked":["Quick Slash","Deadly Poison"],"picked":"Caltrops","floor":25.0},{"not_picked":["Die Die Die+1","Acrobatics"],"picked":"Crippling Poison","floor":27.0},{"not_picked":["Backstab+1","Sucker Punch+1"],"picked":"Dodge and Roll","floor":29.0},{"not_picked":["Deadly Poison","Backflip+1"],"picked":"Poisoned Stab+1","floor":31.0},{"not_picked":["Phantasmal Killer","Doppelganger"],"picked":"A Thousand Cuts","floor":33.0},{"not_picked":["Quick Slash+1","Distraction"],"picked":"All Out Attack+1","floor":35},{"not_picked":["Terror","Accuracy+1"],"picked":"Dash+1","floor":38},{"not_picked":["Eviscerate+1","Cloak And Dagger+1"],"picked":"Acrobatics","floor":39},{"not_picked":["Masterful Stab+1","Acrobatics+1"],"picked":"Dodge and Roll","floor":42},{"not_picked":["Reflex","Outmaneuver+1"],"picked":"Blur+1","floor":45},{"not_picked":["Prepared","Adrenaline"],"picked":"Crippling Poison","floor":46}],"player_experience":86868,"relics_obtained":[{"floor":2.0,"key":"Art of War"},{"floor":7.0,"key":"Bottled Lightning"},{"floor":9.0,"key":"Whetstone"},{"floor":13.0,"key":"MealTicket"},{"floor":21.0,"key":"Anchor"},{"floor":24.0,"key":"Happy Flower"},{"floor":24.0,"key":"Sundial"},{"floor":26.0,"key":"Molten Egg 2"},{"floor":29.0,"key":"Kunai"},{"floor":29.0,"key":"Pen Nib"},{"floor":37,"key":"Orichalcum"},{"floor":41,"key":"Strawberry"},{"floor":43,"key":"Blood Vial"},{"floor":46,"key":"HornCleat"},{"floor":46,"key":"Bag of Preparation"}],"event_choices":[{"damage_healed":0.0,"max_hp_gain":5.0,"max_hp_loss":0.0,"gold_gain":0.0,"event_name":"Big Fish","player_choice":"Donut","floor":4.0,"gold_loss":0.0,"damage_taken":0.0},{"damage_healed":0.0,"max_hp_gain":0.0,"max_hp_loss":0.0,"gold_gain":0.0,"event_name":"Shining Light","player_choice":"Entered Light","floor":11.0,"gold_loss":0.0,"damage_taken":15.0,"cards_upgraded":["Defend_G","Strike_G"]},{"damage_healed":0.0,"max_hp_gain":0.0,"max_hp_loss":0.0,"gold_gain":0.0,"event_name":"The Library","player_choice":"Read","floor":19.0,"gold_loss":0.0,"damage_taken":0.0,"cards_obtained":["Poisoned Stab"]},{"cards_removed":["Strike_G"],"damage_healed":0.0,"max_hp_gain":0.0,"max_hp_loss":0.0,"gold_gain":0.0,"event_name":"Beggar","player_choice":"Gave Gold","floor":20.0,"gold_loss":75.0,"damage_taken":0.0},{"damage_healed":0,"gold_gain":0,"player_choice":"Ignored","damage_taken":0,"max_hp_gain":0,"max_hp_loss":0,"event_name":"Tomb of Lord Red Mask","floor":36,"gold_loss":0}],"is_beta":false,"boss_relics":[{"not_picked":["Cursed Key","Pandora\u0027s Box"],"picked":"Black Star"},{"not_picked":["Runic Dome","Velvet Choker"],"picked":"SlaversCollar"}],"items_purged_floors":[],"is_endless":false,"potions_floor_spawned":[1,14,16,18,24,27,31,33,38,39,46],"killed_by":"Spire Growth","ascension_level":0}}