{"host":"J","time":1613209731,"event":{"mods":["BaseMod","Minty Spire (QoL Compilation)","Reliquary","StSLib","The Marked"],"gold_per_floor":[110,129,142,41,51,51,79,95,95,370,381,381,96,127,127,200,200,215,233,250,70,82,108,128,128,128,128,163,180,55,55,55],"floor_reached":31,"language":"ENG","playtime":961,"items_purged":["Regret","Strike_P","Strike_P"],"score":588,"play_id":"f1aebf9f-5672-4edc-a59b-69df111425d2","local_time":"20210213104851","is_ascension_mode":true,"campfire_choices":[{"data":"Adaptation","floor":6.0,"key":"SMITH"},{"data":"CrushJoints","floor":12.0,"key":"SMITH"},{"data":"Vault","floor":15.0,"key":"SMITH"},{"data":"Wallop","floor":25.0,"key":"SMITH"},{"floor":27.0,"key":"REST"}],"circlet_count":0,"master_deck":["AscendersBane","Strike_P","Strike_P","Defend_P","Defend_P","Defend_P","Defend_P","Eruption+1","Vigilance","FearNoEvil","FlyingSleeves","Adaptation+1","CrushJoints+1","ThirdEye","Consecrate","Indignation","EmptyFist","Sanctity","ThirdEye","Vault+1","Blasphemy","FearNoEvil","ThirdEye+1","Wallop+1","WindmillStrike","SashWhip+1","Halt+1","FlurryOfBlows+1","EmptyBody"],"relics":["PureWater","Vajra","Yang","Potion Belt","Pen Nib","VioletLotus","Molten Egg 2","Shuriken","Red Mask"],"acts_visited":["TheCity"],"potions_floor_usage":[28,31],"damage_taken":[{"damage":0.0,"enemies":"Cultist","floor":1.0,"turns":4.0},{"damage":1.0,"enemies":"2 Louse","floor":2.0,"turns":2.0},{"damage":4.0,"enemies":"Small Slimes","floor":3.0,"turns":3.0},{"damage":16.0,"enemies":"3 Louse","floor":5.0,"turns":2.0},{"damage":0.0,"enemies":"Gremlin Nob","floor":7.0,"turns":2.0},{"damage":0.0,"enemies":"Large Slime","floor":8.0,"turns":2.0},{"damage":0.0,"enemies":"Lots of Slimes","floor":11.0,"turns":2.0},{"damage":8.0,"enemies":"Lagavulin","floor":14.0,"turns":4.0},{"damage":14.0,"enemies":"Hexaghost","floor":16.0,"turns":8.0},{"damage":0.0,"enemies":"Chosen","floor":18.0,"turns":2.0},{"damage":1.0,"enemies":"Spheric Guardian","floor":19.0,"turns":4.0},{"damage":0.0,"enemies":"3 Cultists","floor":20.0,"turns":5.0},{"damage":7.0,"enemies":"Snecko","floor":22.0,"turns":5.0},{"damage":21.0,"enemies":"Gremlin Leader","floor":23.0,"turns":6.0},{"damage":18.0,"enemies":"Snake Plant","floor":24.0,"turns":4.0},{"damage":0,"enemies":"Masked Bandits","floor":28,"turns":1},{"damage":32,"enemies":"Shelled Parasite and Fungi","floor":29,"turns":5},{"damage":11,"enemies":"Cultist and Chosen","floor":31,"turns":4}],"seed_played":"4612550441195843645","potions_obtained":[{"floor":1.0,"key":"DistilledChaos"},{"floor":11.0,"key":"EntropicBrew"},{"floor":16.0,"key":"Fruit Juice"},{"floor":20.0,"key":"FearPotion"},{"floor":22.0,"key":"Explosive Potion"},{"floor":24.0,"key":"Swift Potion"},{"floor":29,"key":"PowerPotion"}],"is_trial":false,"path_per_floor":["M","M","M","$","M","R","E","M","T","?","M","R","$","E","R","B",null,"M","M","M","$","M","E","M","R","T","R","?","M","$","M"],"character_chosen":"WATCHER","items_purchased":["CrushJoints","ThirdEye","Potion Belt","ThirdEye","Wallop"],"campfire_rested":1,"item_purchase_floors":[4,4,13,13,21],"current_hp_per_floor":[61,60,56,56,40,40,40,40,40,40,40,40,40,32,32,23,61,61,60,60,60,53,32,14,14,14,35,35,3,3,0,0],"gold":55,"neow_bonus":"UPGRADE_CARD","is_daily":false,"chose_seed":false,"campfire_upgraded":4,"win_rate":0.0,"timestamp":1613209731,"path_taken":["M","?","M","$","M","R","E","M","T","?","?","R","$","E","R","BOSS","M","M","M","$","M","E","M","R","T","R","?","M","$","M"],"items_purchased_type":["Card","Card","Relic","Card","Card"],"build_version":"2020-12-18","purchased_purges":3,"victory":false,"max_hp_per_floor":[68,68,68,68,68,68,68,68,68,68,68,68,68,68,68,73,73,73,73,73,73,73,73,73,73,73,73,73,73,73,73,73],"card_choices":[{"not_picked":["FlyingSleeves","SashWhip"],"picked":"FearNoEvil","floor":1.0},{"not_picked":["Crescendo","Study"],"picked":"FlyingSleeves","floor":2.0},{"not_picked":["Evaluate","Nirvana"],"picked":"Adaptation","floor":3.0},{"not_picked":["MasterReality","WreathOfFlame"],"picked":"Consecrate","floor":5.0},{"not_picked":["EmptyMind","Nirvana"],"picked":"Indignation","floor":7.0},{"not_picked":["Crescendo","JustLucky"],"picked":"EmptyFist","floor":8.0},{"not_picked":["EmptyBody","Consecrate"],"picked":"Sanctity","floor":11.0},{"not_picked":["SashWhip","FollowUp"],"picked":"Vault","floor":14.0},{"not_picked":["Scrawl","Wish"],"picked":"Blasphemy","floor":16.0},{"not_picked":["SashWhip+1","Crescendo"],"picked":"FearNoEvil","floor":18.0},{"not_picked":["ClearTheMind","ThirdEye","EmptyBody"],"picked":"SKIP","floor":19.0},{"not_picked":["FlyingSleeves","SashWhip"],"picked":"ThirdEye+1","floor":20.0},{"not_picked":["Crescendo","CutThroughFate"],"picked":"WindmillStrike","floor":22.0},{"not_picked":["ForeignInfluence+1","MentalFortress"],"picked":"SashWhip+1","floor":23.0},{"not_picked":["ThirdEye","Ragnarok+1"],"picked":"Halt+1","floor":24.0},{"not_picked":["JustLucky+1","PathToVictory"],"picked":"FlurryOfBlows+1","floor":28},{"not_picked":["FollowUp+1","PathToVictory"],"picked":"EmptyBody","floor":29}],"player_experience":1259254,"relics_obtained":[{"floor":7.0,"key":"Vajra"},{"floor":9.0,"key":"Yang"},{"floor":14.0,"key":"Pen Nib"},{"floor":23.0,"key":"Molten Egg 2"},{"floor":26.0,"key":"Shuriken"},{"floor":28,"key":"Red Mask"}],"event_choices":[{"damage_healed":0.0,"max_hp_gain":0.0,"max_hp_loss":0.0,"gold_gain":275.0,"event_name":"Golden Shrine","player_choice":"Desecrate","floor":10.0,"gold_loss":0.0,"damage_taken":0.0,"cards_obtained":["Regret"]},{"damage_healed":0,"gold_gain":0,"player_choice":"Fought Bandits","damage_taken":0,"max_hp_gain":0,"max_hp_loss":0,"event_name":"Masked Bandits","floor":28,"gold_loss":0}],"is_beta":true,"boss_relics":[{"not_picked":["Runic Pyramid","Pandora\u0027s Box"],"picked":"VioletLotus"}],"items_purged_floors":[13,21,30],"is_endless":false,"potions_floor_spawned":[1,11,14,16,20,22,24,29],"killed_by":"Cultist and Chosen","ascension_level":20}}