{"host":"usru02jcpe2a942d","time":1613205599,"event":{"mods":["Act Like it!","BaseMod","Colored Powertips","Downfall","GifTheSpireLib","Highlight Path","Hubris","Infinite Spire","Minty Spire (QoL Compilation)","MostiFishMod","Quick Restart","Relic Stats","RumiaBox-露米娅的神秘盒子","StSLib","Waifu the Spire","[IsaacMod]以撒尖塔","noobMod","【遗物卡牌】REMEMod","篝火指南"],"gold_per_floor":[99,114,176,190,190,200,272,72,101,120,140,159,17,17,37,133,183,183,202,202,202,202,202,202],"floor_reached":22,"language":"ZHS","playtime":868,"items_purged":["Guardian:Strike_Guardian"],"score":286,"play_id":"4660f964-e20e-45b4-a47a-b2313ee01b6c","local_time":"20210213163959","is_ascension_mode":false,"campfire_choices":[{"floor":1.0,"key":"RECALL"},{"data":"hubris:EnhanceAbility","floor":8.0,"key":"SMITH"},{"data":"Guardian:Suspension","floor":18,"key":"SMITH"}],"circlet_count":0,"master_deck":["Guardian:Strike_Guardian","Guardian:Strike_Guardian","Guardian:Strike_Guardian","Guardian:Defend_Guardian+1","Guardian:Defend_Guardian","Guardian:Defend_Guardian","Guardian:Defend_Guardian","Guardian:CurlUp","Guardian:TwinSlam","hubris:EnhanceAbility+1","Guardian:FloatingOrbs","Guardian:FloatingOrbs","Guardian:SentryBeam","Guardian:DonusPower","Guardian:Gem_White","Guardian:Suspension+1","Guardian:Gem_Red","Guardian:ChargeUp","Guardian:ChargeUp","Guardian:Gem_Cyan","Guardian:TimeSifter","Guardian:PiercingHide","Guardian:Gem_White","Guardian:Gem_White","Guardian:Gem_Crimson","Guardian:Gem_White","Guardian:Gem_Red","Guardian:Gem_Synthetic","Guardian:Gem_Fragmented","Guardian:FloatingOrbs","Guardian:FastForward","RitualDagger"],"relics":["Guardian:ModeShifter","REME_ComplimentaryCards","DaveBox","ice","HushsDoor","ChiXiaoBlade","GuppysHead","Prayer Wheel","Darkstone Periapt","downfall:HeartBlessingRed","downfall:HeartBlessingBlue","GodSword1","Tiny House","GuppysCollar","SynthV:C4"],"acts_visited":["Exordium","TheCity"],"potions_floor_usage":[],"damage_taken":[{"damage":5.0,"enemies":"Cultist","floor":2.0,"turns":4.0},{"damage":8.0,"enemies":"Gremlin Nob","floor":3.0,"turns":4.0},{"damage":4.0,"enemies":"2 Louse","floor":4.0,"turns":3.0},{"damage":0.0,"enemies":"Small Slimes","floor":6.0,"turns":3.0},{"damage":0.0,"enemies":"Lagavulin","floor":9.0,"turns":3.0},{"damage":0.0,"enemies":"3 Louse","floor":10.0,"turns":2.0},{"damage":0.0,"enemies":"Exordium Wildlife","floor":11.0,"turns":3.0},{"damage":1.0,"enemies":"Blue Slaver","floor":12.0,"turns":3.0},{"damage":2.0,"enemies":"downfall:FleeingMerchant","floor":13.0,"turns":4.0},{"damage":13.0,"enemies":"Red Slaver","floor":15.0,"turns":2.0},{"damage":0.0,"enemies":"WA_ARCHETYPE_RETAIN","floor":16.0,"turns":4.0},{"damage":2,"enemies":"Spheric Guardian","floor":19,"turns":3},{"damage":6,"enemies":"Chosen","floor":22,"turns":1}],"seed_played":"-1711579918176927144","potions_obtained":[{"floor":2.0,"key":"PowerPotion"},{"floor":4.0,"key":"DistilledChaos"},{"floor":6.0,"key":"Fire Potion"},{"floor":15.0,"key":"Fruit Juice"},{"floor":16.0,"key":"Swift Potion"},{"floor":17,"key":"Fire Potion"}],"is_trial":false,"path_per_floor":["R","M","?","M","T","M","T","R","E","M","M","M","$","?","M","B",null,"R","M","?","?","M"],"character_chosen":"GUARDIAN","items_purchased":["Guardian:PiercingHide","Damocles","GuppysCollar"],"campfire_rested":0,"item_purchase_floors":[13,17,17],"current_hp_per_floor":[88,83,75,71,71,71,71,81,81,81,81,80,78,30,22,22,85,85,83,77,77,0,0,0],"gold":202,"neow_bonus":"TEN_PERCENT_HP_BONUS","is_daily":false,"chose_seed":false,"campfire_upgraded":2,"win_rate":0.0,"timestamp":1613205599,"path_taken":["R","M","?","M","?","M","T","R","E","M","M","?","?","?","M","BOSS","R","M","?","?","M"],"items_purchased_type":["Card","Relic","Relic"],"build_version":"2020-12-22","purchased_purges":1,"victory":false,"max_hp_per_floor":[88,88,88,88,88,88,88,98,98,98,98,98,98,98,103,103,85,85,85,85,85,85,85,85],"relic_stats":{"Darkstone Periapt":0,"counters":[13,39],"Prayer Wheel":7,"obtain_stats":[{"KeepersGift":0,"Darkstone Periapt":5,"Damocles":17,"Tiny House":17,"DaveBox":0,"downfall:HeartBlessingRed":8,"Guardian:ModeShifter":0,"ice":0,"SynthV:C4":19,"downfall:HeartBlessingBlue":8,"ChiXiaoBlade":0,"Prayer Wheel":3,"GuppysHead":0,"HushsDoor":0,"GuppysCollar":17,"REME_ComplimentaryCards":0,"GodSword1":9},{"KeepersGift":0,"Darkstone Periapt":3,"Damocles":11,"Tiny House":11,"DaveBox":0,"downfall:HeartBlessingRed":4,"Guardian:ModeShifter":0,"ice":0,"SynthV:C4":12,"downfall:HeartBlessingBlue":4,"ChiXiaoBlade":0,"Prayer Wheel":2,"GuppysHead":0,"HushsDoor":0,"GuppysCollar":11,"REME_ComplimentaryCards":0,"GodSword1":5},{"KeepersGift":0,"Darkstone Periapt":11,"Damocles":35,"Tiny House":35,"DaveBox":0,"downfall:HeartBlessingRed":14,"Guardian:ModeShifter":0,"ice":0,"SynthV:C4":38,"downfall:HeartBlessingBlue":14,"ChiXiaoBlade":0,"Prayer Wheel":8,"GuppysHead":0,"HushsDoor":0,"GuppysCollar":35,"REME_ComplimentaryCards":0,"GodSword1":17}]},"card_choices":[{"not_picked":["Guardian:DecasProtection","Guardian:Reroute"],"picked":"Guardian:FloatingOrbs","floor":2.0},{"not_picked":["Guardian:Gem_Lightblue","Guardian:Incinerate"],"picked":"Guardian:FloatingOrbs","floor":3.0},{"not_picked":["Guardian:PrismaticBarrier","Guardian:PiercingHide"],"picked":"Guardian:Gem_Green","floor":4.0},{"not_picked":["Guardian:RollAttack","Guardian:WalkerClaw","Guardian:ShieldSpikes"],"picked":"SKIP","floor":4.0},{"not_picked":["Guardian:FuturePlans","Guardian:ChargeUp"],"picked":"Guardian:SentryBeam","floor":6.0},{"not_picked":["Guardian:BronzeOrb","Guardian:Gem_Lightblue"],"picked":"Guardian:Gem_Orange","floor":6.0},{"not_picked":["Guardian:PiercingHide","Guardian:EvasiveProtocol"],"picked":"Guardian:DonusPower","floor":9.0},{"not_picked":["Guardian:Incinerate","Guardian:Gem_Cyan"],"picked":"Guardian:Gem_White","floor":10.0},{"not_picked":["Guardian:TemporalShield","Guardian:PiercingHide"],"picked":"Guardian:Suspension","floor":10.0},{"not_picked":["Guardian:Gem_Blue","Guardian:Orbwalk"],"picked":"Guardian:Gem_Red","floor":11.0},{"not_picked":["Guardian:Emergency","Guardian:Recover"],"picked":"Guardian:ChargeUp","floor":11.0},{"not_picked":["Guardian:PrismaticBeam","Guardian:VentSteam"],"picked":"Guardian:ChargeUp","floor":12.0},{"not_picked":["Guardian:TemporalShield","Guardian:SphericShield"],"picked":"Guardian:Gem_Cyan","floor":12.0},{"not_picked":["Guardian:ChargeCore","Guardian:GuardianWhirl"],"picked":"Guardian:TimeSifter","floor":13.0},{"not_picked":["Guardian:MultiBeam","Guardian:VentSteam"],"picked":"Guardian:FloatingOrbs","floor":15.0},{"not_picked":["Guardian:TemporalShield","Guardian:WalkerClaw"],"picked":"Guardian:Gem_Orange","floor":15.0},{"not_picked":["Guardian:HyperBeam_Guardian","Guardian:ConstructionForm"],"picked":"Guardian:FastForward","floor":16.0},{"not_picked":["Guardian:Gem_Yellow","Guardian:ChargeCore","Guardian:PiercingHide"],"picked":"SKIP","floor":19},{"not_picked":["Guardian:TemporalShield","Guardian:ChargeCore","Guardian:PrimingBeam"],"picked":"SKIP","floor":19}],"player_experience":345303,"relics_obtained":[{"floor":3.0,"key":"Prayer Wheel"},{"floor":5.0,"key":"Darkstone Periapt"},{"floor":9.0,"key":"GodSword1"},{"floor":19,"key":"SynthV:C4"}],"event_choices":[{"damage_healed":0,"gold_gain":0,"player_choice":"Ignored","damage_taken":0,"max_hp_gain":0,"max_hp_loss":0,"event_name":"Vampires","floor":21,"gold_loss":0}],"is_beta":false,"boss_relics":[{"not_picked":["EE1DDrone","hubris:VirtuousBlindfold"],"picked":"Tiny House"},{"not_picked":[]}],"items_purged_floors":[13],"is_endless":false,"potions_floor_spawned":[2,4,6,15,16],"killed_by":"Chosen","ascension_level":0}}