{"host":"8is2j71l4wmybkoi","time":1613220796,"event":{"mods":["AchievementEnabler","BaseMod","Colored Map","DeckTracker","Minty Spire (QoL Compilation)","Rare Cards Sparkle","Relic Stats","StSLib","SuperFastMode"],"gold_per_floor":[114,114,131,155,167,198,198,230,298,323,338,338,354,60,60,131,181,195,82,102,122,122,122,150,150,150,168,197,197,217,246,246,323,323,335,335,156,169,186,215,215,243,266,299,299,325,339,352,352,352,352,352,79,107,107],"floor_reached":56,"language":"KOR","playtime":3130,"items_purged":["Strike_B","Strike_B","Strike_B"],"score":2270,"play_id":"e3c48228-2cef-4554-b176-32081a835bb7","local_time":"20210213215316","is_ascension_mode":true,"campfire_choices":[{"data":"Zap","floor":7.0,"key":"SMITH"},{"data":"Tempest","floor":12.0,"key":"SMITH"},{"data":"Go for the Eyes","floor":15.0,"key":"SMITH"},{"data":"Seek","floor":23.0,"key":"SMITH"},{"data":"Recycle","floor":25.0,"key":"SMITH"},{"data":"Double Energy","floor":29.0,"key":"SMITH"},{"data":"Heatsinks","floor":32.0,"key":"SMITH"},{"data":"Defragment","floor":41.0,"key":"SMITH"},{"data":"Coolheaded","floor":45.0,"key":"SMITH"},{"floor":49.0,"key":"RECALL"},{"data":"Skim","floor":52.0,"key":"SMITH"}],"circlet_count":0,"master_deck":["AscendersBane","Strike_B+1","Defend_B","Defend_B","Defend_B","Zap+1","Dualcast","Leap","Cold Snap+1","Self Repair","Tempest+1","White Noise+1","Sweeping Beam","Seek+1","Go for the Eyes+1","Echo Form","Coolheaded+1","Recycle+1","Double Energy+1","Heatsinks+1","Glacier+1","Stack+1","Compile Driver+1","Hologram+1","Machine Learning","Loop","Defragment+1","Compile Driver","Skim+1","Double Energy","Core Surge","Turbo+1"],"relics":["Cracked Core","Nunchaku","Art of War","Toy Ornithopter","DataDisk","Mummified Hand","Centennial Puzzle","Ice Cream","Tiny House","TungstenRod","Letter Opener","Bag of Preparation","War Paint","Nuclear Battery","Dream Catcher","Whetstone","Thread and Needle","PreservedInsect","Bronze Scales","Pen Nib"],"acts_visited":["Exordium","TheCity","TheBeyond","TheEnding"],"potions_floor_usage":[55],"damage_taken":[{"damage":0.0,"enemies":"Small Slimes","floor":1.0,"turns":3.0},{"damage":4.0,"enemies":"Jaw Worm","floor":3.0,"turns":4.0},{"damage":0.0,"enemies":"2 Louse","floor":5.0,"turns":3.0},{"damage":3.0,"enemies":"Lagavulin","floor":6.0,"turns":7.0},{"damage":36.0,"enemies":"Gremlin Nob","floor":8.0,"turns":4.0},{"damage":1.0,"enemies":"Lagavulin","floor":10.0,"turns":5.0},{"damage":13.0,"enemies":"Blue Slaver","floor":11.0,"turns":2.0},{"damage":0.0,"enemies":"Exordium Thugs","floor":13.0,"turns":3.0},{"damage":11.0,"enemies":"The Guardian","floor":16.0,"turns":11.0},{"damage":16.0,"enemies":"Shell Parasite","floor":18.0,"turns":4.0},{"damage":6.0,"enemies":"Chosen","floor":20.0,"turns":6.0},{"damage":24.0,"enemies":"Snake Plant","floor":21.0,"turns":3.0},{"damage":16.0,"enemies":"Book of Stabbing","floor":24.0,"turns":5.0},{"damage":9.0,"enemies":"Centurion and Healer","floor":27.0,"turns":3.0},{"damage":6.0,"enemies":"Gremlin Leader","floor":28.0,"turns":4.0},{"damage":0.0,"enemies":"Shelled Parasite and Fungi","floor":30.0,"turns":4.0},{"damage":13.0,"enemies":"Slavers","floor":31.0,"turns":3.0},{"damage":0.0,"enemies":"Automaton","floor":33.0,"turns":5.0},{"damage":0.0,"enemies":"3 Darklings","floor":35.0,"turns":2.0},{"damage":0.0,"enemies":"3 Shapes","floor":38.0,"turns":2.0},{"damage":0.0,"enemies":"Jaw Worm Horde","floor":39.0,"turns":2.0},{"damage":0.0,"enemies":"Reptomancer","floor":40.0,"turns":5.0},{"damage":0.0,"enemies":"Nemesis","floor":42.0,"turns":5.0},{"damage":0.0,"enemies":"Reptomancer","floor":44.0,"turns":6.0},{"damage":0.0,"enemies":"Transient","floor":47.0,"turns":5.0},{"damage":0.0,"enemies":"Sphere and 2 Shapes","floor":48.0,"turns":2.0},{"damage":22.0,"enemies":"Time Eater","floor":50.0,"turns":11.0},{"damage":4.0,"enemies":"Shield and Spear","floor":54.0,"turns":2.0},{"damage":26,"enemies":"The Heart","floor":55,"turns":7}],"seed_played":"-7593034812785579256","potions_obtained":[{"floor":5.0,"key":"BlessingOfTheForge"},{"floor":6.0,"key":"Fire Potion"},{"floor":10.0,"key":"Explosive Potion"},{"floor":13.0,"key":"ColorlessPotion"},{"floor":16.0,"key":"PotionOfCapacity"},{"floor":17.0,"key":"FairyPotion"},{"floor":18.0,"key":"Block Potion"},{"floor":21.0,"key":"Regen Potion"},{"floor":30.0,"key":"SpeedPotion"},{"floor":39.0,"key":"DuplicationPotion"}],"is_trial":false,"path_per_floor":["M","?","M","T","M","E","R","E","T","E","M","R","M","$","R","B",null,"M","$","M","M","?","R","E","R","T","M","E","R","M","E","R","B",null,"M","?","$","M","M","E","R","E","T","E","R","T","M","M","R","B",null,"R","$","E","B",null],"character_chosen":"DEFECT","items_purchased":["Ice Cream","Double Energy","Defragment","Bronze Scales"],"campfire_rested":0,"item_purchase_floors":[14,19,37,53],"current_hp_per_floor":[64,57,53,53,53,57,57,33,33,39,33,33,40,40,40,36,67,65,65,71,54,54,54,64,64,64,62,63,63,70,64,64,71,75,75,75,75,76,76,76,76,76,76,76,76,76,76,76,76,68,74,74,74,76,57],"gold":107,"neow_bonus":"RANDOM_COMMON_RELIC","is_daily":false,"chose_seed":false,"campfire_upgraded":10,"win_rate":0.0,"timestamp":1613220796,"path_taken":["M","?","M","?","M","E","R","E","T","E","M","R","M","$","R","BOSS","M","$","M","M","?","R","E","R","T","M","E","R","M","E","R","BOSS","M","?","$","M","M","E","R","E","T","E","R","?","M","M","R","BOSS","R","$","E","BOSS"],"items_purchased_type":["Relic","Card","Card","Relic"],"build_version":"2020-12-22","purchased_purges":3,"victory":true,"max_hp_per_floor":[71,71,71,71,71,71,71,71,71,71,71,71,71,71,71,71,76,76,76,76,76,76,76,76,76,76,76,76,76,76,76,76,76,76,76,76,76,76,76,76,76,76,76,76,76,76,76,76,76,76,76,76,76,76,76],"relic_stats":{"counters":[29,128],"PreservedInsect":77,"Pen Nib":[3],"Bag of Preparation":[28],"Letter Opener":[553],"Whetstone":["Compile Driver","Cold Snap"],"War Paint":["White Noise","Glacier"],"Nunchaku":[27],"Centennial Puzzle":[36],"Dream Catcher":0,"Mummified Hand":[153],"Bronze Scales":[105],"Art of War":[19],"obtain_stats":[{"Ice Cream":14,"Tiny House":17,"Thread and Needle":44,"PreservedInsect":46,"Pen Nib":54,"Bag of Preparation":28,"Letter Opener":26,"Whetstone":42,"War Paint":31,"Nuclear Battery":34,"Nunchaku":0,"DataDisk":8,"Centennial Puzzle":10,"Dream Catcher":40,"Mummified Hand":9,"Bronze Scales":53,"Art of War":4,"Cracked Core":0,"Toy Ornithopter":6,"TungstenRod":24},{"Ice Cream":8,"Tiny House":9,"Thread and Needle":24,"PreservedInsect":24,"Pen Nib":28,"Bag of Preparation":15,"Letter Opener":13,"Whetstone":23,"War Paint":17,"Nuclear Battery":18,"Nunchaku":0,"DataDisk":5,"Centennial Puzzle":6,"Dream Catcher":22,"Mummified Hand":5,"Bronze Scales":27,"Art of War":2,"Cracked Core":0,"Toy Ornithopter":4,"TungstenRod":13},{"Ice Cream":31,"Tiny House":42,"Thread and Needle":101,"PreservedInsect":101,"Pen Nib":121,"Bag of Preparation":67,"Letter Opener":60,"Whetstone":95,"War Paint":74,"Nuclear Battery":79,"Nunchaku":0,"DataDisk":21,"Centennial Puzzle":26,"Dream Catcher":90,"Mummified Hand":21,"Bronze Scales":119,"Art of War":7,"Cracked Core":0,"Toy Ornithopter":17,"TungstenRod":60}],"Toy Ornithopter":15,"TungstenRod":31},"card_choices":[{"not_picked":["Coolheaded","Turbo"],"picked":"Leap","floor":1.0},{"not_picked":["Blizzard","Hello World"],"picked":"Cold Snap","floor":3.0},{"not_picked":["Skim","Compile Driver"],"picked":"Self Repair","floor":5.0},{"not_picked":["Cold Snap","Conserve Battery"],"picked":"Tempest","floor":6.0},{"not_picked":["Go for the Eyes","Hologram"],"picked":"White Noise","floor":8.0},{"not_picked":["Stack","Skim"],"picked":"Sweeping Beam","floor":10.0},{"not_picked":["Go for the Eyes","Sweeping Beam"],"picked":"Seek","floor":11.0},{"not_picked":["Cold Snap","Storm"],"picked":"Go for the Eyes","floor":13.0},{"not_picked":["Core Surge","Fission"],"picked":"Echo Form","floor":16.0},{"not_picked":["Conserve Battery","Tempest"],"picked":"Coolheaded","floor":17.0},{"not_picked":["Cold Snap+1","Steam"],"picked":"Recycle","floor":18.0},{"not_picked":["Steam","Streamline","Tempest"],"picked":"SKIP","floor":20.0},{"not_picked":["Blizzard","Barrage","Beam Cell"],"picked":"SKIP","floor":21.0},{"not_picked":["Redo+1","Hologram"],"picked":"Heatsinks","floor":24.0},{"not_picked":["Cold Snap","Reprogram"],"picked":"Glacier","floor":27.0},{"not_picked":["Tempest","Steam"],"picked":"Stack+1","floor":28.0},{"not_picked":["Force Field","FTL+1"],"picked":"Compile Driver","floor":30.0},{"not_picked":["Seek","Fusion"],"picked":"Hologram+1","floor":31.0},{"not_picked":["Multi-Cast","Fission"],"picked":"Machine Learning","floor":33.0},{"not_picked":["Sweeping Beam","Coolheaded"],"picked":"Loop","floor":35.0},{"not_picked":["Sweeping Beam+1","Leap+1"],"picked":"Compile Driver","floor":38.0},{"not_picked":["White Noise","Sweeping Beam","Rebound"],"picked":"SKIP","floor":39.0},{"not_picked":["Rebound+1","Streamline"],"picked":"Skim","floor":40.0},{"not_picked":["Reprogram","Rebound","Doom and Gloom+1"],"picked":"SKIP","floor":42.0},{"not_picked":["Reprogram","Rebound","Doom and Gloom+1"],"picked":"SKIP","floor":42.0},{"not_picked":["Hologram","Ball Lightning+1"],"picked":"Double Energy","floor":44.0},{"not_picked":["Turbo","Glacier+1","BootSequence"],"picked":"SKIP","floor":47.0},{"not_picked":["Reinforced Body","Hologram"],"picked":"Core Surge","floor":48.0},{"not_picked":["Steam Power","Stack"],"picked":"Turbo+1","floor":54.0}],"player_experience":1171237,"relics_obtained":[{"floor":4.0,"key":"Art of War"},{"floor":6.0,"key":"Toy Ornithopter"},{"floor":8.0,"key":"DataDisk"},{"floor":9.0,"key":"Mummified Hand"},{"floor":10.0,"key":"Centennial Puzzle"},{"floor":24.0,"key":"TungstenRod"},{"floor":26.0,"key":"Letter Opener"},{"floor":28.0,"key":"Bag of Preparation"},{"floor":31.0,"key":"War Paint"},{"floor":40.0,"key":"Dream Catcher"},{"floor":42.0,"key":"Whetstone"},{"floor":44.0,"key":"Thread and Needle"},{"floor":46.0,"key":"PreservedInsect"},{"floor":54.0,"key":"Pen Nib"}],"event_choices":[{"cards_removed":["Defend_B"],"damage_healed":0.0,"max_hp_gain":0.0,"max_hp_loss":0.0,"gold_gain":0.0,"event_name":"Golden Wing","player_choice":"Card Removal","floor":2.0,"gold_loss":0.0,"damage_taken":7.0},{"damage_healed":0.0,"max_hp_gain":0.0,"max_hp_loss":0.0,"gold_gain":0.0,"event_name":"Ghosts","player_choice":"Ignored","floor":22.0,"gold_loss":0.0,"damage_taken":0.0},{"damage_healed":0.0,"max_hp_gain":0.0,"max_hp_loss":0.0,"gold_gain":0.0,"event_name":"Tomb of Lord Red Mask","player_choice":"Ignored","floor":36.0,"gold_loss":0.0,"damage_taken":0.0}],"is_beta":false,"boss_relics":[{"not_picked":["Velvet Choker","Cursed Key"],"picked":"Tiny House"},{"not_picked":["Runic Dome","SacredBark"],"picked":"Nuclear Battery"}],"items_purged_floors":[19,37,53],"is_endless":false,"potions_floor_spawned":[5,6,10,13,16,18,21,30,31,39,42,47],"ascension_level":15}}