{"host":"gl5rgsfncjl28cj1","time":1613221017,"event":{"mods":["BaseMod","Colored Map","Highlight Path","Lobotomy","LobotomyExtend","Minty Spire (QoL Compilation)","Permanent Neow","StSLib"],"gold_per_floor":[112,38,53,73,93,93,125,138,165,182,9,9,38,113,113,214,214,228,153,53,53,53,83,83,12,12,12,30,230,230,230,230,325,325,325],"floor_reached":34,"language":"KOR","playtime":1540,"items_purged":["Strike_G","Defend_G"],"score":401,"play_id":"98de7d60-999f-4680-8923-3dbe5557a1c6","local_time":"20210213215657","is_ascension_mode":false,"campfire_choices":[{"data":"Blade Dance","floor":6,"key":"SMITH"},{"data":"Cloak And Dagger","floor":15,"key":"SMITH"},{"data":"Noxious Fumes","floor":24,"key":"SMITH"},{"data":"Accuracy","floor":27,"key":"SMITH"},{"data":"Noxious Fumes","floor":30,"key":"SMITH"},{"data":"Night Terror","floor":32,"key":"SMITH"}],"circlet_count":0,"master_deck":["Strike_G+1","Strike_G+1","Defend_G","Defend_G","Defend_G","Defend_G","Survivor","Neutralize","Crippling Poison","Accuracy+1","All Out Attack","Backstab","Blade Dance+1","PiercingWail","Cloak And Dagger+1","Backflip","Noxious Fumes+1","Noxious Fumes+1","Malaise","Acrobatics","Accuracy+1","Night Terror+1","Night Terror"],"relics":["Ring of the Serpent","CogitoBucket","RabbitCall","LetterFromLob","Bag of Preparation","AdjustmentMirror","Whetstone","Omamori","Juzu Bracelet","The Courier","AspirationHeart","Busted Crown"],"acts_visited":["Exordium","TheCity","TheBeyond"],"potions_floor_usage":[8,28,33,33],"damage_taken":[{"damage":0,"enemies":"Jaw Worm","floor":1,"turns":5},{"damage":0,"enemies":"Small Slimes","floor":3,"turns":3},{"damage":0,"enemies":"2 Louse","floor":4,"turns":2},{"damage":9,"enemies":"Red Slaver","floor":5,"turns":5},{"damage":5,"enemies":"Lagavulin","floor":7,"turns":5},{"damage":3,"enemies":"3 Louse","floor":8,"turns":15},{"damage":0,"enemies":"Blue Slaver","floor":10,"turns":1},{"damage":0,"enemies":"Gremlin Nob","floor":13,"turns":2},{"damage":3,"enemies":"The Guardian","floor":16,"turns":7},{"damage":3,"enemies":"Spheric Guardian","floor":18,"turns":5},{"damage":20,"enemies":"Slavers","floor":23,"turns":4},{"damage":34,"enemies":"3 Byrds","floor":28,"turns":12},{"damage":13,"enemies":"Champ","floor":33,"turns":9}],"seed_played":"-2590116947319274325","potions_obtained":[{"floor":3,"key":"Swift Potion"},{"floor":5,"key":"Weak Potion"},{"floor":13,"key":"EssenceOfSteel"},{"floor":23,"key":"ColorlessPotion"},{"floor":28,"key":"ColorlessPotion"}],"is_trial":false,"path_per_floor":["M","$","M","M","M","R","E","M","T","M","$","?","E","?","R","B",null,"M","?","$","?","?","E","R","$","T","R","M","?","R","?","R","B",null],"character_chosen":"THE_SILENT","items_purchased":["Accuracy","Backflip","Noxious Fumes","Accuracy"],"campfire_rested":0,"item_purchase_floors":[2,11,11,25],"current_hp_per_floor":[70,70,70,70,61,61,56,53,53,53,53,53,53,42,42,63,70,67,67,67,67,67,47,47,47,47,47,29,29,29,29,29,40,80,80],"gold":325,"neow_bonus":"","is_daily":false,"chose_seed":false,"campfire_upgraded":6,"win_rate":0.0,"timestamp":1613221017,"path_taken":["M","$","M","M","M","R","E","M","T","M","$","?","E","?","R","BOSS","M","?","$","?","?","E","R","?","T","R","M","?","R","?","R","BOSS"],"items_purchased_type":["Card","Card","Card","Card"],"build_version":"2020-12-22","purchased_purges":2,"victory":false,"max_hp_per_floor":[70,70,70,70,70,70,70,70,70,70,70,70,70,70,70,70,70,70,70,70,70,70,70,70,70,70,70,80,80,80,80,80,80,80,80],"card_choices":[{"not_picked":["MeatLantern","FairyFestival","PunishingBird"],"picked":"Singing Bowl","floor":1},{"not_picked":["Prepared","Underhanded Strike"],"picked":"Crippling Poison","floor":1},{"not_picked":["DreamingCurrent","Scorched","SpiderBud"],"picked":"Singing Bowl","floor":3},{"not_picked":["Catalyst","Sucker Punch"],"picked":"All Out Attack","floor":3},{"not_picked":["RedShoes","WallGazer","Murderer"],"picked":"Singing Bowl","floor":4},{"not_picked":["Alriune","CrumblingArmor"],"picked":"QueenOfHatred","floor":4},{"not_picked":["Sucker Punch","Skewer"],"picked":"Backstab","floor":4},{"not_picked":["CherryBlossoms","OSAHOGD","SpiderBud"],"picked":"Singing Bowl","floor":5},{"not_picked":["Deadly Poison","Glass Knife"],"picked":"Blade Dance","floor":5},{"not_picked":["Freischutz","HappyTeddy","LaLuna"],"picked":"Singing Bowl","floor":7},{"not_picked":["Heel Hook","Deflect","Deadly Poison"],"picked":"SKIP","floor":7},{"not_picked":["HappyTeddy","CrumblingArmor","SpiderBud"],"picked":"Singing Bowl","floor":8},{"not_picked":["Acrobatics","Slice"],"picked":"PiercingWail","floor":8},{"not_picked":["CrumblingArmor","FairyFestival","Wellcheers"],"picked":"Singing Bowl","floor":10},{"not_picked":["Deflect","Bouncing Flask"],"picked":"Cloak And Dagger","floor":10},{"not_picked":["Murderer","WhitesApple","FieryBird"],"picked":"Singing Bowl","floor":13},{"not_picked":["PiercingWail","Expertise"],"picked":"Noxious Fumes","floor":13},{"not_picked":["Scorched","WallGazer","MeltingLove"],"picked":"Singing Bowl","floor":16},{"not_picked":["A Thousand Cuts","Glass Knife"],"picked":"Malaise","floor":16},{"not_picked":["ShyLook","MeatLantern","BeautyBeast"],"picked":"Singing Bowl","floor":18},{"not_picked":["Finisher","Leg Sweep"],"picked":"Acrobatics","floor":18},{"not_picked":["OSAHOGD","QueenBee","Scorched"],"picked":"Singing Bowl","floor":23},{"not_picked":["Deflect+1","Backstab+1","Sucker Punch+1"],"picked":"SKIP","floor":23},{"not_picked":["GalaxyChild","ShyLook","FairyFestival"],"picked":"Singing Bowl","floor":28},{"not_picked":["Prepared","Reflex+1"],"picked":"Night Terror","floor":28},{"not_picked":["Porccubus","Variant","OldLady"],"picked":"Singing Bowl","floor":33},{"not_picked":["Doppelganger","Glass Knife"],"picked":"Night Terror","floor":33}],"player_experience":1077232,"relics_obtained":[{"floor":1,"key":"LetterFromLob"},{"floor":7,"key":"Bag of Preparation"},{"floor":9,"key":"Whetstone"},{"floor":13,"key":"Omamori"},{"floor":23,"key":"Juzu Bracelet"},{"floor":26,"key":"The Courier"}],"event_choices":[{"damage_healed":0,"gold_gain":0,"player_choice":"Grow","damage_taken":0,"max_hp_gain":0,"max_hp_loss":0,"event_name":"Living Wall","floor":12,"gold_loss":0,"cards_upgraded":["Accuracy"]},{"damage_healed":0,"gold_gain":75,"player_choice":"Gather Gold","damage_taken":11,"max_hp_gain":0,"max_hp_loss":0,"event_name":"World of Goop","floor":14,"gold_loss":0},{"cards_removed":["Strike_G"],"damage_healed":0,"gold_gain":0,"player_choice":"Gave Gold","damage_taken":0,"max_hp_gain":0,"max_hp_loss":0,"event_name":"Beggar","floor":19,"gold_loss":75},{"cards_removed":["Strike_G"],"damage_healed":0,"gold_gain":0,"player_choice":"Elegance","damage_taken":0,"max_hp_gain":0,"max_hp_loss":0,"event_name":"Back to Basics","floor":22,"gold_loss":0},{"damage_healed":0,"gold_gain":200,"player_choice":"Gold","damage_taken":0,"max_hp_gain":0,"max_hp_loss":0,"event_name":"Wheel of Change","floor":29,"gold_loss":0},{"damage_healed":0,"gold_gain":0,"player_choice":"Ignored","damage_taken":0,"max_hp_gain":0,"max_hp_loss":0,"event_name":"Cursed Tome","floor":31,"gold_loss":0}],"is_beta":false,"boss_relics":[{"not_picked":["Runic Dome","Runic Pyramid"],"picked":"Ring of the Serpent"},{"not_picked":["Snecko Eye","Velvet Choker"],"picked":"Busted Crown"}],"items_purged_floors":[11,20],"is_endless":false,"potions_floor_spawned":[3,5,13,23,28],"ascension_level":0}}