{"host":"5kirneupyg4uzd3w","time":1613190017,"event":{"mods":["BaseMod","Colored Map","Custom Start","Minty Spire (QoL Compilation)","StSLib","SuperFastMode"],"gold_per_floor":[112,162,177,94,107,107,107,107,107,123,157,169,180,180,180,180,180],"floor_reached":16,"language":"KOR","playtime":278,"items_purged":[],"score":204,"play_id":"55521011-744e-4dd7-83ec-bc3faf470843","local_time":"20210213132017","is_ascension_mode":true,"campfire_choices":[{"data":"Searing Blow","floor":6.0,"key":"SMITH"},{"data":"Searing Blow+2","floor":8.0,"key":"SMITH"},{"data":"Searing Blow+3","floor":15.0,"key":"SMITH"}],"circlet_count":0,"master_deck":["AscendersBane","Strike_R","Strike_R","Strike_R","Strike_R","Strike_R","Defend_R","Defend_R","Defend_R","Defend_R","Bash","Finesse","Shrug It Off","Shrug It Off","Searing Blow+4"],"relics":["Burning Blood","Bottled Lightning","Letter Opener","Orichalcum"],"acts_visited":["Exordium"],"potions_floor_usage":[16,16],"damage_taken":[{"damage":9.0,"enemies":"2 Louse","floor":1.0,"turns":3.0},{"damage":1.0,"enemies":"Cultist","floor":3.0,"turns":4.0},{"damage":4.0,"enemies":"Small Slimes","floor":5.0,"turns":6.0},{"damage":11.0,"enemies":"Exordium Thugs","floor":10.0,"turns":5.0},{"damage":35.0,"enemies":"Lagavulin","floor":11.0,"turns":6.0},{"damage":10.0,"enemies":"3 Louse","floor":12.0,"turns":4.0},{"damage":6.0,"enemies":"Blue Slaver","floor":13.0,"turns":4.0},{"damage":29,"enemies":"Slime Boss","floor":16,"turns":7}],"seed_played":"-6377794762385822107","potions_obtained":[{"floor":3.0,"key":"Explosive Potion"},{"floor":5.0,"key":"Dexterity Potion"},{"floor":11.0,"key":"BlessingOfTheForge"}],"is_trial":false,"path_per_floor":["M","?","M","$","M","R","?","R","T","M","E","M","M","?","R","B"],"character_chosen":"IRONCLAD","items_purchased":["Searing Blow"],"campfire_rested":0,"item_purchase_floors":[4],"current_hp_per_floor":[65,65,70,70,72,72,72,72,72,67,38,34,34,29,29,0,0],"gold":180,"neow_bonus":"RANDOM_COLORLESS","is_daily":false,"chose_seed":false,"campfire_upgraded":3,"win_rate":0.0,"timestamp":1613190017,"path_taken":["M","?","M","?","M","R","?","R","T","M","E","M","?","?","R","BOSS"],"items_purchased_type":["Card"],"build_version":"2020-12-22","purchased_purges":0,"victory":false,"max_hp_per_floor":[75,75,75,75,75,75,75,75,75,75,75,75,75,75,75,75,75],"card_choices":[{"not_picked":["Mind Blast","Dramatic Entrance"],"picked":"Finesse","floor":0.0},{"not_picked":["Dropkick","Disarm"],"picked":"Shrug It Off","floor":1.0},{"not_picked":["Warcry","Headbutt"],"picked":"Shrug It Off","floor":3.0},{"not_picked":["Flex","Havoc","Whirlwind"],"picked":"SKIP","floor":5.0},{"not_picked":["Sword Boomerang","Dark Embrace","Carnage"],"picked":"SKIP","floor":10.0},{"not_picked":["Armaments","Wild Strike","Rampage"],"picked":"SKIP","floor":11.0},{"not_picked":["Wild Strike","Thunderclap","Uppercut"],"picked":"SKIP","floor":12.0},{"not_picked":["Anger","Iron Wave","Heavy Blade"],"picked":"SKIP","floor":13.0}],"player_experience":323108,"relics_obtained":[{"floor":9.0,"key":"Bottled Lightning"},{"floor":11.0,"key":"Letter Opener"}],"event_choices":[{"damage_healed":0.0,"max_hp_gain":0.0,"max_hp_loss":0.0,"gold_gain":50.0,"event_name":"Golden Shrine","player_choice":"Pray","floor":2.0,"gold_loss":0.0,"damage_taken":0.0},{"damage_healed":0.0,"max_hp_gain":0.0,"max_hp_loss":0.0,"gold_gain":0.0,"event_name":"Upgrade Shrine","player_choice":"Upgraded","floor":7.0,"gold_loss":0.0,"damage_taken":0.0,"cards_upgraded":["Searing Blow"]},{"damage_healed":0.0,"max_hp_gain":0.0,"max_hp_loss":0.0,"gold_gain":0.0,"event_name":"Scrap Ooze","player_choice":"Success","floor":14.0,"gold_loss":0.0,"damage_taken":5.0,"relics_obtained":["Orichalcum"]}],"is_beta":false,"boss_relics":[],"items_purged_floors":[],"is_endless":false,"potions_floor_spawned":[3,5,11,13],"killed_by":"Slime Boss","ascension_level":20}}