{"host":"bvp2uifzy1c463d9","time":1613188674,"event":{"mods":["AchievementEnabler","BaseMod","Block Reminder","Bossed Relics","ChefMod","Colored Map","Colored Powertips","Energized Spire","Hermit","Highlight Path","Hubris","Infinite Spire","Minty Spire (QoL Compilation)","Random Character Button","Relic Sorter","Relic Stats","Reliquary","Replay The Spire","StSLib","The Blue Laboratory","The Jungle","The Servant 0.9.4","Wandering Minibosses"],"gold_per_floor":[112,132,147,160,172,172,172,247,328,34,63,79,96,108,108,207,207,219,219,219,65,77,77,96,96,119,151,171,181,106,120,120,221,221,232,247,263,263,276,276,304,304,304,334,3,3,3],"floor_reached":46,"language":"ENG","playtime":2963,"items_purged":["chefmod:Strike","chefmod:Defend"],"score":581,"play_id":"4acdd959-1ec2-4ded-8e5e-0d7e8b26984c","local_time":"20210212215754","is_ascension_mode":false,"campfire_choices":[{"data":"chefmod:Puree","floor":6,"key":"SMITH"},{"floor":15,"key":"REST"},{"data":"chefmod:Escargot","floor":15,"key":"SMITH"},{"floor":23,"key":"REST"},{"data":"chefmod:QuickThaw","floor":23,"key":"SMITH"},{"data":"infinitespire:DeathsTouch","floor":25,"key":"SMITH"},{"data":"chefmod:Strike","floor":32,"key":"PURGE"},{"floor":40,"key":"REST"},{"data":"chefmod:FreezeSolid","floor":40,"key":"SMITH"}],"circlet_count":0,"master_deck":["chefmod:Strike","chefmod:Strike","chefmod:QuickThaw+1","chefmod:Defend","chefmod:Defend","chefmod:TodaysSpecial","chefmod:Cleavers","chefmod:HotSoup","chefmod:BaoBuns","chefmod:DinoKale","chefmod:Puree+1","chefmod:IceCreamCone+1","chefmod:Ratatouille","chefmod:Escargot+1","chefmod:Mince","chefmod:BleedOut","infinitespire:DeathsTouch+1","chefmod:Flambe","chefmod:Bruschetta","chefmod:Ratatouille","Pot Of Greed","Pot Of Greed","chefmod:DoubleChop","Pot Of Greed","chefmod:Mince","chefmod:CleanHouse","chefmod:FreezeSolid+1","chefmod:Sorbet+1","chefmod:AlooGobi","chefmod:Fillet","infinitespire:NeuralNetwork","chefmod:Leftovers+1","chefmod:RisingDough","chefmod:RisingDough","chefmod:CuttingBoard","chefmod:Sorbet","Pot Of Greed"],"relics":["chefmod:TrustyPot","infinitespire:Eraser","infinitespire:Magic Flask","reliquary:BallBearing","hubris:TerracottaHorce","chefmod:Spatula","Grinning Jar","reliquary:NewFriend","infinitespire:Cupcake","hubris:Towel","hubris:GlazedTorus","Nunchaku","FossilizedHelix","Snack Pack"],"acts_visited":["Exordium","TheCity","TheBeyond"],"potions_floor_usage":[27,41,44,46],"damage_taken":[{"damage":0,"enemies":"Small Slimes","floor":1,"turns":3},{"damage":0,"enemies":"2 Louse","floor":2,"turns":2},{"damage":5,"enemies":"Jaw Worm","floor":3,"turns":4},{"damage":0,"enemies":"Blue Slaver","floor":4,"turns":5},{"damage":0,"enemies":"Red Slaver","floor":5,"turns":5},{"damage":11,"enemies":"3 Sentries","floor":11,"turns":6},{"damage":0,"enemies":"2 Fungi Beasts","floor":12,"turns":3},{"damage":13,"enemies":"Exordium Thugs","floor":13,"turns":6},{"damage":0,"enemies":"Looter","floor":14,"turns":3},{"damage":31,"enemies":"Hexaghost","floor":16,"turns":11},{"damage":11,"enemies":"Shell Parasite","floor":18,"turns":6},{"damage":3,"enemies":"Chosen","floor":22,"turns":2},{"damage":11,"enemies":"Shelled Parasite and Fungi","floor":24,"turns":6},{"damage":10,"enemies":"Book of Stabbing","floor":27,"turns":6},{"damage":0,"enemies":"Snake Plant","floor":28,"turns":2},{"damage":6,"enemies":"Centurion and Healer","floor":29,"turns":5},{"damage":3,"enemies":"Snecko","floor":31,"turns":3},{"damage":34,"enemies":"hubris:MusketHawk","floor":33,"turns":9},{"damage":3,"enemies":"3 Shapes","floor":35,"turns":4},{"damage":7,"enemies":"3 Darklings","floor":36,"turns":6},{"damage":6,"enemies":"Transient","floor":37,"turns":5},{"damage":22,"enemies":"Sphere and 2 Shapes","floor":39,"turns":4},{"damage":0,"enemies":"Nemesis","floor":41,"turns":14},{"damage":11,"enemies":"Reptomancer","floor":44,"turns":6},{"damage":50,"enemies":"Nemesis","floor":46,"turns":5}],"seed_played":"2792109565692323560","potions_obtained":[{"floor":3,"key":"blueLaboratory:BottleOfRum"},{"floor":5,"key":"blueLaboratory:BottledHope"},{"floor":12,"key":"EssenceOfSteel"},{"floor":16,"key":"PowerPotion"},{"floor":27,"key":"blueLaboratory:SavagePotion"},{"floor":36,"key":"DistilledChaos"}],"is_trial":false,"path_per_floor":["M","M","M","M","M","R","?","?","T","$","E","M","M","M","R","B",null,"M","AVR","?","$","M","R","M","R","T","E","M","M","?","M","R_BF","B",null,"M","M","M","?","M","R","E","AVR","T","E","$","E"],"character_chosen":"THE_CHEF","items_purchased":["infinitespire:Magic Flask","chefmod:Bruschetta","chefmod:RisingDough","chefmod:CuttingBoard","chefmod:Sorbet"],"campfire_rested":3,"item_purchase_floors":[10,21,45,45,45],"current_hp_per_floor":[76,76,71,71,71,71,71,60,60,60,49,49,36,36,58,27,64,53,53,53,53,50,72,61,61,61,51,51,45,45,42,42,8,59,56,49,43,43,21,43,43,43,43,32,32,0,0],"gold":3,"neow_bonus":"THREE_CARDS","is_daily":false,"chose_seed":false,"campfire_upgraded":5,"win_rate":0.0,"timestamp":1613188674,"path_taken":["M","M","M","M","M","R","?","?","T","?","E","M","?","M","R","BOSS","M","AVR","?","$","M","R","M","R","T","E","M","M","?","M","R_BF","BOSS","M","M","M","?","M","R","E","AVR","T","E","$","E"],"items_purchased_type":["Relic","Card","Card","Card","Card"],"build_version":"2020-12-22","purchased_purges":2,"victory":false,"max_hp_per_floor":[76,76,76,76,76,76,76,76,76,76,76,76,76,76,76,76,76,76,76,76,76,76,76,76,76,76,76,76,76,76,76,76,76,76,76,76,76,76,76,76,76,76,76,76,76,76,76],"relic_stats":{"Nunchaku":[2],"counters":[25,131],"obtain_stats":[{"chefmod:TrustyPot":0,"chefmod:Spatula":19,"infinitespire:Magic Flask":10,"hubris:Towel":38,"hubris:TerracottaHorce":17,"Nunchaku":42,"reliquary:NewFriend":27,"reliquary:BallBearing":11,"Snack Pack":44,"infinitespire:Eraser":9,"Grinning Jar":26,"FossilizedHelix":43,"infinitespire:Cupcake":34,"hubris:GlazedTorus":41},{"chefmod:TrustyPot":0,"chefmod:Spatula":11,"infinitespire:Magic Flask":5,"hubris:Towel":21,"hubris:TerracottaHorce":10,"Nunchaku":23,"reliquary:NewFriend":14,"reliquary:BallBearing":6,"Snack Pack":24,"infinitespire:Eraser":5,"Grinning Jar":13,"FossilizedHelix":23,"infinitespire:Cupcake":18,"hubris:GlazedTorus":23},{"chefmod:TrustyPot":0,"chefmod:Spatula":54,"infinitespire:Magic Flask":19,"hubris:Towel":102,"hubris:TerracottaHorce":48,"Nunchaku":120,"reliquary:NewFriend":68,"reliquary:BallBearing":25,"Snack Pack":126,"infinitespire:Eraser":19,"Grinning Jar":62,"FossilizedHelix":120,"infinitespire:Cupcake":87,"hubris:GlazedTorus":120}]},"card_choices":[{"not_picked":["chefmod:Defrost","chefmod:ZaruSoba"],"picked":"chefmod:Cleavers","floor":0},{"not_picked":["chefmod:VegetableTart","chefmod:SpaghettiCarbonara"],"picked":"chefmod:HotSoup","floor":1},{"not_picked":["chefmod:ColdSteel","chefmod:SaveForLater"],"picked":"chefmod:BaoBuns","floor":2},{"not_picked":["chefmod:HotSoup","chefmod:Defrost"],"picked":"chefmod:DinoKale","floor":3},{"not_picked":["chefmod:FireUp","chefmod:ColdSteel"],"picked":"chefmod:FiveAlarmChili","floor":4},{"not_picked":["chefmod:Granita","chefmod:IcePick"],"picked":"chefmod:Puree","floor":5},{"not_picked":["chefmod:SliceAndDice","chefmod:FryPan"],"picked":"chefmod:Ratatouille","floor":11},{"not_picked":["chefmod:FireUp","chefmod:SaveForLater"],"picked":"chefmod:Escargot","floor":12},{"not_picked":["chefmod:CleanHouse","chefmod:HotSoup","chefmod:Chop"],"picked":"SKIP","floor":13},{"not_picked":["chefmod:Fillet","chefmod:CayenneCloud","chefmod:Omelette"],"picked":"SKIP","floor":14},{"not_picked":["chefmod:OrderUp","chefmod:CapreseSalad"],"picked":"chefmod:Mince","floor":16},{"not_picked":["chefmod:FryPan","chefmod:IcePick+1"],"picked":"chefmod:BleedOut","floor":18},{"not_picked":["chefmod:Sorbet","chefmod:ColdSteel"],"picked":"chefmod:Ratatouille","floor":22},{"not_picked":["chefmod:DinoKale","chefmod:VegetableTart","chefmod:FryPan"],"picked":"SKIP","floor":24},{"not_picked":["chefmod:GroceryDelivery","chefmod:HotSoup+1"],"picked":"chefmod:DoubleChop","floor":27},{"not_picked":["chefmod:BaoBuns","chefmod:HotSoup+1","chefmod:Defrost"],"picked":"SKIP","floor":28},{"not_picked":["chefmod:BaoBuns+1","chefmod:CayenneCloud+1","chefmod:ColdSteel+1"],"picked":"SKIP","floor":29},{"not_picked":["chefmod:PotatoGratin","chefmod:SpaghettiCarbonara","chefmod:FryPan"],"picked":"SKIP","floor":31},{"not_picked":["chefmod:CandyBowl","chefmod:DeepFreeze"],"picked":"chefmod:Mince","floor":33},{"not_picked":["chefmod:Granita","chefmod:SearedScallops"],"picked":"chefmod:CleanHouse","floor":35},{"not_picked":["chefmod:Escargot","chefmod:ZaruSoba+1"],"picked":"chefmod:FreezeSolid","floor":36},{"not_picked":["chefmod:AllYouCanEat","chefmod:BaoBuns+1"],"picked":"chefmod:Sorbet+1","floor":37},{"not_picked":["chefmod:CayenneCloud","chefmod:IcePick+1"],"picked":"chefmod:AlooGobi","floor":39},{"not_picked":["chefmod:Bruschetta+1","chefmod:DoubleChop+1"],"picked":"chefmod:Fillet","floor":41},{"not_picked":["chefmod:IceCreamCone","chefmod:Chop+1"],"picked":"chefmod:Leftovers+1","floor":44}],"player_experience":317426,"relics_obtained":[{"floor":9,"key":"infinitespire:Eraser"},{"floor":11,"key":"reliquary:BallBearing"},{"floor":26,"key":"Grinning Jar"},{"floor":27,"key":"reliquary:NewFriend"},{"floor":41,"key":"hubris:GlazedTorus"},{"floor":43,"key":"FossilizedHelix"},{"floor":44,"key":"Snack Pack"}],"event_choices":[{"damage_healed":0,"gold_gain":75,"player_choice":"Gather Gold","damage_taken":11,"max_hp_gain":0,"max_hp_loss":0,"event_name":"World of Goop","floor":8,"gold_loss":0},{"cards_removed":["chefmod:Defend"],"damage_healed":0,"gold_gain":0,"player_choice":"Gave Gold","damage_taken":0,"max_hp_gain":0,"max_hp_loss":0,"event_name":"Beggar","floor":30,"gold_loss":75}],"is_beta":false,"boss_relics":[{"not_picked":["Painkiller Herb","Busted Crown"],"picked":"hubris:TerracottaHorce"},{"not_picked":["ReplayTheSpireMod:SealedPack","Replay:Bronze Core"],"picked":"infinitespire:Cupcake"}],"items_purged_floors":[21,45],"is_endless":false,"potions_floor_spawned":[3,5,12,16,18,24,27,33,36],"killed_by":"Nemesis","ascension_level":0}}