{"host":"gg","time":1613260182,"event":{"mods":["BaseMod","Colored Map","Googly Eyes","Minty Spire (QoL Compilation)","Relic Stats","The IronCluck"],"gold_per_floor":[111,161,47,59,73,73,106,106,152,152,182,196,196,208,208,287,287,305,305,319,338,338,364,364,394,419,432,6,6,17,117,117,189,189,206,41,0,52,66,66,66],"floor_reached":40,"language":"ENG","playtime":2936,"items_purged":["Defend_P"],"score":1018,"play_id":"8ec6435d-820b-4a91-a1bd-f8fa55aa80b4","local_time":"20210213154942","is_ascension_mode":true,"campfire_choices":[{"data":"Eruption","floor":6.0,"key":"SMITH"},{"data":"FollowUp","floor":8.0,"key":"SMITH"},{"data":"SandsOfTime","floor":10.0,"key":"SMITH"},{"data":"FlyingSleeves","floor":15.0,"key":"SMITH"},{"floor":24.0,"key":"REST"},{"data":"Meditate","floor":29.0,"key":"SMITH"},{"data":"CutThroughFate","floor":32,"key":"SMITH"}],"circlet_count":0,"master_deck":["AscendersBane","Strike_P","Strike_P","Strike_P","Strike_P","Defend_P","Defend_P","Eruption+1","Vigilance","FollowUp+1","SandsOfTime+1","FlurryOfBlows","FlyingSleeves+1","FlurryOfBlows","ThirdEye","Vengeance","Worship","FearNoEvil","Brilliance","Meditate+1","ThirdEye+1","EmptyBody","Weave","CutThroughFate+1","Scrawl+1","Dark Shackles+1","SashWhip+1","Crescendo+1","Vault+1","TalkToTheHand"],"relics":["Black Star","MealTicket","Question Card","Tiny Chest","Bottled Flame","Happy Flower","VioletLotus","Pear","Anchor","Centennial Puzzle","Toxic Egg 2","Pantograph","Toy Ornithopter","Strange Spoon","Pocketwatch","Eternal Feather","Busted Crown","ClockworkSouvenir","Red Mask","Bronze Scales"],"acts_visited":["Exordium","TheCity","TheBeyond"],"potions_floor_usage":[33,40],"damage_taken":[{"damage":2.0,"enemies":"Jaw Worm","floor":1.0,"turns":4.0},{"damage":2.0,"enemies":"Cultist","floor":4.0,"turns":3.0},{"damage":4.0,"enemies":"Small Slimes","floor":5.0,"turns":3.0},{"damage":0.0,"enemies":"Lagavulin","floor":7.0,"turns":4.0},{"damage":10.0,"enemies":"3 Sentries","floor":11.0,"turns":3.0},{"damage":0.0,"enemies":"2 Fungi Beasts","floor":12.0,"turns":2.0},{"damage":21.0,"enemies":"Lots of Slimes","floor":14.0,"turns":4.0},{"damage":0.0,"enemies":"Slime Boss","floor":16.0,"turns":3.0},{"damage":0.0,"enemies":"Chosen","floor":18.0,"turns":2.0},{"damage":0.0,"enemies":"Spheric Guardian","floor":20.0,"turns":2.0},{"damage":21.0,"enemies":"3 Cultists","floor":21.0,"turns":4.0},{"damage":31.0,"enemies":"Slavers","floor":23.0,"turns":4.0},{"damage":35.0,"enemies":"Gremlin Leader","floor":25.0,"turns":3.0},{"damage":5.0,"enemies":"Snecko","floor":27.0,"turns":3.0},{"damage":0.0,"enemies":"Centurion and Healer","floor":30.0,"turns":3.0},{"damage":10,"enemies":"Colosseum Slavers","floor":31,"turns":3},{"damage":0,"enemies":"Colosseum Nobs","floor":31,"turns":3},{"damage":16,"enemies":"Automaton","floor":33,"turns":5},{"damage":4,"enemies":"3 Shapes","floor":35,"turns":2},{"damage":15,"enemies":"3 Darklings","floor":39,"turns":4},{"damage":86,"enemies":"Reptomancer","floor":40,"turns":3}],"seed_played":"-7737894009473470627","potions_obtained":[{"floor":1.0,"key":"LiquidMemories"},{"floor":7.0,"key":"Energy Potion"},{"floor":11.0,"key":"Weak Potion"},{"floor":16.0,"key":"DuplicationPotion"},{"floor":25.0,"key":"BottledMiracle"},{"floor":31,"key":"Energy Potion"},{"floor":39,"key":"Weak Potion"}],"is_trial":false,"path_per_floor":["M","?","$","M","M","R","E","R","T","R","E","M","?","M","R","B",null,"M","?","M","M","T","E","R","E","T","M","$","R","M","?","R","B",null,"M","$","?","T","M","E"],"character_chosen":"WATCHER","items_purchased":["SandsOfTime","Scrawl+1","Dark Shackles+1","Strange Spoon","ClockworkSouvenir"],"campfire_rested":1,"item_purchase_floors":[3,28,28,28,36],"current_hp_per_floor":[59,53,53,51,47,47,47,47,47,47,37,37,37,16,16,16,55,55,55,55,34,44,13,36,1,1,1,16,16,16,6,21,35,67,63,78,78,78,63,0,0],"gold":66,"neow_bonus":"BOSS_RELIC","is_daily":false,"chose_seed":false,"campfire_upgraded":6,"win_rate":0.0,"timestamp":1613260182,"path_taken":["M","?","?","M","M","R","E","R","T","R","E","M","?","?","R","BOSS","M","?","M","M","?","E","R","E","T","M","$","R","?","?","R","BOSS","M","$","?","?","M","E"],"items_purchased_type":["Card","Card","Card","Relic","Relic"],"build_version":"2020-12-18","purchased_purges":1,"victory":false,"max_hp_per_floor":[68,68,68,68,68,68,68,68,68,68,68,68,68,68,68,68,68,68,68,68,68,78,78,78,78,78,78,78,78,78,78,78,78,78,78,78,78,78,78,78,78],"relic_stats":{"Happy Flower":[16],"counters":[21,67],"Eternal Feather":15,"Question Card":15,"Strange Spoon":[6],"Centennial Puzzle":[21],"Busted Crown":4,"Pantograph":25,"Bronze Scales":[21],"MealTicket":30,"Tiny Chest":2,"VioletLotus":[16],"Black Star":4,"obtain_stats":[{"Pear":22,"Happy Flower":11,"Eternal Feather":31,"Question Card":7,"ClockworkSouvenir":36,"Strange Spoon":28,"Bottled Flame":11,"Anchor":23,"Centennial Puzzle":23,"Busted Crown":34,"Pantograph":25,"Bronze Scales":38,"MealTicket":7,"Tiny Chest":9,"VioletLotus":17,"Black Star":0,"Red Mask":37,"PureWater":0,"Toxic Egg 2":25,"Toy Ornithopter":26,"Pocketwatch":31},{"Pear":11,"Happy Flower":5,"Eternal Feather":17,"Question Card":4,"ClockworkSouvenir":19,"Strange Spoon":14,"Bottled Flame":5,"Anchor":12,"Centennial Puzzle":12,"Busted Crown":18,"Pantograph":13,"Bronze Scales":19,"MealTicket":4,"Tiny Chest":4,"VioletLotus":8,"Black Star":0,"Red Mask":19,"PureWater":0,"Toxic Egg 2":13,"Toy Ornithopter":13,"Pocketwatch":17},{"Pear":34,"Happy Flower":17,"Eternal Feather":53,"Question Card":14,"ClockworkSouvenir":60,"Strange Spoon":44,"Bottled Flame":17,"Anchor":38,"Centennial Puzzle":38,"Busted Crown":58,"Pantograph":41,"Bronze Scales":60,"MealTicket":14,"Tiny Chest":14,"VioletLotus":26,"Black Star":0,"Red Mask":60,"PureWater":0,"Toxic Egg 2":41,"Toy Ornithopter":41,"Pocketwatch":53}],"Toy Ornithopter":15,"Pocketwatch":[3]},"card_choices":[{"not_picked":["MentalFortress","SashWhip"],"picked":"FollowUp","floor":1.0},{"not_picked":["Protect","JustLucky"],"picked":"FlurryOfBlows","floor":4.0},{"not_picked":["LikeWater","Prostrate"],"picked":"FlyingSleeves","floor":5.0},{"not_picked":["InnerPeace","FollowUp"],"picked":"FlurryOfBlows","floor":7.0},{"not_picked":["SashWhip","Perseverance","Crescendo"],"picked":"ThirdEye","floor":11.0},{"not_picked":["Evaluate","EmptyBody","Prostrate"],"picked":"Vengeance","floor":12.0},{"not_picked":["LikeWater","ReachHeaven","Omniscience"],"picked":"FearNoEvil","floor":14.0},{"not_picked":["MasterReality","Devotion","ConjureBlade"],"picked":"Brilliance","floor":16.0},{"not_picked":["FearNoEvil","CrushJoints","WheelKick"],"picked":"Meditate","floor":18.0},{"not_picked":["BowlingBash","CutThroughFate","CrushJoints"],"picked":"ThirdEye+1","floor":20.0},{"not_picked":["ReachHeaven","Consecrate","CutThroughFate"],"picked":"EmptyBody","floor":21.0},{"not_picked":["Ragnarok","Halt","SashWhip"],"picked":"Weave","floor":23.0},{"not_picked":["Consecrate","JustLucky","Protect+1"],"picked":"CutThroughFate","floor":25.0},{"not_picked":["FollowUp","Protect+1","EmptyBody+1","FearNoEvil"],"picked":"SKIP","floor":27.0},{"not_picked":["CutThroughFate","Collect+1","ClearTheMind+1"],"picked":"SashWhip+1","floor":30.0},{"not_picked":["WindmillStrike","JustLucky","Conclude"],"picked":"Crescendo+1","floor":31},{"not_picked":["Scrawl+1","SpiritShield+1","LessonLearned"],"picked":"Vault+1","floor":33},{"not_picked":["Crescendo+1","JustLucky+1"],"picked":"SKIP","floor":35},{"not_picked":["BowlingBash"],"picked":"TalkToTheHand","floor":39}],"player_experience":1335990,"relics_obtained":[{"floor":7.0,"key":"MealTicket"},{"floor":7.0,"key":"Question Card"},{"floor":9.0,"key":"Tiny Chest"},{"floor":11.0,"key":"Bottled Flame"},{"floor":11.0,"key":"Happy Flower"},{"floor":22.0,"key":"Pear"},{"floor":23.0,"key":"Anchor"},{"floor":23.0,"key":"Centennial Puzzle"},{"floor":25.0,"key":"Toxic Egg 2"},{"floor":25.0,"key":"Pantograph"},{"floor":26.0,"key":"Toy Ornithopter"},{"floor":31,"key":"Pocketwatch"},{"floor":31,"key":"Eternal Feather"},{"floor":38,"key":"Bronze Scales"}],"event_choices":[{"damage_healed":0.0,"max_hp_gain":0.0,"max_hp_loss":0.0,"gold_gain":50.0,"event_name":"FaceTrader","player_choice":"Touch","floor":2.0,"gold_loss":0.0,"damage_taken":6.0},{"damage_healed":0.0,"max_hp_gain":0.0,"max_hp_loss":0.0,"gold_gain":0.0,"cards_transformed":["Defend_P"],"event_name":"Living Wall","player_choice":"Change","floor":13.0,"gold_loss":0.0,"damage_taken":0.0,"cards_obtained":["Worship"]},{"damage_healed":0.0,"max_hp_gain":0.0,"max_hp_loss":0.0,"gold_gain":0.0,"event_name":"Ghosts","player_choice":"Ignored","floor":19.0,"gold_loss":0.0,"damage_taken":0.0},{"damage_healed":0,"gold_gain":0,"player_choice":"Fight","damage_taken":0,"max_hp_gain":0,"max_hp_loss":0,"event_name":"Colosseum","floor":31,"gold_loss":0},{"damage_healed":0,"gold_gain":0,"player_choice":"Fought Nobs","damage_taken":0,"max_hp_gain":0,"max_hp_loss":0,"event_name":"Colosseum","floor":31,"gold_loss":0},{"damage_healed":0,"gold_gain":0,"player_choice":"Paid","damage_taken":0,"relics_obtained":["Red Mask"],"max_hp_gain":0,"max_hp_loss":0,"event_name":"Tomb of Lord Red Mask","floor":37,"gold_loss":41}],"is_beta":true,"boss_relics":[{"not_picked":["SacredBark","Snecko Eye"],"picked":"VioletLotus"},{"not_picked":["Tiny House","Sozu"],"picked":"Busted Crown"}],"items_purged_floors":[3],"is_endless":false,"potions_floor_spawned":[1,7,11,16,20,25,31,31,39],"killed_by":"Reptomancer","ascension_level":20}}