{"host":"7du22lxzqv5spo2i","time":1613176945,"event":{"mods":["AchievementEnabler","BaseMod","Minty Spire (QoL Compilation)","Quick Restart"],"gold_per_floor":[119,119,119,134,134,167,167,190,237,271,284,284,52,70,70,191,191,216,210,66,66,66],"floor_reached":21,"language":"ENG","playtime":1097,"items_purged":["Strike_P"],"score":277,"play_id":"52f513d6-79ae-44be-a6c7-87e1aeac8c8e","local_time":"20210212184225","is_ascension_mode":true,"campfire_choices":[{"data":"Study","floor":7.0,"key":"SMITH"},{"data":"Eruption","floor":15.0,"key":"SMITH"}],"circlet_count":0,"master_deck":["Strike_P","Strike_P","Defend_P","Defend_P","Defend_P","Defend_P","Eruption+1","Vigilance","LikeWater","ThirdEye","Study+1","BattleHymn","ReachHeaven","Alpha"],"relics":["PureWater","Ice Cream","Golden Idol","Ancient Tea Set","MealTicket","Pocketwatch","Vajra","Black Star","Blood Vial"],"acts_visited":["Exordium","TheCity"],"potions_floor_usage":[18],"damage_taken":[{"damage":0.0,"enemies":"Small Slimes","floor":1.0,"turns":2.0},{"damage":0.0,"enemies":"Jaw Worm","floor":4.0,"turns":6.0},{"damage":0.0,"enemies":"Gremlin Nob","floor":6.0,"turns":2.0},{"damage":0.0,"enemies":"Cultist","floor":8.0,"turns":4.0},{"damage":3.0,"enemies":"Lagavulin","floor":10.0,"turns":7.0},{"damage":0.0,"enemies":"Blue Slaver","floor":11.0,"turns":4.0},{"damage":8.0,"enemies":"Exordium Thugs","floor":14.0,"turns":4.0},{"damage":3.0,"enemies":"The Guardian","floor":16.0,"turns":6.0},{"damage":21,"enemies":"3 Byrds","floor":18,"turns":4},{"damage":15,"enemies":"2 Thieves","floor":19,"turns":4},{"damage":0,"enemies":"Shelled Parasite and Fungi","floor":21,"turns":1}],"seed_played":"8901165333554350416","potions_obtained":[{"floor":4.0,"key":"Strength Potion"},{"floor":5.0,"key":"DuplicationPotion"},{"floor":5.0,"key":"ColorlessPotion"},{"floor":8.0,"key":"Ancient Potion"},{"floor":14.0,"key":"Energy Potion"},{"floor":19,"key":"FearPotion"}],"is_trial":false,"path_per_floor":["M","?","?","M","?","E","R","M","T","E","M","?","$","M","R","B",null,"M","M","$","M"],"character_chosen":"WATCHER","items_purchased":["Vajra","Blood Vial"],"campfire_rested":0,"item_purchase_floors":[13,20],"current_hp_per_floor":[65,65,49,49,49,49,49,49,49,46,46,46,61,53,53,50,65,44,29,44,46,46],"gold":66,"neow_bonus":"ONE_RARE_RELIC","is_daily":false,"chose_seed":false,"campfire_upgraded":2,"win_rate":0.0,"timestamp":1613176945,"path_taken":["M","?","?","?","?","E","R","?","T","E","M","?","?","M","R","BOSS","M","M","$","M"],"items_purchased_type":["Relic","Relic"],"build_version":"2020-12-22","purchased_purges":1,"victory":false,"max_hp_per_floor":[65,65,65,65,65,65,65,65,65,65,65,65,65,65,65,65,65,65,65,65,65,65],"card_choices":[{"not_picked":["FlyingSleeves","BowlingBash"],"picked":"LikeWater","floor":1.0},{"not_picked":["Halt","WheelKick"],"picked":"ThirdEye","floor":4.0},{"not_picked":["CrushJoints","BattleHymn"],"picked":"Study","floor":6.0},{"not_picked":["Wallop","JustLucky"],"picked":"BattleHymn","floor":8.0},{"not_picked":["BowlingBash","WindmillStrike","Meditate"],"picked":"SKIP","floor":10.0},{"not_picked":["CarveReality","Fasting2","FlyingSleeves"],"picked":"SKIP","floor":11.0},{"not_picked":["Evaluate","PathToVictory","BowlingBash"],"picked":"SKIP","floor":14.0},{"not_picked":["LessonLearned","DeusExMachina"],"picked":"Alpha","floor":16.0},{"not_picked":["EmptyBody","EmptyFist","BowlingBash"],"picked":"SKIP","floor":18},{"not_picked":["MentalFortress","Evaluate","Prostrate+1"],"picked":"SKIP","floor":19}],"player_experience":555266,"relics_obtained":[{"floor":6.0,"key":"Ancient Tea Set"},{"floor":9.0,"key":"MealTicket"},{"floor":10.0,"key":"Pocketwatch"}],"event_choices":[{"damage_healed":0.0,"max_hp_gain":0.0,"max_hp_loss":0.0,"gold_gain":0.0,"event_name":"Liars Game","player_choice":"Ignored","floor":2.0,"gold_loss":0.0,"damage_taken":0.0},{"damage_healed":0.0,"max_hp_gain":0.0,"max_hp_loss":0.0,"gold_gain":0.0,"event_name":"Golden Idol","player_choice":"Take Damage","floor":3.0,"gold_loss":0.0,"damage_taken":16.0,"relics_obtained":["Golden Idol"]},{"damage_healed":0.0,"max_hp_gain":0.0,"max_hp_loss":0.0,"gold_gain":0.0,"event_name":"Lab","player_choice":"Got Potions","floor":5.0,"gold_loss":0.0,"damage_taken":0.0},{"damage_healed":0.0,"max_hp_gain":0.0,"max_hp_loss":0.0,"gold_gain":0.0,"cards_transformed":["Strike_P"],"event_name":"Transmorgrifier","player_choice":"Transformed","floor":12.0,"gold_loss":0.0,"damage_taken":0.0,"cards_obtained":["ReachHeaven"]}],"is_beta":false,"boss_relics":[{"not_picked":["Fusion Hammer","Runic Pyramid"],"picked":"Black Star"}],"items_purged_floors":[13],"is_endless":false,"potions_floor_spawned":[4,8,14,19],"killed_by":"Shelled Parasite and Fungi","ascension_level":1}}