{"host":"vrqilyg3eq27f2tn","time":1613182194,"event":{"mods":["2.2 Compatiblity","Aspiration","BaseMod","Colored Powertips","Downfall","Friendly Minions","Hermit","Minty Spire (QoL Compilation)","Relic Stats","Reliquary","Replay The Spire","StSLib","The Cursed"],"gold_per_floor":[113,113,127,127,151,195,195,219,273,273,297,297,312,312,312,312,312],"floor_reached":16,"language":"ENG","playtime":746,"items_purged":[],"score":102,"play_id":"bd17cfc0-53c8-4a8a-87be-8f394625d4ad","local_time":"20210212210954","is_ascension_mode":false,"campfire_choices":[{"data":"Eruption","floor":7,"key":"SMITH"},{"floor":10,"key":"REST"},{"data":"Night Terror","floor":15,"key":"SMITH"}],"circlet_count":0,"master_deck":["Strike_P","Strike_P","Strike_P","Defend_P","Defend_P","Eruption+1","Vigilance","Injury","CarveReality","Die Die Die","Night Terror+1","PiercingWail"],"relics":["PureWater","aspiration:Nostalgia","Replay:M_StaffOfTheSnake","Golden Idol","Happy Flower","aspiration:StickyExplosives_weak","reliquary:ExpiredCoupon","Bottled Flame"],"acts_visited":["Exordium"],"potions_floor_usage":[],"damage_taken":[{"damage":4,"enemies":"Jaw Worm","floor":1,"turns":4},{"damage":0,"enemies":"2 Louse","floor":3,"turns":2},{"damage":0,"enemies":"Small Slimes","floor":5,"turns":1},{"damage":49,"enemies":"3 Sentries","floor":6,"turns":11},{"damage":0,"enemies":"Red Slaver","floor":8,"turns":1},{"damage":0,"enemies":"Exordium Wildlife","floor":11,"turns":2},{"damage":0,"enemies":"Blue Slaver","floor":13,"turns":1},{"damage":38,"enemies":"Hexaghost","floor":16,"turns":5}],"seed_played":"-2132883420171161028","potions_obtained":[{"floor":6,"key":"Block Potion"},{"floor":8,"key":"Ancient Potion"},{"floor":11,"key":"AttackPotion"}],"is_trial":false,"path_per_floor":["M","?","M","?","M","E","R","M","T","R","M","?","M","T","R","B"],"character_chosen":"WATCHER","items_purchased":[],"campfire_rested":1,"item_purchase_floors":[],"current_hp_per_floor":[68,68,68,65,65,16,16,16,16,37,37,37,37,37,37,0,0],"gold":312,"neow_bonus":"NOSTALGIA","is_daily":false,"chose_seed":false,"campfire_upgraded":2,"win_rate":0.0,"timestamp":1613182194,"path_taken":["M","?","M","?","M","E","R","M","T","R","M","?","?","?","R","BOSS"],"items_purchased_type":[],"build_version":"2020-12-22","purchased_purges":0,"victory":false,"max_hp_per_floor":[72,72,72,72,72,72,72,72,72,72,72,72,72,72,72,72,72],"relic_stats":{"Happy Flower":[7],"counters":[8,27],"Golden Idol":30,"obtain_stats":[{"reliquary:ExpiredCoupon":9,"Bottled Flame":14,"Replay:M_StaffOfTheSnake":0,"Happy Flower":4,"aspiration:Nostalgia":0,"Golden Idol":2,"PureWater":0,"aspiration:StickyExplosives_weak":6},{"reliquary:ExpiredCoupon":5,"Bottled Flame":7,"Replay:M_StaffOfTheSnake":0,"Happy Flower":2,"aspiration:Nostalgia":0,"Golden Idol":1,"PureWater":0,"aspiration:StickyExplosives_weak":4},{"reliquary:ExpiredCoupon":19,"Bottled Flame":22,"Replay:M_StaffOfTheSnake":0,"Happy Flower":6,"aspiration:Nostalgia":0,"Golden Idol":4,"PureWater":0,"aspiration:StickyExplosives_weak":18}]},"card_choices":[{"not_picked":["FlyingSleeves","Crescendo","Collect"],"picked":"SKIP","floor":1},{"not_picked":["Weave","Replay:ManipulateFuture"],"picked":"CarveReality","floor":3},{"not_picked":["DeceiveReality","Collect","Replay:Cycle"],"picked":"SKIP","floor":5},{"not_picked":["EmptyFist","WheelKick","EmptyBody"],"picked":"SKIP","floor":6},{"not_picked":["Adaptation","Worship","Indignation"],"picked":"SKIP","floor":8},{"not_picked":["SandsOfTime","DeceiveReality","Crescendo"],"picked":"SKIP","floor":11},{"not_picked":["SandsOfTime","Dagger Throw","DeceiveReality"],"picked":"SKIP","floor":13}],"player_experience":361284,"relics_obtained":[{"floor":6,"key":"aspiration:StickyExplosives_weak"},{"floor":9,"key":"reliquary:ExpiredCoupon"},{"floor":14,"key":"Bottled Flame"}],"event_choices":[{"damage_healed":0,"gold_gain":0,"player_choice":"Take Wound","damage_taken":0,"relics_obtained":["Golden Idol"],"max_hp_gain":0,"max_hp_loss":0,"event_name":"Golden Idol","floor":2,"gold_loss":0,"cards_obtained":["Injury"]},{"damage_healed":0,"gold_gain":0,"player_choice":"Success","damage_taken":3,"relics_obtained":["Happy Flower"],"max_hp_gain":0,"max_hp_loss":0,"event_name":"Scrap Ooze","floor":4,"gold_loss":0}],"is_beta":false,"boss_relics":[],"items_purged_floors":[],"is_endless":false,"potions_floor_spawned":[6,8,11,13],"killed_by":"Hexaghost","ascension_level":0}}