{"host":"m6e09adb7fik7oct","time":1613251471,"event":{"mods":["AchievementEnabler","BaseMod","Better Altar","Better Note","Better Sensory Stone","Better Third Choice","BetterRewards","Block Reminder","Colored Map","Displayed Cursed Tome","Energized Spire","Evolution","Infinite Spire","Ironclad Rager","Key Reminder","Mad Scientist","Minty Spire (QoL Compilation)","Quick Restart","RNG Fix","Relic Stats","Reorder Act Four","Replay The Spire","StSLib","The Construct","The Jungle","The Marked","Trackpad","Transform Curses","Unceasing Turn Reminder","Wandering Minibosses","everything is the same but u backflip on backflip"],"gold_per_floor":[114,129,144,159,174,174,504,50,75,90,90,120,135,165,165,265,265,280,52,67,82,82,97,97,97,172,187,187,217,232,232,232,332,332,347,362,377,377,377],"floor_reached":38,"language":"ENG","playtime":4599,"items_purged":["Conserve Battery","Replay:Parry"],"score":597,"play_id":"53d710ed-d25d-4f2b-b579-eb6ea43ec2ba","local_time":"20210213162431","daily_mods":["Allstar","Vintage","Binary"],"is_ascension_mode":false,"campfire_choices":[{"data":"Mind Blast","floor":6.0,"key":"SMITH"},{"floor":15.0,"key":"DIG"},{"data":"Beam Cell","floor":24.0,"key":"SMITH"},{"data":"RitualDagger","floor":28.0,"key":"SMITH"},{"data":"Sunder","floor":32.0,"key":"SMITH"}],"circlet_count":0,"master_deck":["Compile Driver","Compile Driver","Compile Driver","Compile Driver","Conserve Battery","Conserve Battery","Conserve Battery","Zap","Dualcast","Mind Blast+1","Panacea","Replay:Sssssssssshield","Sadistic Nature","Melter","Beam Cell+1","ICR:FrostFall","Self Repair","Double Energy","Core Surge","Sunder+1","Rip and Tear","RitualDagger+1","Fusion","Seek"],"relics":["Sizzling Blood","EVO:Axolotl","InkBottle","trackpad:SappingStone","trackpad:DisasterInABottle","Divine Protection","Replay:Bottled Snecko","Old Coin","Eternal Feather","Lantern","infinitespire:Freezer","infinitespire:Cubic Diamond","MealTicket","Toy Ornithopter","Letter Opener","trackpad:MiracleGrow","trackpad:Mousetrap","Prayer Wheel","trackpad:AdjectivePendant","ReplayTheSpireMod:Ninjato","Black Star","Replay:Frozen Program","Happy Flower","Gremlin Horn","trackpad:ToughGloves","Replay:PocketPolymizer","Quantum Egg","Singing Bowl","SlaversCollar","Bag of Marbles","Pantograph","Strawberry"],"acts_visited":["Exordium","TheCity","TheBeyond"],"potions_floor_usage":[38],"damage_taken":[{"damage":5.0,"enemies":"2 Louse","floor":1.0,"turns":2.0},{"damage":9.0,"enemies":"Cultist","floor":2.0,"turns":5.0},{"damage":0.0,"enemies":"Small Slimes","floor":3.0,"turns":3.0},{"damage":10.0,"enemies":"Red Slaver","floor":4.0,"turns":2.0},{"damage":0.0,"enemies":"Lots of Slimes","floor":5.0,"turns":2.0},{"damage":0.0,"enemies":"3 Sentries","floor":7.0,"turns":4.0},{"damage":0.0,"enemies":"Blue Slaver","floor":10.0,"turns":2.0},{"damage":0.0,"enemies":"Lagavulin","floor":12.0,"turns":4.0},{"damage":0.0,"enemies":"2 Fungi Beasts","floor":13.0,"turns":2.0},{"damage":0.0,"enemies":"Gremlin Nob","floor":14.0,"turns":4.0},{"damage":30.0,"enemies":"Hexaghost","floor":16.0,"turns":8.0},{"damage":0.0,"enemies":"3 Byrds","floor":18.0,"turns":4.0},{"damage":2.0,"enemies":"2 Thieves","floor":20.0,"turns":3.0},{"damage":11.0,"enemies":"Chosen and Byrds","floor":21.0,"turns":7.0},{"damage":0.0,"enemies":"Shelled Parasite and Fungi","floor":23.0,"turns":3.0},{"damage":2.0,"enemies":"Snake Plant","floor":27.0,"turns":3.0},{"damage":0.0,"enemies":"Nightmare","floor":29.0,"turns":4.0},{"damage":0.0,"enemies":"Centurion and Healer","floor":30.0,"turns":2.0},{"damage":22.0,"enemies":"Automaton","floor":33.0,"turns":6.0},{"damage":8,"enemies":"Orb Walker","floor":35,"turns":6},{"damage":0,"enemies":"3 Darklings","floor":36,"turns":1},{"damage":0,"enemies":"Jaw Worm Horde","floor":37,"turns":1},{"damage":0,"enemies":"infinitespire:Three Voidlings","floor":38,"turns":1},{"damage":86,"enemies":"Nightmare_Alpha","floor":38,"turns":6}],"seed_played":"-587577638262706789","potions_obtained":[{"floor":2.0,"key":"Toxic Potion"},{"floor":4.0,"key":"Reflective Coating"},{"floor":5.0,"key":"AttackPotion"},{"floor":7.0,"key":"Fire Potion"},{"floor":23.0,"key":"Elixir"}],"is_trial":false,"path_per_floor":["M","M","M","M","M","R","E","$","T","M","?","E","M","E","R_BF","B",null,"M","$","M","M","AVR","M","R","?","T","M","R","NM","M","?","R","B",null,"M","M","M","?"],"character_chosen":"DEFECT","items_purchased":["Eternal Feather","Beam Cell","ICR:FrostFall","ReplayTheSpireMod:Fabricate Wheel","Sunder","Rip and Tear"],"campfire_rested":0,"item_purchase_floors":[8,8,8,19,19,19],"current_hp_per_floor":[70,61,61,51,51,51,51,51,51,51,51,55,59,70,75,49,75,75,75,75,75,75,75,75,69,69,75,75,75,75,75,75,64,75,75,75,82,0,0],"gold":377,"neow_bonus":"","is_daily":true,"chose_seed":false,"campfire_upgraded":4,"win_rate":0.0,"timestamp":1613251471,"path_taken":["M","?","M","M","M","R","E","$","T","M","?","E","M","E","R_BF","BOSS","M","$","?","M","AVR","M","R","?","T","M","R","NM","?","?","R","BOSS","M","M","M","?"],"items_purchased_type":["Relic","Card","Card","Card","Card","Card"],"build_version":"2020-12-22","purchased_purges":2,"victory":false,"max_hp_per_floor":[75,75,75,75,75,75,75,75,75,75,75,75,75,75,75,75,75,75,75,75,75,75,75,75,75,75,75,75,75,75,75,75,75,75,75,75,82,82,82],"relic_stats":{"Happy Flower":[10],"Gremlin Horn":[11,11],"Singing Bowl":0,"counters":[24,85],"Eternal Feather":5,"Letter Opener":[63],"Pantograph":0,"MealTicket":0,"Prayer Wheel":0,"Black Star":1,"obtain_stats":[{"Divine Protection":4,"trackpad:Mousetrap":18,"Lantern":9,"Replay:PocketPolymizer":29,"Gremlin Horn":26,"Singing Bowl":30,"infinitespire:Cubic Diamond":11,"Sizzling Blood":11,"EVO:Axolotl":0,"trackpad:DisasterInABottle":3,"Old Coin":7,"trackpad:ToughGloves":27,"Replay:Frozen Program":22,"Pantograph":36,"Strawberry":37,"MealTicket":12,"Prayer Wheel":20,"Replay:Bottled Snecko":5,"trackpad:AdjectivePendant":20,"Cracked Core":0,"InkBottle":1,"trackpad:MiracleGrow":15,"ReplayTheSpireMod:Ninjato":21,"Happy Flower":23,"trackpad:SappingStone":2,"Quantum Egg":29,"Eternal Feather":8,"Letter Opener":14,"SlaversCollar":34,"Black Star":22,"Bag of Marbles":35,"Toy Ornithopter":13,"infinitespire:Freezer":10},{"Divine Protection":4,"trackpad:Mousetrap":12,"Lantern":6,"Replay:PocketPolymizer":17,"Gremlin Horn":15,"Singing Bowl":18,"infinitespire:Cubic Diamond":7,"Sizzling Blood":7,"EVO:Axolotl":0,"trackpad:DisasterInABottle":3,"Old Coin":6,"trackpad:ToughGloves":16,"Replay:Frozen Program":14,"Pantograph":21,"Strawberry":22,"MealTicket":8,"Prayer Wheel":13,"Replay:Bottled Snecko":5,"trackpad:AdjectivePendant":13,"Cracked Core":0,"InkBottle":1,"trackpad:MiracleGrow":10,"ReplayTheSpireMod:Ninjato":14,"Happy Flower":15,"trackpad:SappingStone":2,"Quantum Egg":17,"Eternal Feather":6,"Letter Opener":10,"SlaversCollar":19,"Black Star":14,"Bag of Marbles":20,"Toy Ornithopter":9,"infinitespire:Freezer":7},{"Divine Protection":12,"trackpad:Mousetrap":42,"Lantern":18,"Replay:PocketPolymizer":62,"Gremlin Horn":55,"Singing Bowl":64,"infinitespire:Cubic Diamond":20,"Sizzling Blood":20,"EVO:Axolotl":0,"trackpad:DisasterInABottle":10,"Old Coin":18,"trackpad:ToughGloves":58,"Replay:Frozen Program":52,"Pantograph":77,"Strawberry":78,"MealTicket":24,"Prayer Wheel":44,"Replay:Bottled Snecko":14,"trackpad:AdjectivePendant":45,"Cracked Core":0,"InkBottle":2,"trackpad:MiracleGrow":30,"ReplayTheSpireMod:Ninjato":52,"Happy Flower":55,"trackpad:SappingStone":7,"Quantum Egg":62,"Eternal Feather":18,"Letter Opener":30,"SlaversCollar":70,"Black Star":52,"Bag of Marbles":76,"Toy Ornithopter":26,"infinitespire:Freezer":20}],"InkBottle":[34],"Toy Ornithopter":0},"card_choices":[{"not_picked":["Conserve Battery"],"picked":"Melter","floor":7.0},{"not_picked":["BasicCrystalCard"],"picked":"Self Repair","floor":12.0},{"not_picked":["Gash"],"picked":"Double Energy","floor":14.0},{"not_picked":["ReplayTheSpireMod:Omega Cannon"],"picked":"Core Surge","floor":16.0},{"not_picked":["Reprogram"],"picked":"Fusion","floor":29.0},{"not_picked":["Rainbow"],"picked":"Seek","floor":33.0}],"player_experience":407966,"relics_obtained":[{"floor":1.0,"key":"InkBottle"},{"floor":2.0,"key":"trackpad:SappingStone"},{"floor":3.0,"key":"trackpad:DisasterInABottle"},{"floor":4.0,"key":"Divine Protection"},{"floor":5.0,"key":"Replay:Bottled Snecko"},{"floor":7.0,"key":"Old Coin"},{"floor":9.0,"key":"Lantern"},{"floor":10.0,"key":"infinitespire:Freezer"},{"floor":12.0,"key":"MealTicket"},{"floor":13.0,"key":"Toy Ornithopter"},{"floor":14.0,"key":"Letter Opener"},{"floor":15.0,"key":"trackpad:MiracleGrow"},{"floor":18.0,"key":"trackpad:Mousetrap"},{"floor":20.0,"key":"trackpad:AdjectivePendant"},{"floor":21.0,"key":"ReplayTheSpireMod:Ninjato"},{"floor":23.0,"key":"Happy Flower"},{"floor":26.0,"key":"Gremlin Horn"},{"floor":27.0,"key":"trackpad:ToughGloves"},{"floor":29.0,"key":"Replay:PocketPolymizer"},{"floor":29.0,"key":"Quantum Egg"},{"floor":30.0,"key":"Singing Bowl"},{"floor":35,"key":"Bag of Marbles"},{"floor":36,"key":"Pantograph"},{"floor":37,"key":"Strawberry"}],"event_choices":[{"damage_healed":0.0,"max_hp_gain":0.0,"max_hp_loss":0.0,"gold_gain":0.0,"event_name":"betterThird:BetterNest","player_choice":"Dagger","floor":25.0,"gold_loss":0.0,"damage_taken":6.0,"cards_obtained":["RitualDagger"]},{"damage_healed":0.0,"max_hp_gain":0.0,"max_hp_loss":0.0,"gold_gain":0.0,"event_name":"Match and Keep!","player_choice":"0 cards matched","floor":31.0,"gold_loss":0.0,"damage_taken":0.0,"cards_obtained":[]}],"is_beta":false,"boss_relics":[{"not_picked":["Fusion Hammer","Replay:Drink Me","ReplayTheSpireMod:DimensionalGlitch"]},{"not_picked":["Velvet Choker","Sozu"],"picked":"SlaversCollar"}],"items_purged_floors":[8,22],"is_endless":true,"potions_floor_spawned":[2,4,5,7,12,14,23,27,30,33,36],"killed_by":"Nightmare_Alpha","ascension_level":0}}