{"host":"i8x3uekhioq8aaet","time":1613196089,"event":{"mods":["AchievementEnabler","BaseMod","Colored Map","Colored Powertips","DeckTracker","Minty Spire (QoL Compilation)","Relic Sorter","StSLib"],"gold_per_floor":[118,418,40,53,18,18,44,44,68,97,108,108,118,137,137,235,235,253,28,28,28,101,101,118,146,146,159,172,172,172,191,191,293,293,309,309,320,320,337,337,355,355,355,366,39,39,57,57,57,57],"floor_reached":51,"language":"ZHT","playtime":1601,"items_purged":["Normality"],"score":900,"play_id":"b3af63b5-901a-4b00-bd54-6f5b8c9efc8f","local_time":"20210213140129","is_ascension_mode":true,"campfire_choices":[{"data":"Perfected Strike","floor":6.0,"key":"SMITH"},{"data":"Limit Break","floor":15.0,"key":"SMITH"},{"floor":23.0,"key":"REST"},{"floor":32.0,"key":"REST"},{"floor":40.0,"key":"REST"},{"data":"Perfected Strike","floor":42.0,"key":"SMITH"},{"data":"Fire Breathing","floor":49.0,"key":"SMITH"}],"circlet_count":0,"master_deck":["Strike_R","Strike_R","Strike_R","Defend_R","Defend_R","Defend_R","Bash","Thunderclap","Inflame","Perfected Strike+1","Carnage","Anger","Dropkick","Limit Break+1","Reaper","CurseOfTheBell","True Grit+1","Shrug It Off","Parasite","Flame Barrier","Perfected Strike+1","Immolate","Armaments+1","Feed","Infernal Blade","Madness","Madness","Flame Barrier+1","Parasite","Entrench","Carnage+1","Blood for Blood","Fire Breathing+1","Pummel+1"],"relics":["Cursed Key","Old Coin","FossilizedHelix","Lizard Tail","Lantern","Tiny Chest","Calling Bell","Regal Pillow","Question Card","CaptainsWheel","HornCleat","Toy Ornithopter","Snecko Eye","Toolbox"],"acts_visited":["Exordium","TheCity","TheBeyond"],"potions_floor_usage":[50,50],"damage_taken":[{"damage":0.0,"enemies":"Small Slimes","floor":1.0,"turns":3.0},{"damage":0.0,"enemies":"Jaw Worm","floor":4.0,"turns":2.0},{"damage":0.0,"enemies":"Gremlin Nob","floor":7.0,"turns":3.0},{"damage":15.0,"enemies":"Lagavulin","floor":10.0,"turns":4.0},{"damage":0.0,"enemies":"2 Louse","floor":11.0,"turns":2.0},{"damage":0.0,"enemies":"Red Slaver","floor":13.0,"turns":2.0},{"damage":0.0,"enemies":"3 Louse","floor":14.0,"turns":3.0},{"damage":51.0,"enemies":"Hexaghost","floor":16.0,"turns":8.0},{"damage":45.0,"enemies":"3 Byrds","floor":18.0,"turns":6.0},{"damage":19.0,"enemies":"Spheric Guardian","floor":24.0,"turns":6.0},{"damage":21.0,"enemies":"Slavers","floor":25.0,"turns":6.0},{"damage":31.0,"enemies":"Centurion and Healer","floor":27.0,"turns":7.0},{"damage":6.0,"enemies":"Chosen and Byrds","floor":28.0,"turns":4.0},{"damage":27.0,"enemies":"Cultist and Chosen","floor":31.0,"turns":8.0},{"damage":74.0,"enemies":"Collector","floor":33.0,"turns":12.0},{"damage":0.0,"enemies":"3 Darklings","floor":35.0,"turns":4.0},{"damage":1.0,"enemies":"Orb Walker","floor":37.0,"turns":4.0},{"damage":0.0,"enemies":"Writhing Mass","floor":39.0,"turns":5.0},{"damage":17.0,"enemies":"Transient","floor":41.0,"turns":5.0},{"damage":8.0,"enemies":"3 Darklings","floor":44.0,"turns":6.0},{"damage":0.0,"enemies":"Jaw Worm Horde","floor":47.0,"turns":4.0},{"damage":0.0,"enemies":"Transient","floor":48.0,"turns":1.0},{"damage":95,"enemies":"Donu and Deca","floor":50,"turns":8}],"seed_played":"7934999225456957070","potions_obtained":[{"floor":1.0,"key":"ElixirPotion"},{"floor":4.0,"key":"ElixirPotion"},{"floor":13.0,"key":"ElixirPotion"},{"floor":16.0,"key":"Strength Potion"},{"floor":25.0,"key":"SneckoOil"},{"floor":27.0,"key":"LiquidMemories"},{"floor":28.0,"key":"Dexterity Potion"},{"floor":39.0,"key":"Energy Potion"},{"floor":44.0,"key":"SmokeBomb"}],"is_trial":false,"path_per_floor":["M","?","$","M","?","R","E","?","T","E","M","?","M","M","R","B",null,"M","$","?","$","T","R","M","E","T","M","M","?","?","M","R","B",null,"M","?","M","T","M","R","M","R","T","M","$","?","M","M","R","B",null],"character_chosen":"IRONCLAD","items_purchased":["FossilizedHelix","Inflame","Fruit Juice","Shrug It Off","Fire Breathing","Toolbox","SkillPotion","ColorlessPotion"],"campfire_rested":3,"item_purchase_floors":[3,3,19,19,45,45,45,45],"current_hp_per_floor":[72,60,60,60,80,80,80,80,80,65,65,65,65,65,65,14,64,29,34,34,34,34,74,55,47,47,38,41,25,55,41,83,16,72,72,61,69,69,69,90,82,82,82,79,79,79,85,90,90,6],"gold":57,"neow_bonus":"BOSS_RELIC","is_daily":false,"chose_seed":false,"campfire_upgraded":4,"win_rate":0.0,"timestamp":1613196089,"path_taken":["M","?","$","M","?","R","E","?","T","E","?","?","M","M","R","BOSS","M","$","?","$","?","R","M","E","T","M","M","?","?","M","R","BOSS","M","?","M","?","M","R","M","R","T","M","$","?","M","M","R","BOSS"],"items_purchased_type":["Relic","Card","Potion","Card","Card","Relic","Potion","Potion"],"build_version":"2020-12-22","purchased_purges":1,"victory":true,"max_hp_per_floor":[80,80,80,80,80,80,80,80,80,80,80,80,80,80,80,80,80,80,85,85,85,85,85,85,85,85,85,85,90,90,90,90,90,90,90,90,90,90,90,90,90,90,90,90,90,90,90,90,90,93],"card_choices":[{"not_picked":["Evolve","Rage"],"picked":"Thunderclap","floor":1.0},{"not_picked":["Body Slam","Clothesline"],"picked":"Perfected Strike","floor":4.0},{"not_picked":["Clash","Headbutt"],"picked":"Carnage","floor":7.0},{"not_picked":["Evolve","Combust","Thunderclap"],"picked":"SKIP","floor":10.0},{"not_picked":["Rage","Wild Strike"],"picked":"Anger","floor":11.0},{"not_picked":["Anger","Havoc"],"picked":"Dropkick","floor":13.0},{"not_picked":["Armaments","Clothesline"],"picked":"Limit Break","floor":14.0},{"not_picked":["Limit Break","Berserk"],"picked":"Reaper","floor":16.0},{"not_picked":["Infernal Blade","Rage","Shrug It Off"],"picked":"True Grit+1","floor":18.0},{"not_picked":["Searing Blow","Twin Strike+1","Sword Boomerang"],"picked":"Flame Barrier","floor":24.0},{"not_picked":["Armaments","Evolve","True Grit+1"],"picked":"Perfected Strike","floor":25.0},{"not_picked":["Uppercut","Anger","Metallicize+1"],"picked":"Immolate","floor":27.0},{"not_picked":["Flex","Cleave","Rage","Dark Embrace"],"picked":"SKIP","floor":28.0},{"not_picked":["Cleave+1","Carnage+1","Feed"],"picked":"Armaments+1","floor":31.0},{"not_picked":["Offering","Exhume","Double Tap"],"picked":"Feed","floor":33.0},{"not_picked":["Headbutt+1","Shrug It Off","Havoc"],"picked":"Infernal Blade","floor":35.0},{"not_picked":["Headbutt","Shrug It Off","Anger"],"picked":"Flame Barrier+1","floor":37.0},{"not_picked":["Warcry+1","Flex+1","Pommel Strike"],"picked":"Entrench","floor":39.0},{"not_picked":["Rampage","Intimidate+1","Blood for Blood"],"picked":"Carnage+1","floor":41.0},{"not_picked":["Body Slam","Iron Wave+1","Combust+1"],"picked":"Blood for Blood","floor":44.0},{"not_picked":["Cleave","Blood for Blood","Pommel Strike"],"picked":"Pummel+1","floor":47.0}],"player_experience":326527,"relics_obtained":[{"floor":7.0,"key":"Lizard Tail"},{"floor":9.0,"key":"Lantern"},{"floor":10.0,"key":"Tiny Chest"},{"floor":17.0,"key":"Regal Pillow"},{"floor":17.0,"key":"Question Card"},{"floor":17.0,"key":"CaptainsWheel"},{"floor":22.0,"key":"HornCleat"},{"floor":25.0,"key":"Toy Ornithopter"}],"event_choices":[{"damage_healed":0.0,"max_hp_gain":0.0,"max_hp_loss":0.0,"gold_gain":0.0,"event_name":"Scrap Ooze","player_choice":"Success","floor":2.0,"gold_loss":0.0,"damage_taken":12.0,"relics_obtained":["Old Coin"]},{"damage_healed":20.0,"max_hp_gain":0.0,"max_hp_loss":0.0,"gold_gain":0.0,"event_name":"The Cleric","player_choice":"Healed","floor":5.0,"gold_loss":35.0,"damage_taken":0.0},{"cards_removed":["Strike_R"],"damage_healed":0.0,"max_hp_gain":0.0,"max_hp_loss":0.0,"gold_gain":0.0,"event_name":"Purifier","player_choice":"Purged","floor":8.0,"gold_loss":0.0,"damage_taken":0.0},{"damage_healed":0.0,"max_hp_gain":0.0,"max_hp_loss":0.0,"gold_gain":0.0,"event_name":"Golden Idol","player_choice":"Ignored","floor":12.0,"gold_loss":0.0,"damage_taken":0.0},{"cards_removed":["Strike_R"],"damage_healed":0.0,"max_hp_gain":0.0,"max_hp_loss":0.0,"gold_gain":0.0,"event_name":"Back to Basics","player_choice":"Elegance","floor":20.0,"gold_loss":0.0,"damage_taken":0.0},{"damage_healed":0.0,"max_hp_gain":5.0,"max_hp_loss":0.0,"gold_gain":0.0,"event_name":"Forgotten Altar","player_choice":"Shed Blood","floor":29.0,"gold_loss":0.0,"damage_taken":21.0},{"damage_healed":30.0,"max_hp_gain":0.0,"max_hp_loss":0.0,"gold_gain":0.0,"event_name":"The Library","player_choice":"Heal","floor":30.0,"gold_loss":0.0,"damage_taken":0.0},{"damage_healed":0.0,"max_hp_gain":0.0,"max_hp_loss":0.0,"gold_gain":0.0,"event_name":"Winding Halls","player_choice":"Embrace Madness","floor":36.0,"gold_loss":0.0,"damage_taken":11.0,"cards_obtained":["Madness","Madness"]},{"cards_removed":["Defend_R"],"damage_healed":0.0,"max_hp_gain":0.0,"max_hp_loss":0.0,"gold_gain":0.0,"event_name":"Falling","player_choice":"Removed Skill","floor":46.0,"gold_loss":0.0,"damage_taken":0.0}],"is_beta":false,"boss_relics":[{"not_picked":["Fusion Hammer","Busted Crown"],"picked":"Calling Bell"},{"not_picked":["Mark of Pain","SlaversCollar"],"picked":"Snecko Eye"}],"items_purged_floors":[19],"is_endless":false,"potions_floor_spawned":[1,4,13,16,25,27,28,39,44,48],"ascension_level":6}}