{"host":"sum4dy402bbv9y4o","time":1613230885,"event":{"mods":["Aspiration","BaseMod","Conspire","Highlight Path","Minty Spire (QoL Compilation)","StSLib"],"gold_per_floor":[113,38,55,55,105,105,132,132,132,132,142,142,142],"floor_reached":12,"language":"ENG","playtime":540,"items_purged":["Defend_P"],"score":152,"play_id":"059aed0a-84ca-43ea-b6ae-bcbc88810dd5","local_time":"20210213184125","is_ascension_mode":true,"campfire_choices":[{"data":"Eruption","floor":6,"key":"SMITH"},{"data":"Weave","floor":8,"key":"SMITH"},{"data":"DeceiveReality","floor":10,"key":"SMITH"}],"circlet_count":0,"master_deck":["AscendersBane","Strike_P","Strike_P","Strike_P","Defend_P","Defend_P","Defend_P","Eruption+1","Vigilance","DeceiveReality+1","Wireheading","Weave+1","FlurryOfBlows"],"relics":["PureWater","Orichalcum","Damaru","Question Card"],"acts_visited":["Exordium"],"potions_floor_usage":[7,12],"damage_taken":[{"damage":1,"enemies":"Cultist","floor":1,"turns":4},{"damage":0,"enemies":"Small Slimes","floor":3,"turns":5},{"damage":26,"enemies":"3 Sentries","floor":7,"turns":19},{"damage":0,"enemies":"Jaw Worm","floor":11,"turns":3},{"damage":31,"enemies":"Gremlin Nob","floor":12,"turns":3}],"seed_played":"-2846233602415328533","potions_obtained":[{"floor":1,"key":"Dexterity Potion"},{"floor":11,"key":"Explosive Potion"}],"is_trial":false,"path_per_floor":["M","$","M","T","?","R","E","R","T","R","M","E"],"character_chosen":"WATCHER","items_purchased":[],"campfire_rested":0,"item_purchase_floors":[],"current_hp_per_floor":[60,60,60,60,54,54,28,28,28,28,28,0,0],"gold":142,"neow_bonus":"REMOVE_CARD","is_daily":false,"chose_seed":false,"campfire_upgraded":3,"win_rate":0.0,"timestamp":1613230885,"path_taken":["M","$","M","?","?","R","E","R","T","R","?","E"],"items_purchased_type":[],"build_version":"2020-12-22","purchased_purges":1,"victory":false,"max_hp_per_floor":[68,68,68,68,68,68,68,68,68,68,68,68,68],"card_choices":[{"not_picked":["FlyingSleeves","ForeignInfluence"],"picked":"DeceiveReality","floor":1},{"not_picked":["Crescendo","ThirdEye"],"picked":"Wireheading","floor":3},{"not_picked":["Sanctity","EmptyFist"],"picked":"Weave","floor":7},{"not_picked":["Worship","Indignation","Blasphemy"],"picked":"FlurryOfBlows","floor":11}],"player_experience":3095378,"relics_obtained":[{"floor":4,"key":"Orichalcum"},{"floor":7,"key":"Damaru"},{"floor":9,"key":"Question Card"}],"event_choices":[{"damage_healed":0,"gold_gain":50,"player_choice":"Touch","damage_taken":6,"max_hp_gain":0,"max_hp_loss":0,"event_name":"FaceTrader","floor":5,"gold_loss":0}],"is_beta":false,"boss_relics":[],"items_purged_floors":[2],"is_endless":false,"potions_floor_spawned":[1,11],"killed_by":"Gremlin Nob","ascension_level":20}}