{"host":"bvp2uifzy1c463d9","time":1613198916,"event":{"mods":["AchievementEnabler","BaseMod","Block Reminder","Bossed Relics","ChefMod","Colored Map","Colored Powertips","Energized Spire","Hermit","Highlight Path","Hubris","Infinite Spire","Minty Spire (QoL Compilation)","Random Character Button","Relic Sorter","Relic Stats","Reliquary","Replay The Spire","StSLib","The Blue Laboratory","The Jungle","The Servant 0.9.4","Wandering Minibosses"],"gold_per_floor":[119,138,148,167,167,167,50,61,61,91,91,91,91,91,91,188,188,207,223,242,242,261,287,287,287,287,298,298,298],"floor_reached":28,"language":"ENG","playtime":1535,"items_purged":[],"score":240,"play_id":"a6f306bc-4e6b-4007-acda-de6228579918","local_time":"20210213004836","is_ascension_mode":false,"campfire_choices":[{"data":"hubris:SlightOfHand","floor":6,"key":"SMITH"},{"data":"Neutralize","floor":11,"key":"SMITH"},{"data":"m_Survivalism","floor":13,"key":"SMITH"},{"data":"Envenom","floor":15,"key":"SMITH"},{"data":"Dodge and Roll","floor":24,"key":"SMITH"}],"circlet_count":0,"master_deck":["Strike_G","Strike_G","Strike_G","Defend_G","Defend_G","Defend_G","Defend_G","Neutralize+1","Crippling Poison","Poisoned Stab","Backflip+1","hubris:SlightOfHand+1","Envenom","Envenom+1","Dagger Spray","Storm of Steel","m_Survivalism+1","Replay:Bag of Tricks","Dodge and Roll+1","Hidden Blade+1","Finisher","Blade Dance","Choke","Backflip+1"],"relics":["reliquary:Ember","Snack Pack","reliquary:PartyBalloon","SacredBark","hubris:Towel","Blue Doll","Letter Opener"],"acts_visited":["Exordium","TheCity"],"potions_floor_usage":[16,18,20],"damage_taken":[{"damage":0,"enemies":"Jaw Worm","floor":1,"turns":4},{"damage":0,"enemies":"Small Slimes","floor":2,"turns":4},{"damage":0,"enemies":"2 Louse","floor":3,"turns":3},{"damage":14,"enemies":"Large Slime","floor":4,"turns":7},{"damage":0,"enemies":"3 Louse","floor":8,"turns":2},{"damage":27,"enemies":"3 Sentries","floor":10,"turns":9},{"damage":45,"enemies":"The Guardian","floor":16,"turns":12},{"damage":10,"enemies":"Chosen","floor":18,"turns":4},{"damage":19,"enemies":"Shell Parasite","floor":19,"turns":10},{"damage":14,"enemies":"Centurion and Healer","floor":20,"turns":6},{"damage":6,"enemies":"Snecko","floor":22,"turns":5},{"damage":29,"enemies":"Book of Stabbing","floor":23,"turns":7},{"damage":8,"enemies":"Snake Plant","floor":27,"turns":4},{"damage":40,"enemies":"Sentry and Sphere","floor":28,"turns":7}],"seed_played":"133871982034343676","potions_obtained":[{"floor":2,"key":"Energy Potion"},{"floor":10,"key":"FairyPotion"},{"floor":16,"key":"ColorlessPotion"},{"floor":19,"key":"blueLaboratory:BottledHope"},{"floor":27,"key":"FearPotion"}],"is_trial":false,"path_per_floor":["M","M","M","M","?","R","$","M","T","E","R","?","R","?","R","B",null,"M","M","M","?","M","E","R","?","T","M","M"],"character_chosen":"THE_SILENT","items_purchased":["Envenom"],"campfire_rested":0,"item_purchase_floors":[7],"current_hp_per_floor":[70,70,70,56,49,49,49,49,49,24,24,24,24,24,24,26,70,62,53,51,51,51,30,30,30,30,26,0,0],"gold":298,"neow_bonus":"BOSS_RELIC","is_daily":false,"chose_seed":false,"campfire_upgraded":5,"win_rate":0.0,"timestamp":1613198916,"path_taken":["M","M","M","M","?","R","$","M","T","E","R","?","R","?","R","BOSS","M","M","M","?","M","E","R","?","T","M","M"],"items_purchased_type":["Card"],"build_version":"2020-12-22","purchased_purges":0,"victory":false,"max_hp_per_floor":[70,70,70,70,70,70,70,70,70,70,70,70,70,70,70,70,70,70,70,70,70,70,70,70,70,70,70,70,70],"relic_stats":{"counters":[14,84],"Letter Opener":[15],"obtain_stats":[{"reliquary:PartyBalloon":10,"SacredBark":17,"Blue Doll":23,"reliquary:Ember":0,"Snack Pack":9,"Letter Opener":26,"hubris:Towel":21,"Ring of the Snake":0},{"reliquary:PartyBalloon":6,"SacredBark":7,"Blue Doll":12,"reliquary:Ember":0,"Snack Pack":5,"Letter Opener":12,"hubris:Towel":10,"Ring of the Snake":0},{"reliquary:PartyBalloon":29,"SacredBark":41,"Blue Doll":73,"reliquary:Ember":0,"Snack Pack":20,"Letter Opener":73,"hubris:Towel":61,"Ring of the Snake":0}]},"card_choices":[{"not_picked":["ReplayTheSpireMod:Tripwire","Bane"],"picked":"Crippling Poison","floor":1},{"not_picked":["Hidden Blade","ReplayTheSpireMod:The Works"],"picked":"Poisoned Stab","floor":2},{"not_picked":["Quick Slash","Dagger Spray"],"picked":"Backflip","floor":3},{"not_picked":["Masterful Stab","Prepared"],"picked":"hubris:SlightOfHand","floor":4},{"not_picked":["Tactician","PiercingWail"],"picked":"Dagger Spray","floor":8},{"not_picked":["Expertise","Outmaneuver"],"picked":"Storm of Steel","floor":10},{"not_picked":["Die Die Die","Glass Knife"],"picked":"Replay:Bag of Tricks","floor":16},{"not_picked":["Deadly Poison","Sucker Punch"],"picked":"Dodge and Roll","floor":18},{"not_picked":["Prepared","Choke"],"picked":"Hidden Blade+1","floor":19},{"not_picked":["Underhanded Strike","Dagger Throw+1"],"picked":"Finisher","floor":20},{"not_picked":["Underhanded Strike","Outmaneuver","hubris:Counter"],"picked":"SKIP","floor":22},{"not_picked":["Skewer","Underhanded Strike+1","Dodge and Roll"],"picked":"SKIP","floor":23},{"not_picked":["Finisher","hubris:Sniper"],"picked":"Backflip+1","floor":27}],"player_experience":328949,"relics_obtained":[{"floor":9,"key":"Snack Pack"},{"floor":10,"key":"reliquary:PartyBalloon"},{"floor":23,"key":"Blue Doll"},{"floor":26,"key":"Letter Opener"}],"event_choices":[{"cards_removed":["Strike_G"],"damage_healed":0,"gold_gain":0,"player_choice":"Card Removal","damage_taken":7,"max_hp_gain":0,"max_hp_loss":0,"event_name":"Golden Wing","floor":5,"gold_loss":0},{"damage_healed":0,"gold_gain":0,"cards_transformed":["Defend_G","Strike_G"],"player_choice":"Became Test Subject","damage_taken":0,"max_hp_gain":0,"max_hp_loss":0,"event_name":"Drug Dealer","floor":25,"gold_loss":0,"cards_obtained":["Blade Dance","Choke"]}],"is_beta":false,"boss_relics":[{"not_picked":["hubris:Stopwatch","Fusion Hammer"],"picked":"SacredBark"}],"items_purged_floors":[],"is_endless":false,"potions_floor_spawned":[2,10,16,19,27],"killed_by":"Sentry and Sphere","ascension_level":0}}