{"host":"kaame4qwxxqnygv7","time":1613216085,"event":{"mods":["AchievementEnabler","BaseMod","Better Match","Better Skull","Better Third Choice","Block Reminder","DeckTracker","Energized Spire","GungeonMod","Minty Spire (QoL Compilation)","Quick Restart","Red Circlet Mod","StSLib","SuperFastMode","The Blue Laboratory"],"gold_per_floor":[110,124,199,218,51,79,4,4,29,39,72,247,324,324,324,422,422,438,312,342,342,342,372,372,399,399,399,416,432,450,461,478,478,478,583,583,600,650,650,661,680,680,264,264,264,264,114,114,139,156,156,156,156,156,106,132,132],"floor_reached":58,"language":"KOR","playtime":4109,"items_purged":["Doubt","Doubt","Strike_B","Strike_B"],"score":1155,"play_id":"9aa0a160-78f5-4e72-ad34-e7eeeb079f91","local_time":"20210213203445","is_ascension_mode":true,"campfire_choices":[{"data":"Zap","floor":8.0,"key":"SMITH"},{"floor":15.0,"key":"REST"},{"floor":24.0,"key":"REST"},{"data":"Loop","floor":27.0,"key":"SMITH"},{"data":"Dualcast","floor":33,"key":"SMITH"},{"floor":42,"key":"RECALL"},{"floor":44,"key":"REST"},{"data":"Electrodynamics","floor":46,"key":"SMITH"},{"data":"White Noise","floor":51,"key":"SMITH"},{"data":"White Noise","floor":54,"key":"SMITH"}],"circlet_count":0,"master_deck":["Strike_B","Strike_B","Defend_B+1","Defend_B","Defend_B+1","Defend_B","Zap+1","Dualcast+1","Steam","Coolheaded","Redo","White Noise+1","Core Surge","Loop+1","Cold Snap","FTL","Necronomicurse","Steam Power+1","Skim+1","Ball Lightning","Rebound+1","Chill+1","Redo+1","Loop+1","Electrodynamics+1","Blizzard+1","Steam Power+1","White Noise+1"],"relics":["Cracked Core","DemoMod:AgedBell","Kunai","Anchor","DemoMod:BlueGuonStone","StrikeDummy","SlaversCollar","Red Mask","Necronomicon","DemoMod:ClearGuonStone","Ancient Tea Set","Tiny Chest","DemoMod:RatBoots","DemoMod:ResourcefulSack","DemoMod:PartiallyEatenCheese","DemoMod:Relodestone","PreservedInsect","Sling","Molten Egg 2","DemoMod:MonsterBlood","War Paint"],"acts_visited":["Exordium","TheCity","DemoMod:Maze","TheBeyond","TheEnding"],"potions_floor_usage":[34,34,34,52,57,57,57],"damage_taken":[{"damage":5.0,"enemies":"Small Slimes","floor":1.0,"turns":3.0},{"damage":1.0,"enemies":"Jaw Worm","floor":2.0,"turns":3.0},{"damage":0.0,"enemies":"2 Louse","floor":4.0,"turns":3.0},{"damage":15.0,"enemies":"3 Sentries","floor":6.0,"turns":9.0},{"damage":11.0,"enemies":"Blue Slaver","floor":10.0,"turns":4.0},{"damage":18.0,"enemies":"Lagavulin","floor":11.0,"turns":6.0},{"damage":5.0,"enemies":"Hexaghost","floor":16.0,"turns":13.0},{"damage":13.0,"enemies":"Spheric Guardian","floor":18.0,"turns":4.0},{"damage":22.0,"enemies":"Masked Bandits","floor":20.0,"turns":7.0},{"damage":12.0,"enemies":"Slavers","floor":23.0,"turns":9.0},{"damage":15.0,"enemies":"Gremlin Leader","floor":25.0,"turns":8.0},{"damage":0.0,"enemies":"DemoMod:4_Bullet_Kins","floor":28.0,"turns":8.0},{"damage":2.0,"enemies":"DemoMod:4_Bullet_Kins_with_one_veteran","floor":29.0,"turns":5.0},{"damage":3,"enemies":"DemoMod:Veteran_shot_gun_kin_and_blue_shotgun_kin_with_gunsinger","floor":30,"turns":4},{"damage":2,"enemies":"DemoMod:Red_and_blue_shotgun_kin_with_gunsinger","floor":31,"turns":5},{"damage":7,"enemies":"DemoMod:Veteran_shot_gun_kin_and_blue_shotgun_kin","floor":32,"turns":3},{"damage":2,"enemies":"DemoMod:ResourcefulRat","floor":35,"turns":11},{"damage":3,"enemies":"3 Darklings","floor":37,"turns":4},{"damage":4,"enemies":"Mind Bloom Boss Battle","floor":38,"turns":7},{"damage":0,"enemies":"3 Shapes","floor":40,"turns":3},{"damage":20,"enemies":"Spire Growth","floor":41,"turns":4},{"damage":0,"enemies":"Nemesis","floor":49,"turns":2},{"damage":0,"enemies":"Transient","floor":50,"turns":5},{"damage":41,"enemies":"Time Eater","floor":52,"turns":10},{"damage":7,"enemies":"Shield and Spear","floor":56,"turns":5},{"damage":13,"enemies":"The Heart","floor":57,"turns":10}],"seed_played":"1656001048333929436","potions_obtained":[{"floor":6.0,"key":"blueLaboratory:CorrosionFlask"},{"floor":16.0,"key":"blueLaboratory:LouseDecoction"},{"floor":20.0,"key":"blueLaboratory:AbyssPotion"},{"floor":23.0,"key":"Ancient Potion"},{"floor":28.0,"key":"blueLaboratory:SystemWipe"},{"floor":31,"key":"SkillPotion"},{"floor":35,"key":"Dexterity Potion"},{"floor":40,"key":"DemoMod:LeadSkinPotion"},{"floor":41,"key":"blueLaboratory:SystemWipe"}],"is_trial":false,"path_per_floor":["M","M","?","M","$","E","$","R","T","M","E","?","T","?","R","B",null,"M","$","?","?","T","E","R","E","T","R","M","M","M","M","M","R","B","B",null,"M","?","?","M","M","R","$","R","T","R","$","T","E","M","R","B",null,"R","$","E","B",null],"character_chosen":"DEFECT","items_purchased":["DemoMod:GnawedKey","FocusPotion","Cold Snap","PreservedInsect","Sling","ColorlessPotion"],"campfire_rested":3,"item_purchase_floors":[5,5,19,43,43,55],"current_hp_per_floor":[70,69,58,58,58,43,43,43,43,32,14,14,14,2,24,19,75,62,62,40,24,24,12,34,19,75,75,75,73,70,68,61,61,32,30,75,72,68,68,68,48,48,48,70,70,70,70,70,77,77,77,36,82,82,82,75,62],"gold":132,"neow_bonus":"ONE_RARE_RELIC","is_daily":false,"chose_seed":false,"campfire_upgraded":6,"win_rate":0.0,"timestamp":1613216085,"path_taken":["M","M","?","M","$","E","$","R","T","M","E","?","?","?","R","BOSS","M","$","?","?","?","E","R","E","T","R","M","M","M","M","M","R","BOSS","BOSS","M","?","?","?","M","R","$","R","T","R","$","?","E","M","R","BOSS","R","$","E","BOSS"],"items_purchased_type":["Relic","Potion","Card","Relic","Relic","Potion"],"build_version":"2020-12-22","purchased_purges":4,"victory":true,"max_hp_per_floor":[75,75,75,75,75,75,75,75,75,75,75,75,75,75,75,75,75,75,75,75,75,75,75,75,75,75,75,75,75,75,75,75,75,75,75,75,75,75,75,75,75,75,75,75,75,75,75,75,82,82,82,82,82,82,82,82,82],"card_choices":[{"not_picked":["Turbo","Reinforced Body"],"picked":"Steam","floor":1.0},{"not_picked":["Storm","Consume"],"picked":"Coolheaded","floor":2.0},{"not_picked":["Scrape","Glacier","Steam"],"picked":"SKIP","floor":4.0},{"not_picked":["Sweeping Beam","Stack","Recycle"],"picked":"SKIP","floor":6.0},{"not_picked":["Sweeping Beam","Stack","Recycle"],"picked":"SKIP","floor":6.0},{"not_picked":["Conserve Battery","Ball Lightning"],"picked":"Redo","floor":10.0},{"not_picked":["Sweeping Beam","Ball Lightning"],"picked":"White Noise","floor":11.0},{"not_picked":["Rainbow","Thunder Strike"],"picked":"Core Surge","floor":16.0},{"not_picked":["Stack","Go for the Eyes"],"picked":"Loop","floor":18.0},{"not_picked":["Buffer","Consume"],"picked":"FTL","floor":20.0},{"not_picked":["Leap+1","Rebound"],"picked":"Steam Power+1","floor":23.0},{"not_picked":["Storm","Ball Lightning"],"picked":"Skim+1","floor":25.0},{"not_picked":["Coolheaded","Double Energy+1"],"picked":"Ball Lightning","floor":28.0},{"not_picked":["Undo","Streamline"],"picked":"Rebound+1","floor":29.0},{"not_picked":["Multi-Cast","Gash+1"],"picked":"Chill+1","floor":30},{"not_picked":["Self Repair+1","Cold Snap"],"picked":"Redo+1","floor":31},{"not_picked":["Go for the Eyes+1","Steam"],"picked":"Loop+1","floor":32},{"not_picked":["Reboot","All For One"],"picked":"Electrodynamics","floor":35},{"not_picked":["Hello World","Gash+1","Fusion"],"picked":"SKIP","floor":37},{"not_picked":["Turbo","Force Field"],"picked":"Blizzard+1","floor":40},{"not_picked":["Beam Cell+1","Blizzard","Double Energy"],"picked":"SKIP","floor":41},{"not_picked":["Go for the Eyes+1","Chaos+1"],"picked":"Steam Power+1","floor":49},{"not_picked":["Aggregate","Conserve Battery"],"picked":"White Noise","floor":50},{"not_picked":["Stack","Steam","Cold Snap+1"],"picked":"SKIP","floor":56}],"player_experience":284021,"relics_obtained":[{"floor":6.0,"key":"Kunai"},{"floor":9.0,"key":"Anchor"},{"floor":11.0,"key":"DemoMod:BlueGuonStone"},{"floor":13.0,"key":"StrikeDummy"},{"floor":20.0,"key":"Red Mask"},{"floor":21.0,"key":"Necronomicon"},{"floor":22.0,"key":"DemoMod:ClearGuonStone"},{"floor":23.0,"key":"Ancient Tea Set"},{"floor":25.0,"key":"Tiny Chest"},{"floor":36,"key":"DemoMod:RatBoots"},{"floor":36,"key":"DemoMod:ResourcefulSack"},{"floor":36,"key":"DemoMod:PartiallyEatenCheese"},{"floor":38,"key":"DemoMod:Relodestone"},{"floor":48,"key":"Molten Egg 2"},{"floor":49,"key":"DemoMod:MonsterBlood"},{"floor":56,"key":"War Paint"}],"event_choices":[{"damage_healed":0.0,"max_hp_gain":0.0,"max_hp_loss":0.0,"gold_gain":75.0,"event_name":"betterThird:BetterGoop","player_choice":"Gold","floor":3.0,"gold_loss":0.0,"damage_taken":11.0},{"damage_healed":0.0,"max_hp_gain":0.0,"max_hp_loss":0.0,"gold_gain":175.0,"event_name":"betterThird:BetterSerpent","player_choice":"AGREE","floor":12.0,"gold_loss":0.0,"damage_taken":72.0},{"damage_healed":0.0,"max_hp_gain":0.0,"max_hp_loss":0.0,"gold_gain":0.0,"event_name":"betterThird:BetterScrap","player_choice":"LEAVE","floor":14.0,"gold_loss":0.0,"damage_taken":12.0,"cards_obtained":["Inflame"]},{"damage_healed":0.0,"max_hp_gain":0.0,"max_hp_loss":0.0,"gold_gain":0.0,"event_name":"Masked Bandits","player_choice":"Fought Bandits","floor":20.0,"gold_loss":0.0,"damage_taken":0.0},{"damage_healed":0.0,"max_hp_gain":0.0,"max_hp_loss":0.0,"gold_gain":0.0,"event_name":"Cursed Tome","player_choice":"Obtained Book","floor":21.0,"gold_loss":0.0,"damage_taken":16.0},{"damage_healed":0,"gold_gain":0,"player_choice":"Fight","damage_taken":0,"max_hp_gain":0,"max_hp_loss":0,"event_name":"MindBloom","floor":38,"gold_loss":0},{"damage_healed":0,"gold_gain":0,"player_choice":"Random: Blue","damage_taken":0,"max_hp_gain":0,"max_hp_loss":0,"event_name":"betterThird:BetterPortal","floor":39,"gold_loss":0},{"damage_healed":0,"gold_gain":0,"player_choice":"Memory 1","damage_taken":0,"max_hp_gain":0,"max_hp_loss":0,"event_name":"SensoryStone","floor":39,"gold_loss":0}],"is_beta":false,"boss_relics":[{"not_picked":["energizedSpire:SpiderWeb","Runic Pyramid"],"picked":"SlaversCollar"},{"not_picked":[]}],"items_purged_floors":[7,19,43,47],"is_endless":false,"potions_floor_spawned":[6,16,20,23,28,31,35,40,41],"ascension_level":4}}