{"host":"mw3dmj42qtkbha4b","time":1613230978,"event":{"mods":["BaseMod","Colored Map","Colored Powertips","DeckTracker","Minty Spire (QoL Compilation)","StSLib","SuperFastMode"],"gold_per_floor":[117,42,42,62,62,87,105,140,163,163,188,206,151,151,151,227,227,245,255,255,272,284,284,284,284],"floor_reached":24,"language":"KOR","playtime":521,"items_purged":[],"score":482,"play_id":"0bc9bf52-f810-4299-89f8-74b4f166ea8a","local_time":"20210214004258","is_ascension_mode":true,"campfire_choices":[{"floor":10.0,"key":"REST"},{"floor":15.0,"key":"REST"},{"floor":23,"key":"REST"}],"circlet_count":0,"master_deck":["AscendersBane","Strike_P","Strike_P+1","Strike_P+1","Defend_P","Defend_P","Defend_P","Eruption","Vigilance","Consecrate","Indignation","Brilliance"],"relics":["PureWater","NeowsBlessing","Art of War","Smiling Mask","Ginger","Kunai","SacredBark"],"acts_visited":["Exordium","TheCity"],"potions_floor_usage":[],"damage_taken":[{"damage":0.0,"enemies":"Cultist","floor":1.0,"turns":1.0},{"damage":0.0,"enemies":"Jaw Worm","floor":4.0,"turns":1.0},{"damage":0.0,"enemies":"Gremlin Nob","floor":6.0,"turns":1.0},{"damage":4.0,"enemies":"2 Louse","floor":7.0,"turns":2.0},{"damage":27.0,"enemies":"Lagavulin","floor":8.0,"turns":3.0},{"damage":6.0,"enemies":"Gremlin Nob","floor":11.0,"turns":3.0},{"damage":14.0,"enemies":"Red Slaver","floor":12.0,"turns":2.0},{"damage":12.0,"enemies":"Slime Boss","floor":16.0,"turns":7.0},{"damage":0.0,"enemies":"Chosen","floor":18.0,"turns":2.0},{"damage":8.0,"enemies":"2 Thieves","floor":19.0,"turns":2.0},{"damage":21,"enemies":"Snecko","floor":21,"turns":4},{"damage":20,"enemies":"3 Cultists","floor":22,"turns":4},{"damage":27,"enemies":"Book of Stabbing","floor":24,"turns":3}],"seed_played":"-6593067552745872162","potions_obtained":[{"floor":4.0,"key":"Weak Potion"},{"floor":6.0,"key":"FearPotion"},{"floor":7.0,"key":"Energy Potion"},{"floor":8.0,"key":"DuplicationPotion"},{"floor":18.0,"key":"Weak Potion"}],"is_trial":false,"path_per_floor":["M","?","?","M","?","E","M","E","T","R","E","M","?","?","R","B",null,"M","M","?","M","M","R","E"],"character_chosen":"WATCHER","items_purchased":[],"campfire_rested":3,"item_purchase_floors":[],"current_hp_per_floor":[61,61,41,41,41,41,37,10,10,30,24,10,10,3,23,11,54,54,46,46,25,5,25,0,0],"gold":284,"neow_bonus":"THREE_ENEMY_KILL","is_daily":false,"chose_seed":false,"campfire_upgraded":0,"win_rate":0.0,"timestamp":1613230978,"path_taken":["M","?","?","M","?","E","M","E","T","R","E","?","?","?","R","BOSS","M","M","?","?","M","R","E"],"items_purchased_type":[],"build_version":"2020-12-22","purchased_purges":0,"victory":false,"max_hp_per_floor":[68,68,68,68,68,68,68,68,68,68,68,68,68,68,68,68,68,68,68,68,68,68,68,68,68],"card_choices":[{"not_picked":["FlyingSleeves","ThirdEye","EmptyMind"],"picked":"SKIP","floor":1.0},{"not_picked":["ClearTheMind","Protect"],"picked":"FearNoEvil","floor":4.0},{"not_picked":["Weave","Alpha"],"picked":"Consecrate","floor":6.0},{"not_picked":["Consecrate","Evaluate","Crescendo"],"picked":"SKIP","floor":7.0},{"not_picked":["Pray","WheelKick","TalkToTheHand"],"picked":"SKIP","floor":8.0},{"not_picked":["Halt","FlyingSleeves"],"picked":"Indignation","floor":11.0},{"not_picked":["ForeignInfluence","CrushJoints","ClearTheMind"],"picked":"SKIP","floor":12.0},{"not_picked":["Ragnarok","Vault"],"picked":"Brilliance","floor":16.0},{"not_picked":["Evaluate","JustLucky","Tantrum"],"picked":"SKIP","floor":18.0},{"not_picked":["Crescendo","Adaptation","CrushJoints"],"picked":"SKIP","floor":19.0},{"not_picked":["WreathOfFlame+1","Study","EmptyMind"],"picked":"SKIP","floor":21},{"not_picked":["InnerPeace","SashWhip","Consecrate"],"picked":"SKIP","floor":22}],"player_experience":1815921,"relics_obtained":[{"floor":6.0,"key":"Smiling Mask"},{"floor":8.0,"key":"Ginger"},{"floor":11.0,"key":"Kunai"}],"event_choices":[{"cards_removed":["Defend_P"],"damage_healed":0.0,"max_hp_gain":0.0,"max_hp_loss":0.0,"gold_gain":0.0,"event_name":"The Cleric","player_choice":"Card Removal","floor":2.0,"gold_loss":75.0,"damage_taken":0.0},{"damage_healed":0.0,"max_hp_gain":0.0,"max_hp_loss":0.0,"gold_gain":0.0,"event_name":"Shining Light","player_choice":"Entered Light","floor":3.0,"gold_loss":0.0,"damage_taken":20.0,"cards_upgraded":["Strike_P","Strike_P"]},{"cards_removed":["FearNoEvil"],"damage_healed":0.0,"max_hp_gain":0.0,"max_hp_loss":0.0,"gold_gain":0.0,"event_name":"WeMeetAgain","player_choice":"Gave Card","floor":5.0,"gold_loss":0.0,"damage_taken":0.0,"relics_obtained":["Art of War"]},{"damage_healed":0.0,"max_hp_gain":0.0,"max_hp_loss":0.0,"gold_gain":0.0,"event_name":"World of Goop","player_choice":"Left Gold","floor":13.0,"gold_loss":55.0,"damage_taken":0.0},{"cards_removed":["Strike_P"],"damage_healed":0.0,"max_hp_gain":0.0,"max_hp_loss":0.0,"gold_gain":0.0,"event_name":"Golden Wing","player_choice":"Card Removal","floor":14.0,"gold_loss":0.0,"damage_taken":7.0},{"damage_healed":0,"gold_gain":0,"player_choice":"Ignored","damage_taken":0,"max_hp_gain":0,"max_hp_loss":0,"event_name":"Transmorgrifier","floor":20,"gold_loss":0}],"is_beta":false,"boss_relics":[{"not_picked":["Ectoplasm","Cursed Key"],"picked":"SacredBark"}],"items_purged_floors":[],"is_endless":false,"potions_floor_spawned":[4,6,7,8,18],"killed_by":"Book of Stabbing","ascension_level":20}}