{"host":"a3wpq7kyokchzawk","time":1613245728,"event":{"mods":["BaseMod","Colored Map","Highlight Path","Minty Spire (QoL Compilation)","Permanent Neow","Potion Indicator Mod","Relic Stats","Weighted Paths"],"gold_per_floor":[114,132,132,151,171,171,229,256,304,304,324,39,39,50,50,50,50],"floor_reached":16,"language":"ENG","playtime":1142,"items_purged":[],"score":204,"play_id":"2e063252-ed4e-4ec7-b7a4-e19e7a25fc15","local_time":"20210213174848","is_ascension_mode":true,"campfire_choices":[{"data":"Bash","floor":6.0,"key":"SMITH"},{"data":"Double Tap","floor":10,"key":"SMITH"},{"data":"Intimidate","floor":15,"key":"SMITH"}],"circlet_count":0,"master_deck":["AscendersBane","Strike_R","Strike_R","Strike_R","Strike_R","Strike_R","Defend_R","Defend_R","Defend_R","Defend_R","Bash+1","Writhe","Bludgeon","Rage","Combust","Double Tap+1","Intimidate+1","Rage+1"],"relics":["Burning Blood","Letter Opener","Juzu Bracelet","Vajra","Toxic Egg 2"],"acts_visited":["Exordium"],"potions_floor_usage":[8,14,16],"damage_taken":[{"damage":9.0,"enemies":"2 Louse","floor":1.0,"turns":4.0},{"damage":0.0,"enemies":"Cultist","floor":2.0,"turns":3.0},{"damage":7.0,"enemies":"Small Slimes","floor":4.0,"turns":3.0},{"damage":5.0,"enemies":"2 Fungi Beasts","floor":5.0,"turns":3.0},{"damage":20.0,"enemies":"Lagavulin Event","floor":7.0,"turns":3.0},{"damage":33,"enemies":"Lagavulin","floor":8,"turns":7},{"damage":31,"enemies":"Exordium Thugs","floor":11,"turns":4},{"damage":8,"enemies":"Gremlin Gang","floor":14,"turns":5},{"damage":28,"enemies":"Hexaghost","floor":16,"turns":9}],"seed_played":"-8551374748490064852","potions_obtained":[{"floor":1.0,"key":"EssenceOfSteel"},{"floor":3.0,"key":"Weak Potion"},{"floor":3.0,"key":"ColorlessPotion"},{"floor":7.0,"key":"FairyPotion"},{"floor":11,"key":"AttackPotion"},{"floor":14,"key":"LiquidBronze"}],"is_trial":false,"path_per_floor":["M","M","?","M","M","R","?","E","T","R","M","$","?","M","R","B"],"character_chosen":"IRONCLAD","items_purchased":["Toxic Egg 2"],"campfire_rested":0,"item_purchase_floors":[12],"current_hp_per_floor":[65,71,71,70,71,71,57,30,30,30,27,27,27,25,25,0,0],"gold":50,"neow_bonus":"THREE_RARE_CARDS","is_daily":false,"chose_seed":false,"campfire_upgraded":3,"win_rate":0.0,"timestamp":1613245728,"path_taken":["M","M","?","?","M","R","?","E","T","R","M","$","?","M","R","BOSS"],"items_purchased_type":["Relic"],"build_version":"2020-12-22","purchased_purges":0,"victory":false,"max_hp_per_floor":[75,75,75,75,75,75,75,75,75,75,75,75,75,75,75,75,75],"relic_stats":{"counters":[9,41],"Juzu Bracelet":0,"Letter Opener":[15],"obtain_stats":[{"Vajra":9,"Juzu Bracelet":8,"Letter Opener":7,"Toxic Egg 2":12,"Burning Blood":0},{"Vajra":6,"Juzu Bracelet":6,"Letter Opener":5,"Toxic Egg 2":7,"Burning Blood":0},{"Vajra":23,"Juzu Bracelet":23,"Letter Opener":16,"Toxic Egg 2":27,"Burning Blood":0}],"Burning Blood":48},"card_choices":[{"not_picked":["Juggernaut","Brutality"],"picked":"Bludgeon","floor":0.0},{"not_picked":["Pommel Strike","Sword Boomerang","Body Slam"],"picked":"SKIP","floor":1.0},{"not_picked":["Heavy Blade","Twin Strike","Cleave"],"picked":"SKIP","floor":2.0},{"not_picked":["Havoc","Twin Strike"],"picked":"Rage","floor":4.0},{"not_picked":["Cleave","Sever Soul","Infernal Blade"],"picked":"SKIP","floor":5.0},{"not_picked":["Twin Strike","Headbutt"],"picked":"Combust","floor":7.0},{"not_picked":["Havoc","Ghostly Armor"],"picked":"Double Tap","floor":8},{"not_picked":["Anger","Clash"],"picked":"Intimidate","floor":11},{"not_picked":["Feel No Pain","Burning Pact+1"],"picked":"Rage+1","floor":14}],"player_experience":2706708,"relics_obtained":[{"floor":7.0,"key":"Letter Opener"},{"floor":8,"key":"Juzu Bracelet"},{"floor":9,"key":"Vajra"}],"event_choices":[{"damage_healed":0.0,"max_hp_gain":0.0,"max_hp_loss":0.0,"gold_gain":0.0,"event_name":"Lab","player_choice":"Got Potions","floor":3.0,"gold_loss":0.0,"damage_taken":0.0},{"damage_healed":0.0,"max_hp_gain":0.0,"max_hp_loss":0.0,"gold_gain":0.0,"event_name":"Dead Adventurer","player_choice":"Searched \u00271\u0027 times","floor":7.0,"gold_loss":0.0,"damage_taken":0.0},{"damage_healed":0,"gold_gain":0,"player_choice":"Ignored","damage_taken":0,"max_hp_gain":0,"max_hp_loss":0,"event_name":"Liars Game","floor":13,"gold_loss":0}],"is_beta":false,"boss_relics":[],"items_purged_floors":[],"is_endless":false,"potions_floor_spawned":[1,7,11,14],"killed_by":"Hexaghost","ascension_level":20}}