{"host":"xi9hztp74zq5zdao","time":1613187170,"event":{"mods":["BaseMod","Colored Map","Downfall","Googly Eyes","Hermit","Minty Spire (QoL Compilation)","Relic Sorter","StSLib","The Gatherer","The Hierophant","everything is the same but u backflip on backflip"],"gold_per_floor":[112,1,1,1,20,20,54,129,154,173,193,209,209,159,159,283,283,296,346,56,79,79,79,107,107,131,159,195,52,77,110,110,110,110],"floor_reached":33,"language":"ENG","playtime":1795,"items_purged":["hermit:Strike_Hermit"],"score":249,"play_id":"bdf3fa22-70a4-46c0-b092-cfb87deccd91","local_time":"20210212223250","is_ascension_mode":false,"campfire_choices":[{"data":"hermit:TakeAim","floor":6,"key":"SMITH"},{"data":"hermit:Snapshot","floor":13,"key":"SMITH"},{"data":"hermit:Enervate","floor":15,"key":"SMITH"},{"data":"hermit:DeadOrAlive","floor":23,"key":"SMITH"},{"data":"hermit:Maintenance","floor":25,"key":"SMITH"},{"floor":32,"key":"REST"}],"circlet_count":0,"master_deck":["hermit:Strike_Hermit","hermit:Strike_Hermit","hermit:Defend_Hermit","hermit:Defend_Hermit","hermit:Defend_Hermit","hermit:Defend_Hermit","hermit:Snapshot+1","hermit:Covet","Clumsy","hermit:Gestalt+1","hermit:Deadeye","hermit:TakeAim+1","hermit:Enervate","hermit:GoldenBullet","hermit:Enervate+1","hermit:Gambit","hermit:Brawl","hermit:DeadOrAlive+1","hermit:Maintenance+1","hermit:Horror+1","hermit:GhostlyPresence"],"relics":["hermit:ClaspedLocket","Golden Idol","Bag of Marbles","Dream Catcher","hermit:RyeStalk","Happy Flower","Strawberry"],"acts_visited":["Exordium","TheCity"],"potions_floor_usage":[16,30,33],"damage_taken":[{"damage":1,"enemies":"Cultist","floor":1,"turns":3},{"damage":0,"enemies":"Small Slimes","floor":5,"turns":3},{"damage":2,"enemies":"Lagavulin","floor":7,"turns":7},{"damage":1,"enemies":"Jaw Worm","floor":10,"turns":4},{"damage":0,"enemies":"2 Fungi Beasts","floor":11,"turns":2},{"damage":1,"enemies":"Exordium Thugs","floor":12,"turns":2},{"damage":28,"enemies":"Hexaghost","floor":16,"turns":7},{"damage":6,"enemies":"3 Byrds","floor":18,"turns":6},{"damage":1,"enemies":"Chosen","floor":21,"turns":6},{"damage":26,"enemies":"3 Cultists","floor":24,"turns":5},{"damage":11,"enemies":"Shelled Parasite and Fungi","floor":27,"turns":3},{"damage":27,"enemies":"Snake Plant","floor":28,"turns":4},{"damage":6,"enemies":"Chosen and Byrds","floor":30,"turns":4},{"damage":0,"enemies":"Centurion and Healer","floor":31,"turns":3},{"damage":43,"enemies":"Automaton","floor":33,"turns":6}],"seed_played":"-8716592107780853062","potions_obtained":[{"floor":5,"key":"Dexterity Potion"},{"floor":7,"key":"FearPotion"},{"floor":12,"key":"SteroidPotion"},{"floor":16,"key":"Explosive Potion"},{"floor":31,"key":"bronze:BurnAndBuffPotion"}],"is_trial":false,"path_per_floor":["M","$","?","?","M","R","E","?","T","M","M","M","R","?","R","B",null,"M","?","$","M","?","R","M","R","T","M","M","$","M","M","R","B"],"character_chosen":"HERMIT","items_purchased":["hermit:Deadeye","hermit:TakeAim","hermit:Brawl","hermit:RyeStalk","Strawberry"],"campfire_rested":1,"item_purchase_floors":[2,2,20,20,29],"current_hp_per_floor":[88,88,88,82,82,82,80,72,72,71,71,70,70,70,70,42,82,76,76,76,75,75,75,49,49,49,38,11,18,12,12,38,0,0],"gold":110,"neow_bonus":"TWENTY_PERCENT_HP_BONUS","is_daily":false,"chose_seed":false,"campfire_upgraded":5,"win_rate":0.0,"timestamp":1613187170,"path_taken":["M","?","?","?","M","R","E","?","T","M","?","M","R","?","R","BOSS","M","?","?","M","?","R","M","R","T","M","M","$","M","M","R","BOSS"],"items_purchased_type":["Card","Card","Card","Relic","Relic"],"build_version":"2020-12-22","purchased_purges":1,"victory":false,"max_hp_per_floor":[89,89,89,82,82,82,82,82,82,82,82,82,82,82,82,82,82,82,82,82,82,82,82,82,82,82,82,82,89,89,89,89,89,89],"card_choices":[{"not_picked":["hermit:HighCaliber","hermit:LoneWolf"],"picked":"hermit:Gestalt","floor":1},{"not_picked":["hermit:CalledShot","hermit:Combo"],"picked":"hermit:Enervate","floor":5},{"not_picked":["hermit:TakeCover","hermit:Snipe"],"picked":"hermit:GoldenBullet","floor":7},{"not_picked":["hermit:FullyLoaded","hermit:Midnight","hermit:HoleUp"],"picked":"SKIP","floor":10},{"not_picked":["hermit:Snipe","hermit:TakeAim","hermit:ItchyTrigger"],"picked":"SKIP","floor":11},{"not_picked":["hermit:Misfire","hermit:TrackingShot"],"picked":"hermit:Enervate","floor":12},{"not_picked":["hermit:Dissolve","hermit:OverwhelmingPower"],"picked":"hermit:Gambit","floor":16},{"not_picked":["hermit:Headshot+1","hermit:GoldenBullet","hermit:Gestalt"],"picked":"SKIP","floor":18},{"not_picked":["hermit:SprayPray","hermit:Misfire","hermit:TakeAim"],"picked":"SKIP","floor":21},{"not_picked":["hermit:Manifest","hermit:HighCaliber+1"],"picked":"hermit:Maintenance","floor":24},{"not_picked":["hermit:Vantage","hermit:Headshot+1"],"picked":"hermit:Horror+1","floor":27},{"not_picked":["hermit:TakeAim","hermit:Snipe+1","hermit:Purgatory"],"picked":"SKIP","floor":28},{"not_picked":["hermit:Snipe","hermit:Horror","hermit:Roulette+1"],"picked":"SKIP","floor":30},{"not_picked":["hermit:CursedWeapon","hermit:Quickdraw+1","hermit:Ricochet"],"picked":"SKIP","floor":31},{"not_picked":["hermit:TakeAim","hermit:Roulette"],"picked":"hermit:GhostlyPresence","floor":32}],"player_experience":1285620,"relics_obtained":[{"floor":7,"key":"Bag of Marbles"},{"floor":9,"key":"Dream Catcher"},{"floor":26,"key":"Happy Flower"}],"event_choices":[{"damage_healed":0,"gold_gain":0,"player_choice":"Grow","damage_taken":0,"max_hp_gain":0,"max_hp_loss":0,"event_name":"Living Wall","floor":3,"gold_loss":0,"cards_upgraded":["hermit:Gestalt"]},{"damage_healed":0,"gold_gain":0,"player_choice":"Lose Max HP","damage_taken":0,"relics_obtained":["Golden Idol"],"max_hp_gain":0,"max_hp_loss":7,"event_name":"Golden Idol","floor":4,"gold_loss":0},{"damage_healed":0,"gold_gain":75,"player_choice":"Touch","damage_taken":8,"max_hp_gain":0,"max_hp_loss":0,"event_name":"FaceTrader","floor":8,"gold_loss":0},{"cards_removed":["hermit:Strike_Hermit"],"damage_healed":0,"gold_gain":0,"player_choice":"Card Removal","damage_taken":0,"max_hp_gain":0,"max_hp_loss":0,"event_name":"The Cleric","floor":14,"gold_loss":50},{"damage_healed":0,"gold_gain":100,"player_choice":"Bet on Murderer","damage_taken":0,"max_hp_gain":0,"max_hp_loss":0,"event_name":"The Joust","floor":19,"gold_loss":50},{"damage_healed":0,"gold_gain":0,"player_choice":"1 cards matched","damage_taken":0,"max_hp_gain":0,"max_hp_loss":0,"event_name":"Match and Keep!","floor":22,"gold_loss":0,"cards_obtained":["hermit:DeadOrAlive"]}],"is_beta":false,"boss_relics":[{"not_picked":["Snecko Eye","Velvet Choker"],"picked":"hermit:ClaspedLocket"}],"items_purged_floors":[20],"is_endless":false,"potions_floor_spawned":[5,7,12,16,18,24,27,31],"killed_by":"Automaton","ascension_level":0}}