{"host":"49pjgf1q9ev52n8z","time":1613183282,"event":{"mods":["BaseMod","Bestiary","Colored Map","Keyboard Shortcuts","Minty Spire (QoL Compilation)","Practice Mode","Relic Stats","StSLib"],"gold_per_floor":[15,33,46,61,78,109,109,121,121,156,156,156,179,18,18,142,142,160,185,185,211,225,225,225],"floor_reached":23,"language":"ENG","playtime":1789,"items_purged":["Injury"],"score":302,"play_id":"0fb17d40-78db-435b-9870-240ce0a3c040","local_time":"20210212182802","is_ascension_mode":true,"campfire_choices":[{"floor":7.0,"key":"REST"},{"floor":15.0,"key":"REST"}],"circlet_count":0,"master_deck":["Strike_R","Strike_R","Strike_R","Strike_R","Strike_R","Defend_R","Defend_R","Defend_R","Defend_R","Bash","Thinking Ahead","Pommel Strike","Fire Breathing","Anger","Burning Pact","Battle Trance","Impervious","Inflame","Shrug It Off","Cleave","Ghostly","Ghostly","Ghostly","Ghostly","Ghostly"],"relics":["Burning Blood","Pocketwatch","Singing Bowl","Blood Vial","Golden Idol","SacredBark","Boot"],"acts_visited":["Exordium","TheCity"],"potions_floor_usage":[],"damage_taken":[{"damage":2.0,"enemies":"2 Louse","floor":1.0,"turns":4.0},{"damage":12.0,"enemies":"Small Slimes","floor":2.0,"turns":4.0},{"damage":3.0,"enemies":"Jaw Worm","floor":3.0,"turns":5.0},{"damage":2.0,"enemies":"3 Louse","floor":4.0,"turns":2.0},{"damage":6.0,"enemies":"2 Fungi Beasts","floor":5.0,"turns":4.0},{"damage":38.0,"enemies":"Lagavulin","floor":6.0,"turns":8.0},{"damage":11.0,"enemies":"Blue Slaver","floor":8.0,"turns":3.0},{"damage":45.0,"enemies":"3 Sentries","floor":10.0,"turns":7.0},{"damage":17.0,"enemies":"Looter","floor":13.0,"turns":3.0},{"damage":13.0,"enemies":"Slime Boss","floor":16.0,"turns":7.0},{"damage":12.0,"enemies":"Chosen","floor":18.0,"turns":5.0},{"damage":36.0,"enemies":"2 Thieves","floor":19.0,"turns":3.0},{"damage":5.0,"enemies":"Snake Plant","floor":22.0,"turns":4.0},{"damage":50,"enemies":"Book of Stabbing","floor":23,"turns":7}],"seed_played":"4170812378169516974","potions_obtained":[{"floor":1.0,"key":"Block Potion"},{"floor":5.0,"key":"Regen Potion"},{"floor":8.0,"key":"SkillPotion"},{"floor":10.0,"key":"ColorlessPotion"},{"floor":13.0,"key":"LiquidBronze"},{"floor":16.0,"key":"SpeedPotion"},{"floor":19.0,"key":"LiquidBronze"}],"is_trial":false,"path_per_floor":["M","M","M","M","M","E","R","M","T","E","?","?","M","$","R","B",null,"M","M","?","T","M","E"],"character_chosen":"IRONCLAD","items_purchased":["Inflame","Shrug It Off"],"campfire_rested":2,"item_purchase_floors":[14,14],"current_hp_per_floor":[76,70,73,77,77,45,69,64,64,25,25,25,16,16,40,52,75,71,45,42,42,44,0,0],"gold":225,"neow_bonus":"RANDOM_COLORLESS_2","is_daily":false,"chose_seed":false,"campfire_upgraded":0,"win_rate":0.0,"timestamp":1613183282,"path_taken":["M","M","M","M","M","E","R","M","T","E","?","?","M","$","R","BOSS","M","M","?","?","M","E"],"items_purchased_type":["Card","Card"],"build_version":"2020-12-22","purchased_purges":1,"victory":false,"max_hp_per_floor":[80,80,80,80,80,80,80,80,80,80,80,80,80,80,80,82,82,82,84,42,42,44,44,44],"relic_stats":{"Blood Vial":8,"Singing Bowl":6,"counters":[14,66],"Golden Idol":45,"Boot":[5],"obtain_stats":[{"Blood Vial":10,"Singing Bowl":9,"Golden Idol":11,"SacredBark":17,"Boot":21,"Burning Blood":0,"Pocketwatch":6},{"Blood Vial":8,"Singing Bowl":7,"Golden Idol":8,"SacredBark":10,"Boot":12,"Burning Blood":0,"Pocketwatch":6},{"Blood Vial":37,"Singing Bowl":30,"Golden Idol":37,"SacredBark":47,"Boot":55,"Burning Blood":0,"Pocketwatch":27}],"Burning Blood":77,"Pocketwatch":[48]},"card_choices":[{"not_picked":["Violence","Chrysalis"],"picked":"Thinking Ahead","floor":0.0},{"not_picked":["Warcry","Headbutt"],"picked":"Pommel Strike","floor":1.0},{"not_picked":["Armaments","Pummel"],"picked":"Fire Breathing","floor":2.0},{"not_picked":["Sentinel","Thunderclap"],"picked":"Anger","floor":3.0},{"not_picked":["Armaments","Reckless Charge","Pommel Strike"],"picked":"SKIP","floor":4.0},{"not_picked":["Havoc","Barricade","Twin Strike"],"picked":"SKIP","floor":5.0},{"not_picked":["Flex","Warcry","Rage"],"picked":"SKIP","floor":6.0},{"not_picked":["Havoc","Pommel Strike"],"picked":"Burning Pact","floor":8.0},{"not_picked":["Carnage","Rampage"],"picked":"Battle Trance","floor":10.0},{"not_picked":["Perfected Strike","Clash"],"picked":"Impervious","floor":13.0},{"not_picked":["Juggernaut","Bludgeon","Barricade"],"picked":"Singing Bowl","floor":16.0},{"not_picked":["Flex","Twin Strike"],"picked":"Cleave","floor":18.0},{"not_picked":["Pummel","Thunderclap+1","Heavy Blade"],"picked":"Singing Bowl","floor":19.0},{"not_picked":["Uppercut","Rage+1","Rupture"],"picked":"Singing Bowl","floor":22}],"player_experience":814277,"relics_obtained":[{"floor":6.0,"key":"Pocketwatch"},{"floor":9.0,"key":"Singing Bowl"},{"floor":10.0,"key":"Blood Vial"},{"floor":21.0,"key":"Boot"}],"event_choices":[{"damage_healed":0.0,"max_hp_gain":0.0,"max_hp_loss":0.0,"gold_gain":0.0,"event_name":"Golden Idol","player_choice":"Take Wound","floor":11.0,"gold_loss":0.0,"damage_taken":0.0,"relics_obtained":["Golden Idol"],"cards_obtained":["Injury"]},{"damage_healed":0.0,"max_hp_gain":0.0,"max_hp_loss":0.0,"gold_gain":0.0,"event_name":"Scrap Ooze","player_choice":"Fled","floor":12.0,"gold_loss":0.0,"damage_taken":0.0},{"damage_healed":0.0,"max_hp_gain":0.0,"max_hp_loss":42.0,"gold_gain":0.0,"event_name":"Ghosts","player_choice":"Became a Ghost","floor":20.0,"gold_loss":0.0,"damage_taken":0.0,"cards_obtained":["Ghostly","Ghostly","Ghostly","Ghostly","Ghostly"]}],"is_beta":false,"boss_relics":[{"not_picked":["Snecko Eye","Runic Dome"],"picked":"SacredBark"}],"items_purged_floors":[14],"is_endless":false,"potions_floor_spawned":[1,5,8,10,13,16,19],"killed_by":"Book of Stabbing","ascension_level":7}}