{"host":"yecadp3kwkksam5a","time":1613194998,"event":{"mods":["100% Spire Juice","BaseMod","Minty Spire (QoL Compilation)","StSLib","SuperFastMode","The Cursed","WarShipGirlsR/??á´Ò³R mod"],"gold_per_floor":[110,110,129,141,66,66,66,77,77,88,105,117,130,130,130,130,130],"floor_reached":16,"language":"KOR","playtime":286,"items_purged":["Defend_B"],"score":168,"play_id":"7c2debb5-97fe-4580-9902-777d38afaf45","local_time":"20210213144318","is_ascension_mode":true,"campfire_choices":[{"data":"Redo","floor":6,"key":"SMITH"},{"floor":15,"key":"REST"}],"circlet_count":0,"master_deck":["AscendersBane","Strike_B","Strike_B","Defend_B","Defend_B","Defend_B","Zap","Dualcast","Sweeping Beam","Redo+1","Multi-Cast","Conserve Battery","Chaos","Fusion","Compile Driver"],"relics":["Cracked Core","Mercury Hourglass","Shuriken"],"acts_visited":["Exordium"],"potions_floor_usage":[8],"damage_taken":[{"damage":2,"enemies":"2 Louse","floor":1,"turns":3},{"damage":4,"enemies":"Small Slimes","floor":3,"turns":3},{"damage":4,"enemies":"Jaw Worm","floor":4,"turns":4},{"damage":6,"enemies":"Exordium Thugs","floor":8,"turns":2},{"damage":0,"enemies":"3 Louse","floor":10,"turns":2},{"damage":1,"enemies":"Blue Slaver","floor":11,"turns":2},{"damage":9,"enemies":"2 Fungi Beasts","floor":12,"turns":2},{"damage":10,"enemies":"Exordium Wildlife","floor":13,"turns":3},{"damage":0,"enemies":"Hexaghost","floor":16,"turns":1}],"seed_played":"7654893894868020973","potions_obtained":[{"floor":1,"key":"Fire Potion"},{"floor":12,"key":"EssenceOfSteel"},{"floor":13,"key":"FocusPotion"}],"is_trial":false,"path_per_floor":["M","?","M","M","$","R","?","M","T","M","M","M","M","T","R","B"],"character_chosen":"DEFECT","items_purchased":[],"campfire_rested":1,"item_purchase_floors":[],"current_hp_per_floor":[44,44,40,36,36,36,36,30,30,30,29,20,10,10,31,31,31],"gold":130,"neow_bonus":"REMOVE_TWO","is_daily":false,"chose_seed":false,"campfire_upgraded":1,"win_rate":0.0,"timestamp":1613194998,"path_taken":["M","?","M","M","$","R","?","M","T","M","M","?","M","?","R","BOSS"],"items_purchased_type":[],"build_version":"2020-12-22","purchased_purges":1,"victory":false,"max_hp_per_floor":[71,71,71,71,71,71,71,71,71,71,71,71,71,71,71,71,71],"card_choices":[{"not_picked":["Consume","Beam Cell"],"picked":"Sweeping Beam","floor":1},{"not_picked":["Force Field","Stack"],"picked":"Redo","floor":3},{"not_picked":["Redo","Heatsinks"],"picked":"Multi-Cast","floor":4},{"not_picked":["Loop","Barrage"],"picked":"Conserve Battery","floor":8},{"not_picked":["Conserve Battery","Stack","Steam"],"picked":"SKIP","floor":10},{"not_picked":["Hello World","Go for the Eyes"],"picked":"Chaos","floor":11},{"not_picked":["Rebound","Stack"],"picked":"Fusion","floor":12},{"not_picked":["Steam","Aggregate"],"picked":"Compile Driver","floor":13}],"player_experience":627637,"relics_obtained":[{"floor":9,"key":"Mercury Hourglass"},{"floor":14,"key":"Shuriken"}],"event_choices":[{"damage_healed":0,"gold_gain":0,"player_choice":"Ignored","damage_taken":0,"max_hp_gain":0,"max_hp_loss":0,"event_name":"Liars Game","floor":2,"gold_loss":0},{"damage_healed":0,"gold_gain":0,"player_choice":"Leave","damage_taken":0,"max_hp_gain":0,"max_hp_loss":0,"event_name":"The Cleric","floor":7,"gold_loss":0}],"is_beta":false,"boss_relics":[],"items_purged_floors":[5],"is_endless":false,"potions_floor_spawned":[1,12,13],"killed_by":"Hexaghost","ascension_level":15}}