{"host":"pah2xi72mkoh8qg3","time":1613228228,"event":{"mods":["BaseMod","Colored Powertips","Conspire","FoggyMod","Highlight Path","Minty Spire (QoL Compilation)","Reliquary","Replay The Spire","Shop Mod","StSLib","The Mystic","Waifu the Spire"],"gold_per_floor":[360,375,375,375,375,375,375,375,375,87,87,112,135,85,85,85,85],"floor_reached":16,"language":"ZHS","playtime":564,"items_purged":[],"score":115,"play_id":"3f046332-9f19-4b69-8cfa-e0bdb6781287","local_time":"20210213225708","is_ascension_mode":true,"campfire_choices":[{"data":"conspire:Blindness","floor":6,"key":"PURGE"},{"data":"Regret","floor":11,"key":"PURGE"},{"floor":15,"key":"DIG"}],"circlet_count":0,"master_deck":["conspire:GhostlyStrike","conspire:GhostlyStrike","conspire:GhostlyStrike","conspire:GhostlyDefend","conspire:GhostlyDefend","conspire:GhostlyDefend","Eruption","Vigilance","conspire:GhostlyStrike","FollowUp","Perseverance","ForeignInfluence","Steam","FlurryOfBlows"],"relics":["PureWater","Peace Pipe","Ring of Fangs","Ring of Hypnosis","Golden Idol","reliquary:BallBearing","MerchantsRug","Happy Flower","Blue Candle"],"acts_visited":["Exordium"],"potions_floor_usage":[],"damage_taken":[{"damage":0,"enemies":"conspire:RoseBush","floor":1,"turns":1},{"damage":0,"enemies":"Small Slimes","floor":2,"turns":2},{"damage":3,"enemies":"Jaw Worm","floor":13,"turns":4},{"damage":56,"enemies":"Hexaghost","floor":16,"turns":11}],"seed_played":"-6765636455814681839","potions_obtained":[{"floor":1,"key":"Milkshake"}],"is_trial":false,"path_per_floor":["M","M","?","?","?","R","?","?","T","$","R","$","M","?","R","B"],"character_chosen":"WATCHER","items_purchased":["MerchantsRug","Happy Flower"],"campfire_rested":0,"item_purchase_floors":[10,10],"current_hp_per_floor":[72,72,72,72,72,72,72,54,54,54,54,54,51,51,51,0,0],"gold":85,"neow_bonus":"TWO_FIFTY_GOLD","is_daily":false,"chose_seed":false,"campfire_upgraded":0,"win_rate":0.0,"timestamp":1613228228,"path_taken":["M","?","?","?","?","R","?","?","T","$","R","?","?","?","R","BOSS"],"items_purchased_type":["Relic","Relic"],"build_version":"2020-12-22","purchased_purges":0,"victory":false,"max_hp_per_floor":[72,72,72,72,72,72,72,72,72,72,72,72,72,72,72,72,72],"card_choices":[{"not_picked":["EmptyBody","Protect"],"picked":"FollowUp","floor":1},{"not_picked":["ThirdEye","Evaluate"],"picked":"Perseverance","floor":2},{"not_picked":["Protect","Study"],"picked":"FlurryOfBlows","floor":13}],"player_experience":340018,"relics_obtained":[{"floor":4,"key":"Ring of Fangs"},{"floor":4,"key":"Ring of Hypnosis"},{"floor":9,"key":"reliquary:BallBearing"},{"floor":15,"key":"Blue Candle"}],"event_choices":[{"damage_healed":0,"gold_gain":0,"player_choice":"Box","damage_taken":0,"relics_obtained":["Peace Pipe"],"max_hp_gain":0,"max_hp_loss":0,"event_name":"Big Fish","floor":3,"gold_loss":0,"cards_obtained":["Regret"]},{"damage_healed":0,"gold_gain":0,"player_choice":"Agree","damage_taken":0,"max_hp_gain":0,"max_hp_loss":0,"event_name":"conspire:LoneGhost","floor":7,"gold_loss":0},{"damage_healed":0,"gold_gain":0,"player_choice":"Take Damage","damage_taken":18,"relics_obtained":["Golden Idol"],"max_hp_gain":0,"max_hp_loss":0,"event_name":"Golden Idol","floor":8,"gold_loss":0},{"cards_removed":["mysticmod:ShockingGrasp"],"damage_healed":0,"gold_gain":0,"player_choice":"Card Removal","damage_taken":0,"max_hp_gain":0,"max_hp_loss":0,"event_name":"The Cleric","floor":14,"gold_loss":50}],"is_beta":false,"boss_relics":[],"items_purged_floors":[],"is_endless":false,"potions_floor_spawned":[1],"killed_by":"Hexaghost","ascension_level":1}}