{"host":"7kv6jur089hrzttt","time":1613176245,"event":{"mods":["Act Like it!","BaseMod","Better Note","Better Third Choice","CapriCore","Downfall","Hallownest","Hermit","Minty Spire (QoL Compilation)","Relic Stats","Reliquary","Replay The Spire","Robot Space Explorer","StSLib","The Bug Knight","The Cursed","The Servant 0.9.4"],"gold_per_floor":[118,293,293,373,64,99,99,65,114,114,114],"floor_reached":10,"language":"ENG","playtime":546,"items_purged":["Voices"],"score":62,"play_id":"e3635390-0479-4601-8d3c-c19b3112ba08","local_time":"20210212163045","is_ascension_mode":false,"campfire_choices":[{"floor":7,"key":"DIG"}],"circlet_count":0,"master_deck":["HollowMod:NailStrikeStart","HollowMod:NailStrikeStart","HollowMod:NailStrikeStart","HollowMod:NailStrikeStart","HollowMod:QuickDashStart","HollowMod:QuickDashStart","HollowMod:QuickDashStart","HollowMod:QuickDashStart","HollowMod:FocusHealStart","HollowMod:PogoStrike","HollowMod:GoodIntentions","Doubt","HollowMod:CloakDash","HollowMod:VengefulSpirit","HollowMod:BaldurShell","HollowMod:ChannelNail","HollowMod:SlysStrikes","HollowMod:SoulSplash","HollowMod:SoulSplash"],"relics":["HollowMod:VesselMask","Happy Flower","Omamori","Anchor","Shovel","reliquary:SharkskinSheath","Replay:Mystery Machine"],"acts_visited":["Exordium"],"potions_floor_usage":[10],"damage_taken":[{"damage":6,"enemies":"Small Slimes","floor":1,"turns":3},{"damage":15,"enemies":"Replay:BlueRogue","floor":6,"turns":6},{"damage":37,"enemies":"Gremlin Nob","floor":10,"turns":4}],"seed_played":"1748035949002640572","potions_obtained":[{"floor":4,"key":"SteroidPotion"}],"is_trial":false,"path_per_floor":["M","?","?","?","$","E","R","$","T","E"],"character_chosen":"THE_BUGKNIGHT","items_purchased":["Anchor","HollowMod:BaldurShell","HollowMod:ChannelNail","HollowMod:SoulSplash"],"campfire_rested":0,"item_purchase_floors":[5,5,5,8],"current_hp_per_floor":[75,75,75,57,57,52,52,52,52,21,21],"gold":114,"neow_bonus":"RANDOM_COMMON_RELIC","is_daily":false,"chose_seed":false,"campfire_upgraded":0,"win_rate":0.0,"timestamp":1613176245,"path_taken":["M","?","?","?","$","E","R","$","T","E"],"items_purchased_type":["Relic","Card","Card","Card"],"build_version":"2020-12-22","purchased_purges":1,"victory":false,"max_hp_per_floor":[75,75,75,75,75,75,75,75,75,75,75],"relic_stats":{"Shovel":1,"Happy Flower":[4],"counters":[3,13],"obtain_stats":[{"Anchor":5,"Shovel":6,"Happy Flower":0,"HollowMod:VesselMask":0,"Omamori":4,"Replay:Mystery Machine":9,"reliquary:SharkskinSheath":7},{"Anchor":1,"Shovel":2,"Happy Flower":0,"HollowMod:VesselMask":0,"Omamori":1,"Replay:Mystery Machine":2,"reliquary:SharkskinSheath":2},{"Anchor":3,"Shovel":9,"Happy Flower":0,"HollowMod:VesselMask":0,"Omamori":3,"Replay:Mystery Machine":9,"reliquary:SharkskinSheath":9}]},"card_choices":[{"not_picked":["HollowMod:DescendingDark","HollowMod:ShadowDash"],"picked":"HollowMod:GoodIntentions","floor":1},{"not_picked":["HollowMod:CornifersMapStart","HollowMod:GoodIntentions"],"picked":"HollowMod:CloakDash","floor":4},{"not_picked":["HollowMod:SharpenedNail","HollowMod:CloakDash"],"picked":"HollowMod:VengefulSpirit","floor":4},{"not_picked":["HollowMod:SiblingsSouls","HollowMod:WraithStrike"],"picked":"HollowMod:SlysStrikes","floor":6}],"player_experience":260168,"relics_obtained":[{"floor":4,"key":"Omamori"},{"floor":6,"key":"Shovel"},{"floor":7,"key":"reliquary:SharkskinSheath"},{"floor":9,"key":"Replay:Mystery Machine"}],"event_choices":[{"damage_healed":0,"gold_gain":175,"player_choice":"AGREE","damage_taken":118,"max_hp_gain":0,"max_hp_loss":0,"event_name":"betterThird:BetterSerpent","floor":2,"gold_loss":0}],"is_beta":false,"boss_relics":[],"items_purged_floors":[5],"is_endless":false,"potions_floor_spawned":[],"killed_by":"Gremlin Nob","ascension_level":0}}