{"host":"0pyv9je0pz1gg9m7","time":1613246734,"event":{"mods":["AchievementEnabler","BaseMod","Colored Map","DeckTracker","Minty Spire (QoL Compilation)","Permanent Neow","StSLib","SuperFastMode","everything is the same but u backflip on backflip"],"gold_per_floor":[119,69,87,87,12,12,43,43,43,43,61,95,95,95,95,200,200,168,68,68,102,102,102,102],"floor_reached":23,"language":"KOR","playtime":790,"items_purged":["Strike_P","Strike_P"],"score":218,"play_id":"2e5715fb-18d8-46c0-88a8-4c00682891f8","local_time":"20210214050534","is_ascension_mode":false,"campfire_choices":[{"data":"ConjureBlade","floor":6.0,"key":"SMITH"},{"floor":8,"key":"REST"},{"data":"Vengeance","floor":13,"key":"SMITH"},{"floor":15,"key":"REST"}],"circlet_count":0,"master_deck":["Strike_P","Strike_P","Defend_P","Defend_P","Eruption+1","Vigilance","ConjureBlade+1","InnerPeace","Vengeance+1","Worship","Evaluate","EmptyBody","Omniscience","Worship","Blasphemy","Meditate+1","Ghostly","Ghostly","Ghostly","Ghostly","Ghostly"],"relics":["PureWater","Centennial Puzzle","Juzu Bracelet","Bottled Lightning","Ornamental Fan","Cursed Key","Red Mask"],"acts_visited":["Exordium","TheCity"],"potions_floor_usage":[16,16],"damage_taken":[{"damage":24.0,"enemies":"Small Slimes","floor":1.0,"turns":3.0},{"damage":8.0,"enemies":"Jaw Worm","floor":3.0,"turns":7.0},{"damage":29,"enemies":"3 Sentries","floor":7,"turns":5},{"damage":1,"enemies":"Cultist","floor":11,"turns":4},{"damage":12,"enemies":"Gremlin Nob","floor":12,"turns":3},{"damage":32,"enemies":"Slime Boss","floor":16,"turns":7},{"damage":30,"enemies":"2 Thieves","floor":18,"turns":5},{"damage":27,"enemies":"Masked Bandits","floor":21,"turns":5},{"damage":100005,"enemies":"Gremlin Leader","floor":23,"turns":5}],"seed_played":"-2743217312509372557","potions_obtained":[{"floor":3.0,"key":"SpeedPotion"},{"floor":11,"key":"ColorlessPotion"},{"floor":16,"key":"Weak Potion"}],"is_trial":false,"path_per_floor":["M","?","M","?","$","R","E","R","T","?","M","E","R","?","R","B",null,"M","$","?","?","?","E"],"character_chosen":"WATCHER","items_purchased":[],"campfire_rested":2,"item_purchase_floors":[],"current_hp_per_floor":[48,48,40,33,33,33,4,25,25,25,24,12,12,12,33,1,72,42,42,42,15,15,0,0],"gold":102,"neow_bonus":"THREE_RARE_CARDS","is_daily":false,"chose_seed":false,"campfire_upgraded":2,"win_rate":0.0,"timestamp":1613246734,"path_taken":["M","?","M","?","?","R","E","R","T","?","M","E","R","?","R","BOSS","M","$","?","?","?","E"],"items_purchased_type":[],"build_version":"2020-12-22","purchased_purges":2,"victory":false,"max_hp_per_floor":[72,72,72,72,72,72,72,72,72,72,72,72,72,72,72,72,72,72,72,72,72,36,36,36],"card_choices":[{"not_picked":["Wish","MasterReality"],"picked":"ConjureBlade","floor":0.0},{"not_picked":["DeceiveReality","ReachHeaven"],"picked":"InnerPeace","floor":1.0},{"not_picked":["Swivel","Conclude"],"picked":"Vengeance","floor":3.0},{"not_picked":["Crescendo","Halt"],"picked":"Worship","floor":7},{"not_picked":["ThirdEye","EmptyFist"],"picked":"Evaluate","floor":11},{"not_picked":["Halt","ThirdEye"],"picked":"EmptyBody","floor":12},{"not_picked":["Judgement","MasterReality"],"picked":"Omniscience","floor":16},{"not_picked":["Conclude","FlyingSleeves","EmptyBody"],"picked":"SKIP","floor":18},{"not_picked":["Consecrate+1","ClearTheMind"],"picked":"Meditate+1","floor":21}],"player_experience":449158,"relics_obtained":[{"floor":7,"key":"Juzu Bracelet"},{"floor":9,"key":"Bottled Lightning"},{"floor":12,"key":"Ornamental Fan"},{"floor":21,"key":"Red Mask"}],"event_choices":[{"cards_removed":["Normality"],"damage_healed":0.0,"max_hp_gain":0.0,"max_hp_loss":0.0,"gold_gain":0.0,"event_name":"The Cleric","player_choice":"Card Removal","floor":2.0,"gold_loss":50.0,"damage_taken":0.0},{"damage_healed":0.0,"max_hp_gain":0.0,"max_hp_loss":0.0,"gold_gain":0.0,"event_name":"Scrap Ooze","player_choice":"Success","floor":4.0,"gold_loss":0.0,"damage_taken":7.0,"relics_obtained":["Centennial Puzzle"]},{"damage_healed":0,"gold_gain":0,"player_choice":"Forge","damage_taken":0,"max_hp_gain":0,"max_hp_loss":0,"event_name":"Accursed Blacksmith","floor":10,"gold_loss":0,"cards_upgraded":["Eruption"]},{"damage_healed":0,"gold_gain":0,"player_choice":"Ignored","damage_taken":0,"max_hp_gain":0,"max_hp_loss":0,"event_name":"Liars Game","floor":14,"gold_loss":0},{"damage_healed":0,"gold_gain":0,"cards_transformed":["Defend_P","Defend_P"],"player_choice":"Became Test Subject","damage_taken":0,"max_hp_gain":0,"max_hp_loss":0,"event_name":"Drug Dealer","floor":20,"gold_loss":0,"cards_obtained":["Worship","Blasphemy"]},{"damage_healed":0,"gold_gain":0,"player_choice":"Fought Bandits","damage_taken":0,"max_hp_gain":0,"max_hp_loss":0,"event_name":"Masked Bandits","floor":21,"gold_loss":0},{"damage_healed":0,"gold_gain":0,"player_choice":"Became a Ghost","damage_taken":0,"max_hp_gain":0,"max_hp_loss":36,"event_name":"Ghosts","floor":22,"gold_loss":0,"cards_obtained":["Ghostly","Ghostly","Ghostly","Ghostly","Ghostly"]}],"is_beta":false,"boss_relics":[{"not_picked":["Black Star","HolyWater"],"picked":"Cursed Key"}],"items_purged_floors":[5,19],"is_endless":false,"potions_floor_spawned":[3,11,16],"killed_by":"Gremlin Leader","ascension_level":0}}