{"host":"DOLBYTIME","time":1613241679,"event":{"mods":["BaseMod","Block Reminder","Minty Spire (QoL Compilation)"],"gold_per_floor":[112,112,37,37,51,51,85,100,100,139,158,174,16,60,60,151,151,172,87,57,73,18,18,18],"floor_reached":23,"language":"ENG","playtime":731,"items_purged":["Injury","Strike_G"],"score":518,"play_id":"d5f8b007-fde0-4be9-9001-a5766ce7e146","local_time":"20210213124119","is_ascension_mode":true,"campfire_choices":[{"data":"Neutralize","floor":6,"key":"SMITH"},{"data":"Deadly Poison","floor":15,"key":"SMITH"}],"circlet_count":0,"master_deck":["AscendersBane","Strike_G","Strike_G","Strike_G","Defend_G","Defend_G","Defend_G","Defend_G","Defend_G","Survivor","Neutralize+1","Flying Knee","Dagger Throw","Flying Knee","Deadly Poison+1","Leg Sweep","PiercingWail","Flying Knee","Quick Slash","Phantasmal Killer","Dodge and Roll+1","Cloak And Dagger+1","Deflect+1"],"relics":["Ring of the Snake","NeowsBlessing","Golden Idol","Shuriken","PreservedInsect","WingedGreaves","MealTicket","Sozu","Toxic Egg 2"],"acts_visited":["Exordium","TheCity"],"potions_floor_usage":[14,23],"damage_taken":[{"damage":0,"enemies":"Jaw Worm","floor":1,"turns":1},{"damage":0,"enemies":"2 Louse","floor":5,"turns":1},{"damage":0,"enemies":"Gremlin Nob","floor":7,"turns":1},{"damage":0,"enemies":"Cultist","floor":8,"turns":3},{"damage":5,"enemies":"Lagavulin","floor":10,"turns":6},{"damage":3,"enemies":"Looter","floor":11,"turns":4},{"damage":0,"enemies":"3 Louse","floor":12,"turns":3},{"damage":0,"enemies":"Gremlin Nob","floor":14,"turns":2},{"damage":43,"enemies":"The Guardian","floor":16,"turns":13},{"damage":20,"enemies":"Shell Parasite","floor":18,"turns":5},{"damage":17,"enemies":"3 Byrds","floor":21,"turns":8},{"damage":54,"enemies":"Slavers","floor":23,"turns":4}],"seed_played":"-5826284590116679226","potions_obtained":[{"floor":7,"key":"SteroidPotion"},{"floor":10,"key":"Ancient Potion"},{"floor":16,"key":"SkillPotion"}],"is_trial":false,"path_per_floor":["M","?","$","?","M","R","E","M","T","E","M","M","$","E","R","B",null,"M","?","$","M","$","E"],"character_chosen":"THE_SILENT","items_purchased":["Quick Slash","Dodge and Roll+1","Deflect+1"],"campfire_rested":0,"item_purchase_floors":[13,20,22],"current_hp_per_floor":[59,59,59,59,59,59,59,59,59,54,51,51,51,51,51,8,52,32,32,47,30,45,0,0],"gold":18,"neow_bonus":"THREE_ENEMY_KILL","is_daily":false,"chose_seed":false,"campfire_upgraded":2,"win_rate":0.0,"timestamp":1613241679,"path_taken":["M","?","$","?","M","R","E","M","T","E","?","M","$","E","R","BOSS","M","?","$","M","$","E"],"items_purchased_type":["Card","Card","Card"],"build_version":"2020-12-18","purchased_purges":2,"victory":false,"max_hp_per_floor":[66,66,66,66,66,66,66,66,66,66,66,66,66,66,66,66,66,66,66,66,66,66,66,66],"card_choices":[{"not_picked":["Blade Dance","Tactician"],"picked":"Flying Knee","floor":1},{"not_picked":["Escape Plan","Outmaneuver"],"picked":"Flying Knee","floor":5},{"not_picked":["Dodge and Roll","Reflex"],"picked":"Deadly Poison","floor":7},{"not_picked":["Blur","Cloak And Dagger"],"picked":"Leg Sweep","floor":8},{"not_picked":["Tools of the Trade","Choke"],"picked":"PiercingWail","floor":10},{"not_picked":["Dodge and Roll","Flying Knee","Dagger Spray"],"picked":"SKIP","floor":11},{"not_picked":["Tactician","Poisoned Stab"],"picked":"Flying Knee","floor":12},{"not_picked":["Catalyst","Bane","Backstab"],"picked":"SKIP","floor":14},{"not_picked":["Malaise","Bullet Time"],"picked":"Phantasmal Killer","floor":16},{"not_picked":["Dagger Throw+1","Sucker Punch","Dagger Spray+1"],"picked":"SKIP","floor":18},{"not_picked":["Quick Slash","Outmaneuver+1"],"picked":"Cloak And Dagger+1","floor":21}],"player_experience":1699830,"relics_obtained":[{"floor":7,"key":"Shuriken"},{"floor":9,"key":"PreservedInsect"},{"floor":10,"key":"WingedGreaves"},{"floor":14,"key":"MealTicket"}],"event_choices":[{"damage_healed":0,"gold_gain":0,"player_choice":"Take Wound","damage_taken":0,"relics_obtained":["Golden Idol"],"max_hp_gain":0,"max_hp_loss":0,"event_name":"Golden Idol","floor":2,"gold_loss":0,"cards_obtained":["Injury"]},{"damage_healed":0,"gold_gain":0,"cards_transformed":["Strike_G"],"player_choice":"Transformed","damage_taken":0,"max_hp_gain":0,"max_hp_loss":0,"event_name":"Transmorgrifier","floor":4,"gold_loss":0,"cards_obtained":["Dagger Throw"]},{"damage_healed":0,"gold_gain":0,"player_choice":"Obtained Relic","damage_taken":0,"relics_obtained":["Toxic Egg 2"],"max_hp_gain":0,"max_hp_loss":0,"event_name":"Addict","floor":19,"gold_loss":85}],"is_beta":true,"boss_relics":[{"not_picked":["Ectoplasm","SacredBark"],"picked":"Sozu"}],"items_purged_floors":[3,13],"is_endless":false,"potions_floor_spawned":[7,10,12,16,18],"killed_by":"Slavers","ascension_level":20}}