{"host":"Tuck","time":1613183824,"event":{"mods":["BaseMod","Minty Spire (QoL Compilation)","StSLib"],"gold_per_floor":[115,115,115,129,54,88,103,203,230,261,261,281,300,630,630,730,730,747,762,782,782,797,831,841,872,872,872,889,903,936,135,135,230,230,242,292,17,35,19,52,52,87,87,122,122,152,152,187,187,187,187,187,103,137,137],"floor_reached":56,"language":"ENG","playtime":4212,"items_purged":["Writhe"],"score":1973,"play_id":"4db181d0-d708-4eac-bcc8-e8742c41b5fb","local_time":"20210212193704","is_ascension_mode":true,"campfire_choices":[{"data":"Cloak And Dagger","floor":11,"key":"SMITH"},{"data":"Leg Sweep","floor":15,"key":"SMITH"},{"data":"Envenom","floor":27,"key":"SMITH"},{"data":"Caltrops","floor":32,"key":"SMITH"},{"data":"Finisher","floor":47,"key":"SMITH"},{"data":"Accuracy","floor":49,"key":"SMITH"},{"data":"Accuracy","floor":52,"key":"SMITH"}],"circlet_count":0,"master_deck":["Survivor","Neutralize","Leg Sweep+1","Terror","Accuracy","Riddle With Holes","Cloak And Dagger+1","Accuracy+1","Escape Plan+1","After Image","Leg Sweep+1","Finisher+1","Blur+1","Caltrops+1","Dagger Spray","Envenom+1","Cloak And Dagger+1","Acrobatics+1","Tactician+1","Escape Plan+1","Heel Hook+1","Acrobatics+1","Cloak And Dagger+1","Accuracy+1","Blade Dance+1","Footwork+1","Footwork+1","Infinite Blades+1","Footwork+1","Backflip+1","Backflip+1","PiercingWail+1","Blur+1","Dodge and Roll+1","PiercingWail+1","Well Laid Plans+1","Night Terror+1","Tactician+1","Backflip+1","Footwork+1","Infinite Blades+1","Noxious Fumes+1","Tools of the Trade+1","Caltrops+1","Noxious Fumes+1","Wraith Form v2+1","Escape Plan+1","Tactician+1","Blur+1","Sadistic Nature+1","PiercingWail+1"],"relics":["Ring of the Snake","Boot","Tingsha","Potion Belt","CaptainsWheel","Toxic Egg 2","Old Coin","Pandora\u0027s Box","Regal Pillow","Question Card","Gremlin Horn","WingedGreaves","Turnip","Frozen Egg 2","The Courier","Peace Pipe","Orrery","Kunai","Ornamental Fan","Mummified Hand","Omamori","Calling Bell","Blood Vial","HornCleat","FossilizedHelix","Gambling Chip","Membership Card","Bag of Preparation","Akabeko","Frozen Eye","Vajra","TungstenRod","Matryoshka","Thread and Needle","OrangePellets","Lantern","Eternal Feather","Snake Skull","Juzu Bracelet","Strawberry","Ice Cream","Nunchaku"],"acts_visited":["Exordium","TheCity","TheBeyond","TheEnding"],"potions_floor_usage":[],"damage_taken":[{"damage":0,"enemies":"2 Louse","floor":1,"turns":5},{"damage":0,"enemies":"Small Slimes","floor":4,"turns":3},{"damage":14,"enemies":"3 Sentries","floor":6,"turns":11},{"damage":0,"enemies":"Jaw Worm","floor":7,"turns":4},{"damage":2,"enemies":"Gremlin Nob","floor":10,"turns":3},{"damage":3,"enemies":"Exordium Thugs","floor":12,"turns":5},{"damage":0,"enemies":"2 Fungi Beasts","floor":13,"turns":5},{"damage":8,"enemies":"3 Sentries","floor":14,"turns":10},{"damage":6,"enemies":"The Guardian","floor":16,"turns":9},{"damage":0,"enemies":"Shell Parasite","floor":18,"turns":4},{"damage":0,"enemies":"Chosen","floor":19,"turns":6},{"damage":0,"enemies":"Snecko","floor":20,"turns":1},{"damage":0,"enemies":"Centurion and Healer","floor":22,"turns":6},{"damage":0,"enemies":"Book of Stabbing","floor":23,"turns":6},{"damage":0,"enemies":"Snake Plant","floor":24,"turns":4},{"damage":0,"enemies":"Slavers","floor":25,"turns":4},{"damage":0,"enemies":"Shelled Parasite and Fungi","floor":28,"turns":2},{"damage":0,"enemies":"Centurion and Healer","floor":29,"turns":4},{"damage":0,"enemies":"Gremlin Leader","floor":30,"turns":3},{"damage":0,"enemies":"Champ","floor":33,"turns":7},{"damage":0,"enemies":"3 Shapes","floor":35,"turns":4},{"damage":0,"enemies":"2 Orb Walkers","floor":36,"turns":4},{"damage":0,"enemies":"3 Darklings","floor":38,"turns":3},{"damage":0,"enemies":"Nemesis","floor":40,"turns":1},{"damage":0,"enemies":"Giant Head","floor":42,"turns":4},{"damage":0,"enemies":"Reptomancer","floor":44,"turns":3},{"damage":0,"enemies":"Giant Head","floor":46,"turns":5},{"damage":0,"enemies":"Nemesis","floor":48,"turns":5},{"damage":0,"enemies":"Awakened One","floor":50,"turns":6},{"damage":0,"enemies":"Shield and Spear","floor":54,"turns":4},{"damage":0,"enemies":"The Heart","floor":55,"turns":6}],"seed_played":"6770722042682723288","potions_obtained":[{"floor":4,"key":"LiquidBronze"},{"floor":6,"key":"LiquidBronze"},{"floor":12,"key":"GamblersBrew"},{"floor":14,"key":"GhostInAJar"},{"floor":20,"key":"SpeedPotion"},{"floor":22,"key":"FairyPotion"},{"floor":25,"key":"LiquidMemories"},{"floor":28,"key":"PowerPotion"}],"is_trial":false,"path_per_floor":["M","?","?","M","$","E","M","?","T","E","R","M","M","E","R","B",null,"M","M","M","?","M","E","M","E","T","R","M","M","E","$","R","B",null,"M","?","$","M","$","E","?","E","T","E","?","E","R","E","R","B",null,"R","$","E","B",null],"character_chosen":"THE_SILENT","items_purchased":["Footwork","Footwork+1","Infinite Blades+1","Footwork+1","Peace Pipe","Orrery","Dodge and Roll+1","PiercingWail+1","Bag of Preparation","Akabeko","Frozen Eye","Vajra","TungstenRod","Matryoshka","Thread and Needle","Footwork+1","Infinite Blades+1","Noxious Fumes+1","Tools of the Trade+1","Caltrops+1","Noxious Fumes+1","Escape Plan+1","Blur+1","Sadistic Nature+1"],"campfire_rested":0,"item_purchase_floors":[31,31,31,31,31,31,31,31,37,37,37,37,37,37,37,37,37,37,37,37,37,39,53,53],"current_hp_per_floor":[70,70,63,63,63,49,49,49,49,47,47,44,44,36,36,30,70,70,70,70,70,70,70,70,70,70,70,70,70,70,70,70,70,70,70,70,70,70,70,70,70,70,70,70,70,77,77,77,77,77,77,77,77,77,77],"gold":137,"neow_bonus":"TRANSFORM_TWO_CARDS","is_daily":false,"chose_seed":false,"campfire_upgraded":7,"win_rate":0.0,"timestamp":1613183824,"path_taken":["M","?","?","M","$","E","M","?","T","E","R","?","M","E","R","BOSS","M","M","M","?","M","E","?","E","T","R","M","M","E","$","R","BOSS","M","?","$","M","$","E","?","E","T","E","?","E","R","E","R","BOSS","R","$","E","BOSS"],"items_purchased_type":["Card","Card","Card","Card","Relic","Relic","Card","Card","Relic","Relic","Relic","Relic","Relic","Relic","Relic","Card","Card","Card","Card","Card","Card","Card","Card","Card"],"build_version":"2020-12-18","purchased_purges":1,"victory":true,"max_hp_per_floor":[70,70,70,70,70,70,70,70,70,70,70,70,70,70,70,70,70,70,70,70,70,70,70,70,70,70,70,70,70,70,70,70,70,70,70,70,70,70,70,70,70,70,70,70,70,77,77,77,77,77,77,77,77,77,77],"card_choices":[{"not_picked":["Outmaneuver","Finisher"],"picked":"Accuracy","floor":1},{"not_picked":["Eviscerate","Endless Agony"],"picked":"Cloak And Dagger","floor":4},{"not_picked":["All Out Attack","Sucker Punch","Dagger Spray"],"picked":"SKIP","floor":6},{"not_picked":["Bane","Slice","Quick Slash"],"picked":"SKIP","floor":7},{"not_picked":["Dagger Spray","Poisoned Stab","Flying Knee"],"picked":"SKIP","floor":10},{"not_picked":["Underhanded Strike","Skewer"],"picked":"Setup+1","floor":12},{"not_picked":["Slice","Endless Agony"],"picked":"Accuracy","floor":13},{"not_picked":["Deflect+1","Dagger Spray"],"picked":"Escape Plan+1","floor":14},{"not_picked":["Doppelganger+1","Unload"],"picked":"After Image","floor":16},{"not_picked":["Outmaneuver+1","Flechettes"],"picked":"Cloak And Dagger+1","floor":18},{"not_picked":["Deflect+1","Flying Knee"],"picked":"Acrobatics+1","floor":19},{"not_picked":["Flying Knee","Dagger Spray+1"],"picked":"Tactician+1","floor":20},{"not_picked":["Infinite Blades","Sucker Punch+1"],"picked":"Escape Plan+1","floor":22},{"not_picked":["Envenom","Calculated Gamble+1"],"picked":"Heel Hook+1","floor":23},{"not_picked":["Dagger Spray+1","Flechettes"],"picked":"Acrobatics+1","floor":24},{"not_picked":["Terror+1","Underhanded Strike"],"picked":"Cloak And Dagger+1","floor":25},{"not_picked":["Deflect+1","Sucker Punch+1","Underhanded Strike"],"picked":"Accuracy","floor":28},{"not_picked":["Bane","Quick Slash","Expertise+1","Slice"],"picked":"SKIP","floor":29},{"not_picked":["Choke+1","Slice","Endless Agony"],"picked":"Blade Dance+1","floor":30},{"not_picked":["Leg Sweep+1","Outmaneuver+1","Bane+1"],"picked":"Backflip+1","floor":31},{"not_picked":["Dagger Spray+1","Choke","Outmaneuver+1"],"picked":"Backflip+1","floor":31},{"not_picked":["Predator","Slice","Deflect+1"],"picked":"PiercingWail+1","floor":31},{"not_picked":["Dagger Spray","Quick Slash","Terror+1"],"picked":"Blur+1","floor":31},{"not_picked":["Envenom+1","Malaise+1","Glass Knife"],"picked":"Night Terror+1","floor":33},{"not_picked":["Acrobatics+1","Predator+1","Prepared+1"],"picked":"Tactician+1","floor":35},{"not_picked":["Blade Dance+1","Calculated Gamble+1","Riddle With Holes"],"picked":"Backflip+1","floor":36},{"not_picked":["Calculated Gamble+1","Blade Dance+1","Deadly Poison+1"],"picked":"Wraith Form v2+1","floor":38},{"not_picked":["Flying Knee+1","Finisher","Dagger Spray","Skewer+1"],"picked":"SKIP","floor":40},{"not_picked":["Calculated Gamble+1","Leg Sweep+1","Eviscerate","Flechettes+1"],"picked":"SKIP","floor":42},{"not_picked":["Dagger Throw","Flying Knee+1","Backflip+1","Blade Dance+1"],"picked":"SKIP","floor":44},{"not_picked":["Endless Agony","Backflip+1","Die Die Die"],"picked":"Tactician+1","floor":46},{"not_picked":["Prepared+1","Crippling Poison+1","Finisher","Dash+1"],"picked":"SKIP","floor":48},{"not_picked":["Infinite Blades+1","Flechettes","Deadly Poison+1"],"picked":"PiercingWail+1","floor":54}],"player_experience":2392303,"relics_obtained":[{"floor":6,"key":"Tingsha"},{"floor":9,"key":"Potion Belt"},{"floor":10,"key":"CaptainsWheel"},{"floor":14,"key":"Old Coin"},{"floor":23,"key":"Regal Pillow"},{"floor":25,"key":"Question Card"},{"floor":26,"key":"Gremlin Horn"},{"floor":30,"key":"Turnip"},{"floor":34,"key":"Blood Vial"},{"floor":34,"key":"HornCleat"},{"floor":34,"key":"FossilizedHelix"},{"floor":36,"key":"Gambling Chip"},{"floor":40,"key":"Lantern"},{"floor":42,"key":"Eternal Feather"},{"floor":43,"key":"Snake Skull"},{"floor":44,"key":"Juzu Bracelet"},{"floor":46,"key":"Strawberry"},{"floor":54,"key":"Nunchaku"}],"event_choices":[{"damage_healed":0,"gold_gain":0,"cards_transformed":["Strike_G"],"player_choice":"Change","damage_taken":0,"max_hp_gain":0,"max_hp_loss":0,"event_name":"Living Wall","floor":2,"gold_loss":0,"cards_obtained":["Riddle With Holes"]},{"damage_healed":0,"gold_gain":0,"player_choice":"Success","damage_taken":7,"relics_obtained":["Boot"],"max_hp_gain":0,"max_hp_loss":0,"event_name":"Scrap Ooze","floor":3,"gold_loss":0},{"damage_healed":0,"gold_gain":100,"player_choice":"Pray","damage_taken":0,"max_hp_gain":0,"max_hp_loss":0,"event_name":"Golden Shrine","floor":8,"gold_loss":0},{"cards_removed":["Setup"],"damage_healed":0,"gold_gain":0,"player_choice":"Purged","damage_taken":0,"max_hp_gain":0,"max_hp_loss":0,"event_name":"Purifier","floor":21,"gold_loss":0},{"damage_healed":0,"gold_gain":0,"player_choice":"Fight","damage_taken":0,"max_hp_gain":0,"max_hp_loss":0,"event_name":"Mysterious Sphere","floor":36,"gold_loss":0},{"cards_removed":["Setup"],"damage_healed":0,"gold_gain":0,"player_choice":"Removed Skill","damage_taken":0,"max_hp_gain":0,"max_hp_loss":0,"event_name":"Falling","floor":41,"gold_loss":0},{"damage_healed":0,"gold_gain":0,"player_choice":"Ignored","damage_taken":0,"max_hp_gain":0,"max_hp_loss":0,"event_name":"Tomb of Lord Red Mask","floor":45,"gold_loss":0}],"is_beta":true,"boss_relics":[{"not_picked":["Runic Pyramid","SacredBark"],"picked":"Pandora\u0027s Box"},{"not_picked":["Runic Dome","Tiny House"],"picked":"Calling Bell"}],"items_purged_floors":[5],"is_endless":false,"potions_floor_spawned":[4,6,12,14,20,22,23,25,28,35,36,48],"ascension_level":1}}