{"host":"6svvh3ubww6quchd","time":1613239904,"event":{"mods":["AchievementEnabler","BaseMod","Bestiary","Minty Spire (QoL Compilation)","Rare Cards Sparkle","Relic Stats","StSLib"],"gold_per_floor":[109,165,182,202,202,202,2,28,28,39,39,39,57,68,68,167,167,182,202,56,56,6,38,38,64,64,44,60,60,94,94,94,193,193,204,231,9,19,19,53,70,70,95,123,123,151,23,40,40,40],"floor_reached":51,"language":"ENG","playtime":2048,"items_purged":[],"score":964,"play_id":"57ad556d-6120-4a8a-bdbf-3db0cb9a8fca","local_time":"20210213131144","is_ascension_mode":true,"campfire_choices":[{"data":"Shockwave","floor":6.0,"key":"SMITH"},{"data":"Fire Breathing","floor":12.0,"key":"SMITH"},{"data":"Limit Break","floor":15.0,"key":"SMITH"},{"floor":24.0,"key":"REST"},{"floor":29.0,"key":"REST"},{"floor":32.0,"key":"REST"},{"floor":42.0,"key":"REST"},{"floor":45,"key":"REST"},{"floor":49,"key":"REST"}],"circlet_count":0,"master_deck":["Strike_R","Strike_R+1","Strike_R","Strike_R+1","Defend_R","Defend_R","Defend_R","Bash","Shockwave+1","Sword Boomerang","Carnage+1","Headbutt","Fire Breathing+1","Limit Break+1","Spot Weakness","Uppercut","Limit Break","Feel No Pain","Feed","Armaments+1","Power Through","Exhume","CurseOfTheBell","True Grit","Disarm","Spot Weakness","Immolate","Shrug It Off+1","Flame Barrier","Rage+1"],"relics":["Burning Blood","PreservedInsect","Nunchaku","Bottled Lightning","Philosopher\u0027s Stone","Blood Vial","Toy Ornithopter","Tiny Chest","Torii","Anchor","Calling Bell","Lantern","Darkstone Periapt","Charon\u0027s Ashes","Dream Catcher","Brimstone","Gremlin Horn","Whetstone","Ancient Tea Set","Mango"],"acts_visited":["Exordium","TheCity","TheBeyond"],"potions_floor_usage":[50],"damage_taken":[{"damage":2.0,"enemies":"2 Louse","floor":1.0,"turns":2.0},{"damage":10.0,"enemies":"Small Slimes","floor":3.0,"turns":3.0},{"damage":4.0,"enemies":"Jaw Worm","floor":4.0,"turns":2.0},{"damage":12.0,"enemies":"Gremlin Nob","floor":8.0,"turns":3.0},{"damage":11.0,"enemies":"Exordium Thugs","floor":10.0,"turns":3.0},{"damage":9.0,"enemies":"2 Fungi Beasts","floor":13.0,"turns":3.0},{"damage":11.0,"enemies":"Red Slaver","floor":14.0,"turns":3.0},{"damage":10.0,"enemies":"Slime Boss","floor":16.0,"turns":6.0},{"damage":23.0,"enemies":"Spheric Guardian","floor":18.0,"turns":4.0},{"damage":17.0,"enemies":"2 Thieves","floor":19.0,"turns":3.0},{"damage":35.0,"enemies":"Gremlin Leader","floor":23.0,"turns":5.0},{"damage":28.0,"enemies":"Slavers","floor":25.0,"turns":3.0},{"damage":12.0,"enemies":"Chosen and Byrds","floor":28.0,"turns":6.0},{"damage":13.0,"enemies":"Gremlin Leader","floor":30.0,"turns":6.0},{"damage":19.0,"enemies":"Champ","floor":33.0,"turns":8.0},{"damage":25.0,"enemies":"3 Darklings","floor":35.0,"turns":7.0},{"damage":8.0,"enemies":"3 Shapes","floor":38.0,"turns":4.0},{"damage":35.0,"enemies":"Nemesis","floor":40.0,"turns":5.0},{"damage":32.0,"enemies":"3 Darklings","floor":41.0,"turns":4.0},{"damage":17.0,"enemies":"Reptomancer","floor":44.0,"turns":4.0},{"damage":12,"enemies":"Giant Head","floor":46,"turns":5},{"damage":40,"enemies":"Sphere and 2 Shapes","floor":48,"turns":5},{"damage":56,"enemies":"Awakened One","floor":50,"turns":7}],"seed_played":"-774217714903946098","potions_obtained":[{"floor":1.0,"key":"SpeedPotion"},{"floor":14.0,"key":"PowerPotion"},{"floor":16.0,"key":"SteroidPotion"},{"floor":23.0,"key":"Weak Potion"},{"floor":27.0,"key":"HeartOfIron"},{"floor":30.0,"key":"Fire Potion"},{"floor":33.0,"key":"ColorlessPotion"},{"floor":40.0,"key":"FearPotion"},{"floor":41.0,"key":"EntropicBrew"},{"floor":46,"key":"Explosive Potion"}],"is_trial":false,"path_per_floor":["M","?","M","M","?","R","$","E","T","M","?","R","M","M","R","B",null,"M","M","$","?","$","E","R","E","T","?","M","R","E","?","R","B",null,"M","T","$","M","?","E","M","R","T","E","R","E","$","M","R","B",null],"character_chosen":"IRONCLAD","items_purchased":["PreservedInsect","AttackPotion","Blood Vial","PowerPotion","Brimstone","True Grit","AttackPotion","Flame Barrier","PowerPotion"],"campfire_rested":6,"item_purchase_floors":[7,7,20,22,37,37,37,47,47],"current_hp_per_floor":[72,72,68,70,70,70,70,64,64,59,59,59,56,51,51,47,72,55,44,44,38,38,11,32,17,17,17,23,44,39,26,49,43,77,62,62,62,66,66,44,20,45,45,44,70,80,80,51,82,39],"gold":40,"neow_bonus":"TRANSFORM_TWO_CARDS","is_daily":false,"chose_seed":false,"campfire_upgraded":3,"win_rate":0.0,"timestamp":1613239904,"path_taken":["M","?","M","M","?","R","$","E","T","M","?","R","M","M","R","BOSS","M","M","$","?","?","E","R","E","T","?","?","R","E","?","R","BOSS","M","?","$","M","?","E","M","R","T","E","R","E","$","M","R","BOSS"],"items_purchased_type":["Relic","Potion","Relic","Potion","Relic","Card","Potion","Card","Potion"],"build_version":"2020-12-22","purchased_purges":0,"victory":true,"max_hp_per_floor":[72,72,72,72,72,72,72,72,72,72,72,72,72,72,72,72,72,72,72,72,72,72,72,72,72,72,72,72,72,72,77,77,77,77,81,81,81,85,85,85,85,85,85,88,88,102,102,105,105,105],"relic_stats":{"Darkstone Periapt":0,"Torii":34,"Gremlin Horn":[10,10],"counters":[23,101],"PreservedInsect":379,"Charon\u0027s Ashes":[148],"Whetstone":["Strike_R","Strike_R"],"Burning Blood":134,"Blood Vial":24,"Nunchaku":[12],"Dream Catcher":3,"Tiny Chest":1,"obtain_stats":[{"Darkstone Periapt":34,"Lantern":34,"Torii":26,"Gremlin Horn":40,"Mango":46,"PreservedInsect":7,"Charon\u0027s Ashes":34,"Whetstone":43,"Ancient Tea Set":44,"Burning Blood":0,"Blood Vial":20,"Calling Bell":34,"Nunchaku":8,"Anchor":30,"Dream Catcher":36,"Brimstone":37,"Philosopher\u0027s Stone":17,"Tiny Chest":25,"Bottled Lightning":9,"Toy Ornithopter":23},{"Darkstone Periapt":15,"Lantern":15,"Torii":12,"Gremlin Horn":18,"Mango":21,"PreservedInsect":3,"Charon\u0027s Ashes":15,"Whetstone":19,"Ancient Tea Set":20,"Burning Blood":0,"Blood Vial":10,"Calling Bell":15,"Nunchaku":4,"Anchor":14,"Dream Catcher":16,"Brimstone":16,"Philosopher\u0027s Stone":8,"Tiny Chest":12,"Bottled Lightning":4,"Toy Ornithopter":11},{"Darkstone Periapt":60,"Lantern":60,"Torii":40,"Gremlin Horn":76,"Mango":89,"PreservedInsect":7,"Charon\u0027s Ashes":60,"Whetstone":80,"Ancient Tea Set":84,"Burning Blood":0,"Blood Vial":32,"Calling Bell":60,"Nunchaku":10,"Anchor":52,"Dream Catcher":67,"Brimstone":67,"Philosopher\u0027s Stone":25,"Tiny Chest":40,"Bottled Lightning":10,"Toy Ornithopter":37}],"Toy Ornithopter":35},"card_choices":[{"not_picked":["Combust","Warcry"],"picked":"Carnage","floor":1.0},{"not_picked":["Sword Boomerang","Clothesline"],"picked":"Headbutt","floor":3.0},{"not_picked":["Wild Strike","Thunderclap"],"picked":"Fire Breathing","floor":4.0},{"not_picked":["Anger","Iron Wave"],"picked":"Limit Break","floor":8.0},{"not_picked":["Armaments","Combust","Warcry"],"picked":"SKIP","floor":10.0},{"not_picked":["Clash","Shrug It Off"],"picked":"Spot Weakness","floor":13.0},{"not_picked":["Heavy Blade","Infernal Blade"],"picked":"Uppercut","floor":14.0},{"not_picked":["Impervious","Berserk"],"picked":"Limit Break","floor":16.0},{"not_picked":["Infernal Blade","Body Slam","Pommel Strike+1"],"picked":"SKIP","floor":18.0},{"not_picked":["Shockwave","Combust","Pommel Strike+1"],"picked":"SKIP","floor":19.0},{"not_picked":["Intimidate","Havoc+1"],"picked":"Feel No Pain","floor":23.0},{"not_picked":["Brutality","Iron Wave"],"picked":"Feed","floor":25.0},{"not_picked":["Clothesline","Body Slam"],"picked":"Armaments+1","floor":28.0},{"not_picked":["Dropkick+1","Searing Blow"],"picked":"Power Through","floor":30.0},{"not_picked":["Double Tap","Bludgeon"],"picked":"Exhume","floor":33.0},{"not_picked":["Warcry+1","Sentinel+1","Perfected Strike+1"],"picked":"SKIP","floor":35.0},{"not_picked":["Twin Strike","Combust"],"picked":"Disarm","floor":38.0},{"not_picked":["Havoc","Heavy Blade","Wild Strike"],"picked":"SKIP","floor":40.0},{"not_picked":["Iron Wave+1","Armaments+1","Sword Boomerang"],"picked":"SKIP","floor":41.0},{"not_picked":["Sword Boomerang+1","Flex+1"],"picked":"Immolate","floor":44.0},{"not_picked":["Dual Wield","Whirlwind+1"],"picked":"Shrug It Off+1","floor":46},{"not_picked":["Dropkick+1","Heavy Blade+1","Shrug It Off"],"picked":"SKIP","floor":48},{"not_picked":["Burning Pact+1","Intimidate+1"],"picked":"Rage+1","floor":49}],"player_experience":152059,"relics_obtained":[{"floor":8.0,"key":"Nunchaku"},{"floor":9.0,"key":"Bottled Lightning"},{"floor":23.0,"key":"Toy Ornithopter"},{"floor":25.0,"key":"Tiny Chest"},{"floor":26.0,"key":"Torii"},{"floor":30.0,"key":"Anchor"},{"floor":34.0,"key":"Lantern"},{"floor":34.0,"key":"Darkstone Periapt"},{"floor":34.0,"key":"Charon\u0027s Ashes"},{"floor":36.0,"key":"Dream Catcher"},{"floor":40.0,"key":"Gremlin Horn"},{"floor":43.0,"key":"Whetstone"},{"floor":44.0,"key":"Ancient Tea Set"},{"floor":46,"key":"Mango"}],"event_choices":[{"damage_healed":0.0,"max_hp_gain":0.0,"max_hp_loss":0.0,"gold_gain":56.0,"event_name":"Golden Wing","player_choice":"Gained Gold","floor":2.0,"gold_loss":0.0,"damage_taken":0.0},{"damage_healed":0.0,"max_hp_gain":0.0,"max_hp_loss":0.0,"gold_gain":0.0,"event_name":"Living Wall","player_choice":"Grow","floor":5.0,"gold_loss":0.0,"damage_taken":0.0,"cards_upgraded":["Carnage"]},{"damage_healed":0.0,"max_hp_gain":0.0,"max_hp_loss":0.0,"gold_gain":0.0,"event_name":"Liars Game","player_choice":"Ignored","floor":11.0,"gold_loss":0.0,"damage_taken":0.0},{"damage_healed":0.0,"max_hp_gain":0.0,"max_hp_loss":0.0,"gold_gain":0.0,"event_name":"Knowing Skull","player_choice":"","floor":21.0,"potions_obtained":[],"gold_loss":0.0,"damage_taken":6.0,"cards_obtained":[]},{"damage_healed":0.0,"max_hp_gain":0.0,"max_hp_loss":0.0,"gold_gain":0.0,"event_name":"The Woman in Blue","player_choice":"Bought 1 Potion","floor":27.0,"gold_loss":0.0,"damage_taken":0.0},{"damage_healed":0.0,"max_hp_gain":5.0,"max_hp_loss":0.0,"gold_gain":0.0,"event_name":"Forgotten Altar","player_choice":"Shed Blood","floor":31.0,"gold_loss":0.0,"damage_taken":18.0},{"damage_healed":0.0,"max_hp_gain":0.0,"max_hp_loss":0.0,"gold_gain":0.0,"event_name":"Duplicator","player_choice":"Copied","floor":39.0,"gold_loss":0.0,"damage_taken":0.0,"cards_obtained":["Spot Weakness"]}],"is_beta":false,"boss_relics":[{"not_picked":["Runic Pyramid","SlaversCollar"],"picked":"Philosopher\u0027s Stone"},{"not_picked":["SacredBark","Empty Cage"],"picked":"Calling Bell"}],"items_purged_floors":[],"is_endless":false,"potions_floor_spawned":[1,14,16,23,30,33,40,41,46,48],"ascension_level":4}}