{"host":"xp27heuvanyklt0b","time":1613219165,"event":{"mods":["100% Spire Juice","BaseMod","CapriCore","Minty Spire (QoL Compilation)","StSLib","The Immortal"],"gold_per_floor":[119,136,154,154,167,167,17,32,59,76,76,46,46,46,46,144,144,157,71,85,184,196,227,227,262,262,280,280,280,2,14,14,111,111,124,141,156,0,0,0,14,14,39,39,39,39,58,85,85,85,85,85],"floor_reached":50,"language":"KOR","playtime":2777,"items_purged":["Pain"],"score":474,"play_id":"26bab68a-f7f9-4de9-bd8c-3543cfb25a92","local_time":"20210213212605","is_ascension_mode":false,"campfire_choices":[{"data":"MokouMod:FlareStarter","floor":6,"key":"SMITH"},{"data":"MokouMod:Refresh","floor":11,"key":"SMITH"},{"data":"MokouMod:IndiscriminateIgnition","floor":13,"key":"SMITH"},{"data":"MokouMod:HeatTransfer","floor":15,"key":"SMITH"},{"floor":24,"key":"REST"},{"floor":28,"key":"REST"},{"data":"MokouMod:ResonanceReactor","floor":32,"key":"SMITH"},{"floor":40,"key":"REST"},{"floor":42,"key":"REST"},{"floor":46,"key":"REST"},{"floor":49,"key":"REST"}],"circlet_count":0,"master_deck":["MokouMod:Strike","MokouMod:Strike+1","MokouMod:Defend","MokouMod:Defend","MokouMod:Defend","MokouMod:Defend","MokouMod:HeatSpark","Blind","MokouMod:HeatTransfer+1","MokouMod:FlareStarter+1","MokouMod:IllusoryBattlefield+1","MokouMod:Cataclysm","MokouMod:Refresh+1","MokouMod:SearingShot","MokouMod:IndiscriminateIgnition+1","MokouMod:BurningHiddenBullet","MokouMod:Burn+1","MokouMod:Meltdown+1","MokouMod:IcarusDive+1","MokouMod:Afterburner+1","MokouMod:FlamingFireTalons","MokouMod:UncontrollableSolarReaction","MokouMod:AdaptivePyromancy+1","MokouMod:HeatCyclone","MokouMod:Sear+1","MokouMod:RoaringFlare","MokouMod:CrimsonArmoury","MokouMod:Burn","MokouMod:Refresh","MokouMod:ResonanceReactor+1","MokouMod:RadiantBlade","MokouMod:Overheat+1","MokouMod:BurningDraft+1"],"relics":["MokouMod:PhoenixFeather","WarpedTongs","Astrolabe","Anchor","Toy Ornithopter","Singing Bowl","Mercury Hourglass","Black Star","Membership Card","CeramicFish"],"acts_visited":["Exordium","TheCity","TheBeyond"],"potions_floor_usage":[23,25,27,27,33,50,50],"damage_taken":[{"damage":1,"enemies":"Jaw Worm","floor":1,"turns":4},{"damage":0,"enemies":"Cultist","floor":2,"turns":5},{"damage":5,"enemies":"2 Louse","floor":3,"turns":3},{"damage":6,"enemies":"Looter","floor":5,"turns":4},{"damage":15,"enemies":"Exordium Wildlife","floor":8,"turns":7},{"damage":3,"enemies":"2 Fungi Beasts","floor":10,"turns":4},{"damage":18,"enemies":"Slime Boss","floor":16,"turns":7},{"damage":33,"enemies":"Spheric Guardian","floor":18,"turns":7},{"damage":0,"enemies":"3 Byrds","floor":20,"turns":6},{"damage":8,"enemies":"Centurion and Healer","floor":22,"turns":7},{"damage":28,"enemies":"Book of Stabbing","floor":23,"turns":6},{"damage":14,"enemies":"Slavers","floor":25,"turns":4},{"damage":24,"enemies":"Sentry and Sphere","floor":27,"turns":5},{"damage":11,"enemies":"Snecko","floor":31,"turns":4},{"damage":94,"enemies":"Automaton","floor":33,"turns":14},{"damage":30,"enemies":"3 Darklings","floor":35,"turns":7},{"damage":8,"enemies":"Orb Walker","floor":36,"turns":4},{"damage":20,"enemies":"3 Darklings","floor":37,"turns":5},{"damage":43,"enemies":"Spire Growth","floor":41,"turns":4},{"damage":28,"enemies":"Maw","floor":47,"turns":8},{"damage":4,"enemies":"Jaw Worm Horde","floor":48,"turns":6},{"damage":55,"enemies":"Awakened One","floor":50,"turns":5}],"seed_played":"3322210368261718611","potions_obtained":[{"floor":2,"key":"ColorlessPotion"},{"floor":5,"key":"Block Potion"},{"floor":8,"key":"SneckoOil"},{"floor":16,"key":"Explosive Potion"},{"floor":23,"key":"Weak Potion"},{"floor":31,"key":"Energy Potion"},{"floor":35,"key":"FearPotion"},{"floor":47,"key":"Fire Potion"},{"floor":48,"key":"Energy Potion"}],"is_trial":false,"path_per_floor":["M","M","M","?","M","R","$","M","T","M","R","?","R","?","R","B",null,"M","$","M","?","M","E","R","E","T","M","R","?","$","M","R","B",null,"M","M","M","$","?","R","M","R","T","?","?","R","M","M","R","B"],"character_chosen":"MKU","items_purchased":["MokouMod:Refresh","MokouMod:FlamingFireTalons","MokouMod:UncontrollableSolarReaction","Mercury Hourglass","MokouMod:Refresh","Membership Card"],"campfire_rested":6,"item_purchase_floors":[7,19,19,30,30,38],"current_hp_per_floor":[74,74,69,69,63,63,63,48,48,45,45,45,45,30,30,12,75,42,42,42,42,34,6,28,14,14,18,40,40,40,29,29,18,75,47,41,23,23,23,47,6,30,30,30,30,53,25,21,44,0,0,0],"gold":85,"neow_bonus":"RANDOM_COLORLESS","is_daily":false,"chose_seed":false,"campfire_upgraded":5,"win_rate":0.0,"timestamp":1613219165,"path_taken":["M","M","M","?","M","R","$","M","T","?","R","?","R","?","R","BOSS","M","$","M","?","M","E","R","E","T","M","R","?","$","?","R","BOSS","M","M","M","$","?","R","M","R","T","?","?","R","M","M","R","BOSS"],"items_purchased_type":["Card","Card","Card","Relic","Card","Relic"],"build_version":"2020-12-22","purchased_purges":1,"victory":false,"max_hp_per_floor":[75,75,75,75,75,75,75,75,75,75,75,75,75,75,75,75,75,75,75,75,75,75,75,75,75,75,75,75,75,75,75,75,75,75,77,79,81,81,81,81,83,83,83,83,79,79,79,79,79,79,79,79],"card_choices":[{"not_picked":["Finesse","Discovery"],"picked":"Blind","floor":0},{"not_picked":["MokouMod:RoaringFlare","MokouMod:SubterraneanCore"],"picked":"MokouMod:HeatTransfer","floor":1},{"not_picked":["MokouMod:RoaringFlare","MokouMod:IndiscriminateIgnition"],"picked":"MokouMod:FlareStarter","floor":2},{"not_picked":["MokouMod:ControlledCombustion","MokouMod:EternalBurstReactor"],"picked":"MokouMod:IllusoryBattlefield","floor":3},{"not_picked":["MokouMod:SearingShot","MokouMod:Burn"],"picked":"MokouMod:Cataclysm","floor":5},{"not_picked":["MokouMod:IndiscriminateIgnition","MokouMod:RetainTemperature"],"picked":"MokouMod:SearingShot","floor":8},{"not_picked":["MokouMod:Afterburner","MokouMod:IgneousBlow"],"picked":"MokouMod:IndiscriminateIgnition","floor":10},{"not_picked":["MokouMod:Ventilation","MokouMod:HouraiForge"],"picked":"MokouMod:BurningHiddenBullet","floor":16},{"not_picked":["MokouMod:IgnitionBlast","MokouMod:RoaringFlare"],"picked":"MokouMod:Afterburner+1","floor":18},{"not_picked":["MokouMod:InfernalWave","MokouMod:HeatFactory"],"picked":"MokouMod:AdaptivePyromancy+1","floor":20},{"not_picked":["MokouMod:ShiftIgnition","MokouMod:ScorchedEarth"],"picked":"MokouMod:HeatCyclone","floor":22},{"not_picked":["MokouMod:AdaptivePyromancy","MokouMod:UncontrollableSolarReaction"],"picked":"MokouMod:Sear+1","floor":23},{"not_picked":["MokouMod:BlazingComet","MokouMod:HouraiForge"],"picked":"MokouMod:RoaringFlare","floor":25},{"not_picked":["MokouMod:IndiscriminateIgnition","MokouMod:EternalBurstReactor"],"picked":"MokouMod:CrimsonArmoury","floor":27},{"not_picked":["MokouMod:CrimsonFlare+1","MokouMod:Firecracker"],"picked":"MokouMod:ResonanceReactor","floor":31},{"not_picked":["MokouMod:HouraiForge","MokouMod:ProfanedFlare"],"picked":"MokouMod:RadiantBlade","floor":33},{"not_picked":["MokouMod:HeartofFire","MokouMod:Firecracker","MokouMod:Singe"],"picked":"Singing Bowl","floor":35},{"not_picked":["MokouMod:IndiscriminateIgnition","MokouMod:SearingShot+1","MokouMod:Singe+1"],"picked":"Singing Bowl","floor":36},{"not_picked":["MokouMod:Refresh","MokouMod:Stoke+1","MokouMod:IndiscriminateIgnition+1"],"picked":"Singing Bowl","floor":37},{"not_picked":["MokouMod:SpontaneousHumanCombustion","MokouMod:IgnitionBlast+1","MokouMod:HeatFactory+1"],"picked":"Singing Bowl","floor":41},{"not_picked":["MokouMod:BlazingComet+1","MokouMod:Ember"],"picked":"MokouMod:Overheat+1","floor":47},{"not_picked":["MokouMod:Singe","MokouMod:FujiyamaVolcano"],"picked":"MokouMod:BurningDraft+1","floor":48}],"player_experience":223913,"relics_obtained":[{"floor":23,"key":"Anchor"},{"floor":25,"key":"Toy Ornithopter"},{"floor":26,"key":"Singing Bowl"},{"floor":43,"key":"CeramicFish"}],"event_choices":[{"damage_healed":0,"gold_gain":0,"player_choice":"Rummage","damage_taken":0,"relics_obtained":["WarpedTongs"],"max_hp_gain":0,"max_hp_loss":0,"event_name":"Accursed Blacksmith","floor":4,"gold_loss":0,"cards_obtained":["Pain"]},{"damage_healed":0,"gold_gain":0,"player_choice":"Left Gold","damage_taken":0,"max_hp_gain":0,"max_hp_loss":0,"event_name":"World of Goop","floor":12,"gold_loss":30},{"damage_healed":0,"gold_gain":0,"player_choice":"Entered Light","damage_taken":15,"max_hp_gain":0,"max_hp_loss":0,"event_name":"Shining Light","floor":14,"gold_loss":0,"cards_upgraded":["MokouMod:IllusoryBattlefield","MokouMod:Strike"]},{"damage_healed":0,"gold_gain":99,"player_choice":"Stole From Cult","damage_taken":0,"max_hp_gain":0,"max_hp_loss":0,"event_name":"Nest","floor":21,"gold_loss":0},{"damage_healed":0,"gold_gain":0,"player_choice":"2 cards matched","damage_taken":0,"max_hp_gain":0,"max_hp_loss":0,"event_name":"Match and Keep!","floor":29,"gold_loss":0,"cards_obtained":["MokouMod:FlickeringFlame","MokouMod:Burn"]},{"damage_healed":0,"gold_gain":0,"player_choice":"Ignored","damage_taken":0,"max_hp_gain":0,"max_hp_loss":0,"event_name":"Mysterious Sphere","floor":39,"gold_loss":0},{"cards_removed":["MokouMod:FlickeringFlame"],"damage_healed":0,"gold_gain":0,"player_choice":"Removed Attack","damage_taken":0,"max_hp_gain":0,"max_hp_loss":0,"event_name":"Falling","floor":44,"gold_loss":0},{"damage_healed":0,"gold_gain":0,"player_choice":"Max HP","damage_taken":0,"max_hp_gain":0,"max_hp_loss":4,"event_name":"Winding Halls","floor":45,"gold_loss":0}],"is_beta":false,"boss_relics":[{"not_picked":["Runic Pyramid","SacredBark"],"picked":"Astrolabe"},{"not_picked":["Pandora\u0027s Box","Coffee Dripper"],"picked":"Black Star"}],"items_purged_floors":[7],"is_endless":false,"potions_floor_spawned":[2,5,8,16,23,31,35,47,48],"killed_by":"Awakened One","ascension_level":0}}