{"host":"fmpket6nt7x2ysgi","time":1613241329,"event":{"mods":["AchievementEnabler","BaseMod","Colored Map","Colored Powertips","Highlight Path","Minty Spire (QoL Compilation)","Quick Restart","Rare Cards Sparkle","Relic Stats","Shop Mod","StSLib"],"gold_per_floor":[110,128,79,96,96,96,110,145,170,4009,4009,3130,3130,3130,3130,3232,3232,3250,2285,1349,1369,1369,1369,1389,1389,1389,1399,1324,1352,1452,561,561,656,656,676,691,4801,4854,4083,4116,4116,4129,4152,3261,3261,2391,2406,2417,2417,2417,2417,2417,1850,1885,1885],"floor_reached":56,"language":"ZHS","playtime":2543,"items_purged":["Defend_G","Strike_G","Strike_G","Strike_G","Strike_G","Defend_G","Defend_G","Defend_G","Defend_G","Survivor+1"],"score":2022,"play_id":"ee6f823f-c71c-4e1d-aa9f-3b8aaeb98cba","local_time":"20210214023529","is_ascension_mode":true,"campfire_choices":[{"data":"Cloak And Dagger","floor":6.0,"key":"SMITH"},{"floor":13.0,"key":"REST"},{"data":"Cloak And Dagger","floor":15.0,"key":"SMITH"},{"data":"Escape Plan","floor":23.0,"key":"SMITH"},{"data":"Escape Plan","floor":25.0,"key":"SMITH"},{"floor":32.0,"key":"RECALL"},{"floor":45.0,"key":"REST"},{"floor":49.0,"key":"REST"},{"data":"Survivor","floor":52,"key":"SMITH"}],"circlet_count":0,"master_deck":["AscendersBane","Neutralize+1","Cloak And Dagger+1","Cloak And Dagger+1","Escape Plan+1","Panache+1","Infinite Blades+1","After Image+1","Accuracy+1","Master of Strategy+1","Infinite Blades+1","Escape Plan+1","Blade Dance+1","Accuracy+1","Blade Dance+1","Flash of Steel+1","Escape Plan+1","Escape Plan+1","Accuracy+1","Accuracy+1"],"relics":["Ring of the Serpent","Vajra","Orichalcum","TwistedFunnel","Frozen Egg 2","Lizard Tail","MerchantsRug","Frozen Eye","Matryoshka","WingedGreaves","WristBlade","Medical Kit","Bag of Preparation","Pear","Ice Cream","Sling","Bottled Lightning","Lantern","PreservedInsect","Bottled Tornado","The Specimen","Molten Egg 2","Prayer Wheel","Mercury Hourglass","Lee\u0027s Waffle","Meat on the Bone","Oddly Smooth Stone","TheAbacus","Calipers","Strawberry","Whetstone","Cauldron","Centennial Puzzle","Dream Catcher","Anchor","Chemical X","HornCleat","Darkstone Periapt","Unceasing Top","Omamori","DollysMirror","Membership Card","Bronze Scales","Shuriken","Toy Ornithopter"],"acts_visited":["Exordium","TheCity","TheBeyond","TheEnding"],"potions_floor_usage":[50],"damage_taken":[{"damage":0.0,"enemies":"2 Louse","floor":1.0,"turns":2.0},{"damage":6.0,"enemies":"Small Slimes","floor":2.0,"turns":5.0},{"damage":1.0,"enemies":"Jaw Worm","floor":4.0,"turns":5.0},{"damage":2.0,"enemies":"Lots of Slimes","floor":7.0,"turns":7.0},{"damage":39.0,"enemies":"3 Sentries","floor":8.0,"turns":12.0},{"damage":30.0,"enemies":"The Guardian","floor":16.0,"turns":9.0},{"damage":0.0,"enemies":"Chosen","floor":18.0,"turns":3.0},{"damage":0.0,"enemies":"2 Thieves","floor":21.0,"turns":3.0},{"damage":7.0,"enemies":"Sentry and Sphere","floor":24.0,"turns":4.0},{"damage":0.0,"enemies":"Centurion and Healer","floor":27.0,"turns":2.0},{"damage":1.0,"enemies":"Book of Stabbing","floor":29.0,"turns":3.0},{"damage":0.0,"enemies":"Colosseum Slavers","floor":30.0,"turns":2.0},{"damage":0.0,"enemies":"Colosseum Nobs","floor":30.0,"turns":3.0},{"damage":0.0,"enemies":"Automaton","floor":33.0,"turns":5.0},{"damage":0.0,"enemies":"3 Darklings","floor":35.0,"turns":2.0},{"damage":0.0,"enemies":"Orb Walker","floor":36.0,"turns":2.0},{"damage":5.0,"enemies":"2 Orb Walkers","floor":38.0,"turns":2.0},{"damage":1.0,"enemies":"Giant Head","floor":40.0,"turns":3.0},{"damage":1.0,"enemies":"Sphere and 2 Shapes","floor":42.0,"turns":2.0},{"damage":6.0,"enemies":"4 Shapes","floor":47.0,"turns":2.0},{"damage":2.0,"enemies":"Jaw Worm Horde","floor":48.0,"turns":2.0},{"damage":2,"enemies":"Time Eater","floor":50,"turns":5},{"damage":0,"enemies":"Shield and Spear","floor":54,"turns":2},{"damage":47,"enemies":"The Heart","floor":55,"turns":5}],"seed_played":"-4997801032498140200","potions_obtained":[{"floor":1.0,"key":"LiquidMemories"},{"floor":7.0,"key":"Regen Potion"},{"floor":8.0,"key":"EntropicBrew"},{"floor":16.0,"key":"GamblersBrew"},{"floor":36.0,"key":"DistilledChaos"},{"floor":48.0,"key":"CultistPotion"}],"is_trial":false,"path_per_floor":["M","M","?","M","?","R","M","E","T","$","?","$","R","?","R","B",null,"M","$","$","M","?","R","M","R","T","M","?","E","?","$","R","B",null,"M","M","$","?","$","E","?","M","T","$","R","$","M","M","R","B",null,"R","$","E","B",null],"character_chosen":"THE_SILENT","items_purchased":["TwistedFunnel","Frozen Egg 2","Lizard Tail","SpeedPotion","Escape Plan","MerchantsRug","Panache+1","Frozen Eye","Matryoshka","WingedGreaves","Infinite Blades+1","Medical Kit","Bag of Preparation","Pear","Accuracy+1","Master of Strategy","PowerPotion","Ice Cream","Infinite Blades+1","Regen Potion","Sling","Bottled Lightning","Prayer Wheel","Mercury Hourglass","Lee\u0027s Waffle","Energy Potion","Meat on the Bone","Oddly Smooth Stone","TheAbacus","Accuracy+1","FairyPotion","Strawberry","Flash of Steel+1","Whetstone","Cauldron","Chemical X","HornCleat","Darkstone Periapt","Unceasing Top","Omamori","DollysMirror","Membership Card","Bronze Scales","Shuriken","LiquidMemories","Accuracy+1"],"campfire_rested":3,"item_purchase_floors":[10,10,10,10,10,10,10,12,12,12,12,19,19,19,19,19,19,20,20,20,20,20,31,31,31,31,37,37,37,37,37,39,39,39,39,44,44,44,46,46,46,53,53,53,53,53],"current_hp_per_floor":[70,64,64,63,51,51,49,25,25,25,25,25,48,48,48,30,65,65,75,75,75,75,75,68,68,68,68,68,67,67,94,94,94,94,94,94,94,89,96,95,95,94,94,94,101,101,95,93,101,99,101,101,101,101,54],"gold":1885,"neow_bonus":"TEN_PERCENT_HP_BONUS","is_daily":false,"chose_seed":false,"campfire_upgraded":5,"win_rate":0.0,"timestamp":1613241329,"path_taken":["M","M","?","M","?","R","M","E","T","$","?","$","R","?","R","BOSS","M","$","$","M","?","R","M","R","T","?","?","E","?","$","R","BOSS","M","M","$","?","$","E","?","?","T","?","R","$","?","M","R","BOSS","R","$","E","BOSS"],"items_purchased_type":["Relic","Relic","Relic","Potion","Card","Relic","Card","Relic","Relic","Relic","Card","Relic","Relic","Relic","Card","Card","Potion","Relic","Card","Potion","Relic","Relic","Relic","Relic","Relic","Potion","Relic","Relic","Relic","Card","Potion","Relic","Card","Relic","Relic","Relic","Relic","Relic","Relic","Relic","Relic","Relic","Relic","Relic","Potion","Card"],"build_version":"2020-12-22","purchased_purges":10,"victory":true,"max_hp_per_floor":[77,77,77,77,77,77,77,77,77,77,77,77,77,77,77,77,77,77,87,87,87,87,87,87,87,87,87,87,87,87,94,94,94,94,94,94,94,94,101,101,101,101,101,101,101,101,101,101,101,101,101,101,101,101,101],"relic_stats":{"Darkstone Periapt":0,"Lee\u0027s Waffle":27,"counters":[24,91],"PreservedInsect":287,"Bag of Preparation":[34],"Whetstone":["Neutralize"],"Orichalcum":[6],"Medical Kit":[10],"Mercury Hourglass":[132],"Lizard Tail":0,"Centennial Puzzle":[15],"Dream Catcher":2,"TheAbacus":[84],"Shuriken":[9],"Bronze Scales":[57],"Prayer Wheel":5,"Chemical X":[1],"obtain_stats":[{"TwistedFunnel":10,"Ice Cream":20,"Darkstone Periapt":44,"Lantern":26,"Calipers":38,"Vajra":5,"Bag of Preparation":19,"Whetstone":39,"Bottled Tornado":29,"Sling":20,"Frozen Eye":12,"Lizard Tail":10,"Centennial Puzzle":40,"Dream Catcher":43,"Matryoshka":12,"TheAbacus":37,"HornCleat":44,"WristBlade":17,"DollysMirror":46,"Strawberry":39,"Prayer Wheel":31,"WingedGreaves":12,"Chemical X":44,"Ring of the Snake":0,"MerchantsRug":10,"Lee\u0027s Waffle":31,"Pear":19,"The Specimen":30,"Oddly Smooth Stone":37,"PreservedInsect":26,"Omamori":46,"Orichalcum":8,"Frozen Egg 2":10,"Medical Kit":19,"Mercury Hourglass":31,"Cauldron":39,"Anchor":43,"Shuriken":53,"Bronze Scales":53,"Molten Egg 2":30,"Bottled Lightning":20,"Membership Card":53,"Ring of the Serpent":34,"Unceasing Top":46,"Toy Ornithopter":54,"Meat on the Bone":37},{"TwistedFunnel":5,"Ice Cream":7,"Darkstone Periapt":19,"Lantern":9,"Calipers":17,"Vajra":3,"Bag of Preparation":7,"Whetstone":17,"Bottled Tornado":11,"Sling":7,"Frozen Eye":5,"Lizard Tail":5,"Centennial Puzzle":18,"Dream Catcher":19,"Matryoshka":5,"TheAbacus":16,"HornCleat":19,"WristBlade":6,"DollysMirror":19,"Strawberry":17,"Prayer Wheel":13,"WingedGreaves":5,"Chemical X":19,"Ring of the Snake":0,"MerchantsRug":5,"Lee\u0027s Waffle":13,"Pear":7,"The Specimen":13,"Oddly Smooth Stone":16,"PreservedInsect":9,"Omamori":19,"Orichalcum":5,"Frozen Egg 2":5,"Medical Kit":7,"Mercury Hourglass":13,"Cauldron":17,"Anchor":19,"Shuriken":22,"Bronze Scales":22,"Molten Egg 2":13,"Bottled Lightning":7,"Membership Card":22,"Ring of the Serpent":14,"Unceasing Top":19,"Toy Ornithopter":23,"Meat on the Bone":16},{"TwistedFunnel":31,"Ice Cream":43,"Darkstone Periapt":75,"Lantern":50,"Calipers":70,"Vajra":12,"Bag of Preparation":43,"Whetstone":70,"Bottled Tornado":55,"Sling":43,"Frozen Eye":31,"Lizard Tail":31,"Centennial Puzzle":73,"Dream Catcher":75,"Matryoshka":31,"TheAbacus":68,"HornCleat":75,"WristBlade":40,"DollysMirror":75,"Strawberry":70,"Prayer Wheel":60,"WingedGreaves":31,"Chemical X":75,"Ring of the Snake":0,"MerchantsRug":31,"Lee\u0027s Waffle":60,"Pear":43,"The Specimen":60,"Oddly Smooth Stone":68,"PreservedInsect":50,"Omamori":75,"Orichalcum":31,"Frozen Egg 2":31,"Medical Kit":43,"Mercury Hourglass":60,"Cauldron":70,"Anchor":75,"Shuriken":84,"Bronze Scales":84,"Molten Egg 2":60,"Bottled Lightning":43,"Membership Card":84,"Ring of the Serpent":65,"Unceasing Top":75,"Toy Ornithopter":86,"Meat on the Bone":68}],"Unceasing Top":[0],"Toy Ornithopter":0,"Meat on the Bone":0},"card_choices":[{"not_picked":["Infinite Blades","Flechettes"],"picked":"Cloak And Dagger","floor":1.0},{"not_picked":["Predator","Caltrops","Bane"],"picked":"SKIP","floor":2.0},{"not_picked":["Predator","Concentrate","Calculated Gamble"],"picked":"SKIP","floor":4.0},{"not_picked":["Noxious Fumes","PiercingWail"],"picked":"Cloak And Dagger","floor":7.0},{"not_picked":["Acrobatics","Crippling Poison","Slice"],"picked":"SKIP","floor":8.0},{"not_picked":["Storm of Steel","Unload"],"picked":"After Image+1","floor":16.0},{"not_picked":["Outmaneuver","Deflect","Dodge and Roll"],"picked":"SKIP","floor":18.0},{"not_picked":["Calculated Gamble","Dagger Spray+1","Riddle With Holes"],"picked":"SKIP","floor":21.0},{"not_picked":["Deflect","Poisoned Stab"],"picked":"Escape Plan","floor":24.0},{"not_picked":["Doppelganger","Distraction+1","Backstab"],"picked":"SKIP","floor":27.0},{"not_picked":["Endless Agony","Bane+1","Choke"],"picked":"SKIP","floor":29.0},{"not_picked":["Slice+1","Grand Finale+1"],"picked":"Blade Dance+1","floor":30.0},{"not_picked":["Finisher+1","PiercingWail","Slice+1"],"picked":"SKIP","floor":35.0},{"not_picked":["Dagger Throw+1","Catalyst+1","PiercingWail"],"picked":"SKIP","floor":35.0},{"not_picked":["Dodge and Roll+1","Prepared+1","Reflex+1"],"picked":"SKIP","floor":36.0},{"not_picked":["Underhanded Strike+1","Envenom+1","Backstab+1"],"picked":"SKIP","floor":36.0},{"not_picked":["Noxious Fumes+1","Flechettes+1"],"picked":"Blade Dance+1","floor":38.0},{"not_picked":["Prepared","Blade Dance","Quick Slash+1"],"picked":"SKIP","floor":40.0},{"not_picked":["Leg Sweep","Catalyst+1","Acrobatics"],"picked":"SKIP","floor":42.0},{"not_picked":["Bouncing Flask","PiercingWail","Slice+1"],"picked":"SKIP","floor":42.0},{"not_picked":["Underhanded Strike+1","Prepared+1"],"picked":"Escape Plan+1","floor":45.0},{"not_picked":["Well Laid Plans+1","PiercingWail","Dagger Spray+1"],"picked":"SKIP","floor":47.0},{"not_picked":["Tactician","Deflect","Poisoned Stab+1"],"picked":"SKIP","floor":47.0},{"not_picked":["Prepared+1","Slice+1","Wraith Form v2+1"],"picked":"SKIP","floor":48.0},{"not_picked":["Backflip+1","Endless Agony+1","Deadly Poison+1"],"picked":"SKIP","floor":48.0},{"not_picked":["Leg Sweep+1","Endless Agony+1"],"picked":"Accuracy+1","floor":54}],"player_experience":127837,"relics_obtained":[{"floor":8.0,"key":"Orichalcum"},{"floor":26.0,"key":"Lantern"},{"floor":26.0,"key":"PreservedInsect"},{"floor":29.0,"key":"Bottled Tornado"},{"floor":30.0,"key":"The Specimen"},{"floor":30.0,"key":"Molten Egg 2"},{"floor":38.0,"key":"Calipers"},{"floor":40.0,"key":"Centennial Puzzle"},{"floor":43.0,"key":"Dream Catcher"},{"floor":43.0,"key":"Anchor"},{"floor":54,"key":"Toy Ornithopter"}],"event_choices":[{"damage_healed":0.0,"max_hp_gain":0.0,"max_hp_loss":0.0,"gold_gain":0.0,"event_name":"World of Goop","player_choice":"Left Gold","floor":3.0,"gold_loss":49.0,"damage_taken":0.0},{"damage_healed":0.0,"max_hp_gain":0.0,"max_hp_loss":0.0,"gold_gain":0.0,"event_name":"Scrap Ooze","player_choice":"Success","floor":5.0,"gold_loss":0.0,"damage_taken":12.0,"relics_obtained":["Vajra"]},{"damage_healed":0.0,"max_hp_gain":0.0,"max_hp_loss":0.0,"gold_gain":0.0,"event_name":"Golden Idol","player_choice":"Ignored","floor":11.0,"gold_loss":0.0,"damage_taken":0.0},{"damage_healed":0.0,"max_hp_gain":0.0,"max_hp_loss":0.0,"gold_gain":0.0,"event_name":"Liars Game","player_choice":"Ignored","floor":14.0,"gold_loss":0.0,"damage_taken":0.0},{"damage_healed":0.0,"max_hp_gain":0.0,"max_hp_loss":0.0,"gold_gain":0.0,"event_name":"Upgrade Shrine","player_choice":"Upgraded","floor":22.0,"gold_loss":0.0,"damage_taken":0.0,"cards_upgraded":["Master of Strategy"]},{"cards_removed":["Strike_G"],"damage_healed":0.0,"max_hp_gain":0.0,"max_hp_loss":0.0,"gold_gain":0.0,"event_name":"Beggar","player_choice":"Gave Gold","floor":28.0,"gold_loss":75.0,"damage_taken":0.0},{"damage_healed":0.0,"max_hp_gain":0.0,"max_hp_loss":0.0,"gold_gain":0.0,"event_name":"Colosseum","player_choice":"Fight","floor":30.0,"gold_loss":0.0,"damage_taken":0.0},{"damage_healed":0.0,"max_hp_gain":0.0,"max_hp_loss":0.0,"gold_gain":0.0,"event_name":"Colosseum","player_choice":"Fought Nobs","floor":30.0,"gold_loss":0.0,"damage_taken":0.0},{"damage_healed":0.0,"max_hp_gain":0.0,"max_hp_loss":0.0,"gold_gain":0.0,"event_name":"Mysterious Sphere","player_choice":"Fight","floor":38.0,"gold_loss":0.0,"damage_taken":0.0},{"damage_healed":0.0,"max_hp_gain":0.0,"max_hp_loss":0.0,"gold_gain":0.0,"event_name":"Lab","player_choice":"Got Potions","floor":41.0,"gold_loss":0.0,"damage_taken":0.0}],"is_beta":false,"boss_relics":[{"not_picked":["Runic Dome","Busted Crown"],"picked":"WristBlade"},{"not_picked":["HoveringKite","Black Star"],"picked":"Ring of the Serpent"}],"items_purged_floors":[10,12,19,20,31,37,39,44,46,53],"is_endless":false,"potions_floor_spawned":[1,7,8,16,27,29,30,33,36,42,47,48],"ascension_level":11}}