{"host":"d52brwsy6af8zvaq","time":1613238124,"event":{"mods":["AchievementEnabler","BaseMod","Bestiary","Highlight Path","Minty Spire (QoL Compilation)","Quick Restart","Relic Stats","ojb\u0027s Better Paths Mod"],"gold_per_floor":[217,237,249,249,399,418,217,249,249,299,299,330,330,345,345,418,418,438,382,382,397,408,408,435,435,460,470,483,483,499,241,241,319,369,382,402,352,67,0,0,17,44,44,44,70,70,105,116,116,116,116],"floor_reached":50,"language":"ENG","playtime":2307,"items_purged":["Doubt","Rebound","Tempest"],"score":1120,"play_id":"25b1e232-7783-4027-b78e-2eab3bcfdff9","local_time":"20210213104204","is_ascension_mode":true,"campfire_choices":[{"floor":11.0,"key":"REST"},{"data":"Defragment","floor":13.0,"key":"SMITH"},{"floor":15.0,"key":"REST"},{"data":"Zap","floor":23.0,"key":"SMITH"},{"floor":25.0,"key":"REST"},{"floor":32.0,"key":"REST"},{"floor":40.0,"key":"RECALL"},{"data":"Buffer","floor":44.0,"key":"SMITH"},{"floor":49.0,"key":"REST"}],"circlet_count":0,"master_deck":["AscendersBane","Zap+1","Dualcast","Rebound+1","Leap","Loop","Defragment+1","Go for the Eyes","Darkness","Conserve Battery","Ball Lightning+1","Seek+1","Redo","Aggregate","Consume","Biased Cognition","Leap","Chaos+1","Skim","Coolheaded","Turbo","Lockon+1","Chaos+1","Stack+1","BootSequence","Buffer+1","FTL+1","Doom and Gloom+1","Echo Form+1","Capacitor","Recycle+1","Cold Snap+1"],"relics":["Cracked Core","CaptainsWheel","HornCleat","Symbiotic Virus","Pandora\u0027s Box","Incense Burner","Sundial","Strawberry","Orrery","Tiny House","PreservedInsect","Red Mask","Shovel","Whetstone","Gremlin Horn"],"acts_visited":["Exordium","TheCity","TheBeyond"],"potions_floor_usage":[],"damage_taken":[{"damage":0.0,"enemies":"Cultist","floor":1.0,"turns":4.0},{"damage":7.0,"enemies":"Small Slimes","floor":2.0,"turns":3.0},{"damage":2.0,"enemies":"2 Louse","floor":3.0,"turns":2.0},{"damage":0.0,"enemies":"Lots of Slimes","floor":6.0,"turns":2.0},{"damage":41.0,"enemies":"Gremlin Nob","floor":8.0,"turns":4.0},{"damage":11.0,"enemies":"3 Sentries","floor":12.0,"turns":6.0},{"damage":10.0,"enemies":"Large Slime","floor":14.0,"turns":5.0},{"damage":4.0,"enemies":"Hexaghost","floor":16.0,"turns":7.0},{"damage":0.0,"enemies":"Spheric Guardian","floor":18.0,"turns":3.0},{"damage":0.0,"enemies":"3 Byrds","floor":21.0,"turns":4.0},{"damage":15.0,"enemies":"Cultist and Chosen","floor":22.0,"turns":5.0},{"damage":33.0,"enemies":"Slavers","floor":24.0,"turns":6.0},{"damage":2.0,"enemies":"Sentry and Sphere","floor":27.0,"turns":5.0},{"damage":6.0,"enemies":"Chosen and Byrds","floor":28.0,"turns":4.0},{"damage":27.0,"enemies":"Colosseum Slavers","floor":29.0,"turns":4.0},{"damage":0.0,"enemies":"Snecko","floor":30.0,"turns":4.0},{"damage":36.0,"enemies":"Automaton","floor":33.0,"turns":12.0},{"damage":16.0,"enemies":"3 Darklings","floor":35.0,"turns":7.0},{"damage":0.0,"enemies":"3 Shapes","floor":36.0,"turns":5.0},{"damage":2.0,"enemies":"Writhing Mass","floor":41.0,"turns":5.0},{"damage":15.0,"enemies":"Nemesis","floor":42.0,"turns":7.0},{"damage":9.0,"enemies":"Giant Head","floor":45.0,"turns":8.0},{"damage":1.0,"enemies":"Nemesis","floor":47.0,"turns":5.0},{"damage":0.0,"enemies":"Transient","floor":48.0,"turns":6.0},{"damage":92,"enemies":"Awakened One","floor":50,"turns":13}],"seed_played":"-8878742621783657857","potions_obtained":[{"floor":3.0,"key":"Explosive Potion"},{"floor":8.0,"key":"Block Potion"},{"floor":14.0,"key":"Fire Potion"},{"floor":16.0,"key":"Block Potion"},{"floor":18.0,"key":"FairyPotion"},{"floor":21.0,"key":"SpeedPotion"},{"floor":34.0,"key":"PowerPotion"},{"floor":41.0,"key":"PowerPotion"}],"is_trial":false,"path_per_floor":["M","M","M","?","?","M","$","E","T","?","R","E","R","M","R","B",null,"M","$","T","M","M","R","E","R","T","M","M","?","M","$","R","B",null,"M","M","?","$","?","R","M","E","T","R","E","?","E","M","R","B"],"character_chosen":"DEFECT","items_purchased":["Defragment","Go for the Eyes","Turbo","Orrery","PreservedInsect"],"campfire_rested":5,"item_purchase_floors":[7,7,19,31,38],"current_hp_per_floor":[64,57,55,60,60,60,60,19,19,19,41,30,30,20,42,38,67,67,67,67,67,52,52,19,41,48,46,40,13,13,13,37,1,68,52,52,52,52,52,52,50,35,35,35,26,26,25,25,51,0,0],"gold":116,"neow_bonus":"HUNDRED_GOLD","is_daily":false,"chose_seed":false,"campfire_upgraded":3,"win_rate":0.0,"timestamp":1613238124,"path_taken":["M","M","?","?","?","M","$","E","T","?","R","E","R","M","R","BOSS","M","$","?","M","M","R","E","R","T","M","?","?","M","$","R","BOSS","M","M","?","$","?","R","M","E","T","R","E","?","E","M","R","BOSS"],"items_purchased_type":["Card","Card","Card","Relic","Relic"],"build_version":"2020-12-22","purchased_purges":3,"victory":false,"max_hp_per_floor":[71,71,71,76,76,76,76,76,76,76,76,76,76,76,76,76,76,76,76,76,76,76,76,76,76,83,83,83,83,83,83,83,83,88,88,88,88,88,88,88,88,88,88,88,88,88,88,88,88,88,88],"relic_stats":{"Shovel":0,"Gremlin Horn":[2,2],"counters":[25,136],"Sundial":[4],"Pandora\u0027s Box":["Redo","Aggregate","Consume","Biased Cognition","Rebound","Leap","Chaos","Skim"],"PreservedInsect":230,"Whetstone":["Ball Lightning","Rebound"],"obtain_stats":[{"Tiny House":34,"Gremlin Horn":47,"PreservedInsect":38,"Incense Burner":20,"Whetstone":45,"CaptainsWheel":8,"HornCleat":9,"Shovel":42,"Sundial":24,"Strawberry":26,"Orrery":31,"Pandora\u0027s Box":17,"Red Mask":39,"Cracked Core":0,"Symbiotic Virus":12},{"Tiny House":17,"Gremlin Horn":23,"PreservedInsect":19,"Incense Burner":9,"Whetstone":22,"CaptainsWheel":5,"HornCleat":5,"Shovel":21,"Sundial":12,"Strawberry":12,"Orrery":16,"Pandora\u0027s Box":8,"Red Mask":19,"Cracked Core":0,"Symbiotic Virus":6},{"Tiny House":80,"Gremlin Horn":117,"PreservedInsect":92,"Incense Burner":36,"Whetstone":112,"CaptainsWheel":15,"HornCleat":15,"Shovel":104,"Sundial":51,"Strawberry":51,"Orrery":68,"Pandora\u0027s Box":33,"Red Mask":92,"Cracked Core":0,"Symbiotic Virus":21}]},"card_choices":[{"not_picked":["Redo","Rebound"],"picked":"Tempest","floor":1.0},{"not_picked":["Chaos","Gash"],"picked":"Rebound","floor":2.0},{"not_picked":["Stack","Rebound"],"picked":"Leap","floor":3.0},{"not_picked":["Stack","Steam"],"picked":"Loop","floor":6.0},{"not_picked":["Multi-Cast","Rebound"],"picked":"Darkness","floor":8.0},{"not_picked":["Lockon","Go for the Eyes"],"picked":"Conserve Battery","floor":12.0},{"not_picked":["Rebound","Barrage"],"picked":"Ball Lightning","floor":14.0},{"not_picked":["Creative AI","Reboot"],"picked":"Seek","floor":16.0},{"not_picked":["Steam Power","Compile Driver+1"],"picked":"Coolheaded","floor":18.0},{"not_picked":["Rebound+1","Aggregate"],"picked":"Lockon+1","floor":21.0},{"not_picked":["Rebound","Conserve Battery+1"],"picked":"Chaos+1","floor":22.0},{"not_picked":["Darkness","Rip and Tear","Go for the Eyes"],"picked":"SKIP","floor":24.0},{"not_picked":["Leap","Turbo+1"],"picked":"Stack+1","floor":27.0},{"not_picked":["Hologram","Compile Driver","Hyperbeam"],"picked":"SKIP","floor":28.0},{"not_picked":["Hologram","Compile Driver","Hyperbeam"],"picked":"SKIP","floor":28.0},{"not_picked":["Coolheaded","Ball Lightning"],"picked":"BootSequence","floor":30.0},{"not_picked":["Glacier","Hello World"],"picked":"Buffer","floor":31.0},{"not_picked":["BootSequence","Steam"],"picked":"FTL+1","floor":31.0},{"not_picked":["Sunder","Go for the Eyes"],"picked":"Doom and Gloom+1","floor":31.0},{"not_picked":["Rainbow","Machine Learning"],"picked":"Echo Form","floor":33.0},{"not_picked":["Storm","Compile Driver"],"picked":"Capacitor","floor":34.0},{"not_picked":["Ball Lightning","Redo"],"picked":"Recycle+1","floor":35.0},{"not_picked":["Stack","Conserve Battery","FTL+1"],"picked":"SKIP","floor":36.0},{"not_picked":["Sweeping Beam","Beam Cell","Coolheaded+1"],"picked":"SKIP","floor":41.0},{"not_picked":["White Noise","Biased Cognition","Streamline"],"picked":"SKIP","floor":42.0},{"not_picked":["Consume","Reinforced Body","Streamline"],"picked":"SKIP","floor":45.0},{"not_picked":["Hello World+1","Steam"],"picked":"Cold Snap+1","floor":47.0},{"not_picked":["Capacitor","Recycle","Leap"],"picked":"SKIP","floor":48.0}],"player_experience":2255105,"relics_obtained":[{"floor":8.0,"key":"CaptainsWheel"},{"floor":9.0,"key":"HornCleat"},{"floor":12.0,"key":"Symbiotic Virus"},{"floor":20.0,"key":"Incense Burner"},{"floor":24.0,"key":"Sundial"},{"floor":26.0,"key":"Strawberry"},{"floor":42.0,"key":"Shovel"},{"floor":45.0,"key":"Whetstone"},{"floor":47.0,"key":"Gremlin Horn"}],"event_choices":[{"damage_healed":0.0,"max_hp_gain":5.0,"max_hp_loss":0.0,"gold_gain":0.0,"event_name":"Big Fish","player_choice":"Donut","floor":4.0,"gold_loss":0.0,"damage_taken":0.0},{"damage_healed":0.0,"max_hp_gain":0.0,"max_hp_loss":0.0,"gold_gain":150.0,"event_name":"Liars Game","player_choice":"AGREE","floor":5.0,"gold_loss":0.0,"damage_taken":0.0,"cards_obtained":["Doubt"]},{"damage_healed":0.0,"max_hp_gain":0.0,"max_hp_loss":0.0,"gold_gain":50.0,"event_name":"Golden Shrine","player_choice":"Pray","floor":10.0,"gold_loss":0.0,"damage_taken":0.0},{"damage_healed":0.0,"max_hp_gain":0.0,"max_hp_loss":0.0,"gold_gain":0.0,"event_name":"Colosseum","player_choice":"Fight","floor":29.0,"gold_loss":0.0,"damage_taken":0.0},{"damage_healed":0.0,"max_hp_gain":0.0,"max_hp_loss":0.0,"gold_gain":0.0,"event_name":"Colosseum","player_choice":"Fled From Nobs","floor":29.0,"gold_loss":0.0,"damage_taken":0.0},{"damage_healed":0.0,"max_hp_gain":0.0,"max_hp_loss":0.0,"gold_gain":0.0,"event_name":"Designer","player_choice":"Upgraded Two","floor":37.0,"gold_loss":50.0,"damage_taken":0.0,"cards_upgraded":["Seek","Chaos"]},{"damage_healed":0.0,"max_hp_gain":0.0,"max_hp_loss":0.0,"gold_gain":0.0,"event_name":"Tomb of Lord Red Mask","player_choice":"Paid","floor":39.0,"gold_loss":67.0,"damage_taken":0.0,"relics_obtained":["Red Mask"]},{"damage_healed":0.0,"max_hp_gain":0.0,"max_hp_loss":0.0,"gold_gain":0.0,"event_name":"SensoryStone","player_choice":"Memory 1","floor":46.0,"gold_loss":0.0,"damage_taken":0.0}],"is_beta":false,"boss_relics":[{"not_picked":["Busted Crown","SlaversCollar"],"picked":"Pandora\u0027s Box"},{"not_picked":["Velvet Choker","FrozenCore"],"picked":"Tiny House"}],"items_purged_floors":[7,31,38],"is_endless":false,"potions_floor_spawned":[3,8,14,16,18,21,30,41,42,45,48],"killed_by":"Awakened One","ascension_level":20}}