{"host":"t9zjxed0utvsfjwc","time":1613218448,"event":{"mods":["2.2 Compatiblity","Aspiration","BaseMod","Better Altar","Better Match","Better Note","Better Sensory Stone","Better Skull","Better Third Choice","Block Reminder","Colored Map","Colored Powertips","Custom Start","Downfall","Hermit","Highlight Path","Hubris","Infinite Spire","Marisa????????","Minty Spire (QoL Compilation)","Quick Restart","Rare Cards Sparkle","Reliquary","Replay The Spire","StSLib","The Cursed","The Marked","The Runesmith","Unceasing Turn Reminder","everything is the same but u backflip on backflip"],"gold_per_floor":[115,75,0,0,0,0,35,35,35,96,114,14,29,42,42,146,146,159,159,159,179,198,198,198],"floor_reached":23,"language":"ENG","playtime":688,"items_purged":["theMarked:Defend","theMarked:Defend"],"score":191,"play_id":"d01690f1-aad6-4e25-9d96-473cc97463cf","local_time":"20210213121408","is_ascension_mode":false,"campfire_choices":[{"data":"theMarked:BanishingStrike","floor":6,"key":"SMITH"},{"data":"theMarked:BanishingStrike","floor":8,"key":"SMITH"},{"data":"theMarked:SelfDefenseTraining","floor":15,"key":"SMITH"}],"circlet_count":0,"master_deck":["theMarked:Strike","theMarked:Strike","theMarked:Strike","theMarked:Strike","theMarked:Strike","theMarked:Defend","theMarked:Defend","theMarked:SoldierOfQuellstein","theMarked:BanishingStrike+1","theMarked:BanishingStrike+1","theMarked:WardOff","theMarked:SelfDefenseTraining+1","theMarked:KeepCalmAndFight","theMarked:WardOff+1"],"relics":["aspiration:PoetsPen_weak","reliquary:IridiumChain","hubris:MobiusCoin","hubris:TinFlute","SlaversCollar","NlothsMask"],"acts_visited":["Exordium","TheCity"],"potions_floor_usage":[7,16,23,23],"damage_taken":[{"damage":0,"enemies":"2 Louse","floor":1,"turns":3},{"damage":30,"enemies":"3 Sentries","floor":7,"turns":7},{"damage":0,"enemies":"Cultist","floor":10,"turns":2},{"damage":0,"enemies":"Small Slimes","floor":11,"turns":2},{"damage":0,"enemies":"Blue Slaver","floor":13,"turns":2},{"damage":0,"enemies":"2 Fungi Beasts","floor":14,"turns":3},{"damage":12,"enemies":"Slime Boss","floor":16,"turns":9},{"damage":0,"enemies":"Spheric Guardian","floor":18,"turns":3},{"damage":10,"enemies":"Shell Parasite","floor":21,"turns":4},{"damage":10,"enemies":"Chosen and Byrds","floor":22,"turns":6},{"damage":66,"enemies":"Gremlin Leader","floor":23,"turns":3}],"seed_played":"-6167505963661349981","potions_obtained":[{"floor":2,"key":"EssenceOfSteel"},{"floor":2,"key":"Languid Potion"},{"floor":2,"key":"sneckomod:MuddlingPotion"},{"floor":10,"key":"Venom Potion"},{"floor":18,"key":"theMarked:ChargePotion"}],"is_trial":false,"path_per_floor":["M","?","$","T","?","R","E","R","T","M","M","$","M","M","R","B",null,"M","?","?","M","M","E"],"character_chosen":"THE_DEFAULT","items_purchased":[],"campfire_rested":0,"item_purchase_floors":[],"current_hp_per_floor":[70,70,70,70,70,70,40,40,40,40,40,40,40,40,40,28,70,70,80,80,70,60,0,0],"gold":198,"neow_bonus":"BOSS_RELIC","is_daily":false,"chose_seed":false,"campfire_upgraded":3,"win_rate":0.0,"timestamp":1613218448,"path_taken":["M","?","$","?","?","R","E","R","T","M","M","?","?","M","R","BOSS","M","?","?","M","M","E"],"items_purchased_type":[],"build_version":"2020-12-22","purchased_purges":2,"victory":false,"max_hp_per_floor":[70,70,70,70,70,70,70,70,70,70,70,70,70,70,70,70,70,70,80,80,80,80,80,80],"card_choices":[{"not_picked":["theMarked:SelfDefenseTraining","theMarked:HeightenedSenses"],"picked":"theMarked:BanishingStrike","floor":1},{"not_picked":["theMarked:TunnelVision","theMarked:Memento"],"picked":"theMarked:WardOff","floor":7},{"not_picked":["theMarked:WastefulAttack","theMarked:Static"],"picked":"theMarked:SelfDefenseTraining","floor":10},{"not_picked":["theMarked:HeightenedSenses","theMarked:Overcharge","theMarked:Memento"],"picked":"SKIP","floor":11},{"not_picked":["theMarked:TakeCover","theMarked:SwordAndMagic","theMarked:Panic"],"picked":"SKIP","floor":13},{"not_picked":["theMarked:Aftermath","theMarked:Improvise","theMarked:Memento"],"picked":"SKIP","floor":14},{"not_picked":["theMarked:ThrowWeapon","theMarked:Abjuration"],"picked":"theMarked:Snap","floor":16},{"not_picked":["theMarked:Maelstrom","theMarked:Generate+1","theMarked:Parkour"],"picked":"SKIP","floor":18},{"not_picked":["theMarked:TwofoldDefense","theMarked:Friction"],"picked":"theMarked:KeepCalmAndFight","floor":21},{"not_picked":["theMarked:WastefulAttack","theMarked:Static"],"picked":"theMarked:WardOff+1","floor":22}],"player_experience":549113,"relics_obtained":[{"floor":4,"key":"reliquary:IridiumChain"},{"floor":7,"key":"hubris:MobiusCoin"},{"floor":9,"key":"hubris:TinFlute"}],"event_choices":[{"damage_healed":0,"gold_gain":0,"player_choice":"Bought 3 Potions","damage_taken":0,"max_hp_gain":0,"max_hp_loss":0,"event_name":"The Woman in Blue","floor":2,"gold_loss":0},{"cards_removed":["theMarked:Snap"],"damage_healed":0,"gold_gain":0,"player_choice":"Offered Rare","damage_taken":0,"max_hp_gain":10,"max_hp_loss":0,"event_name":"Bonfire Elementals","floor":19,"gold_loss":0},{"damage_healed":0,"gold_gain":0,"player_choice":"Trade","damage_taken":0,"relics_obtained":["NlothsMask"],"max_hp_gain":0,"max_hp_loss":0,"event_name":"FaceTrader","floor":20,"gold_loss":0}],"is_beta":false,"boss_relics":[{"not_picked":["aspiration:WatcherSkillbook","Coffee Dripper"],"picked":"SlaversCollar"}],"items_purged_floors":[3,12],"is_endless":false,"potions_floor_spawned":[10,13,18],"killed_by":"Gremlin Leader","ascension_level":0}}