{"host":"3ovdp3kj1t94ivgi","time":1613227148,"event":{"mods":["BaseMod","Downfall","Luminous","Minty Spire (QoL Compilation)","Shade Mod","StSLib","The Necromancer"],"gold_per_floor":[99,114,114,114,129,129,154,184,184,64,339,369,369,59,74,174,174,174,189,204,204,204,204,204,204,204,204,40,40,55,55,55],"floor_reached":31,"language":"ENG","playtime":2695,"items_purged":["Pain","Regret"],"score":262,"play_id":"ebd2d549-5ade-4398-913e-fd21d6b23ed6","local_time":"20210213223908","daily_mods":["Allstar","Flight","Terminal"],"is_ascension_mode":false,"campfire_choices":[{"data":"Enlightenment","floor":1,"key":"SMITH"},{"data":"Luminous:Flash_Blink_Luminous","floor":6,"key":"SMITH"},{"data":"Luminous:Balance_Ender","floor":9,"key":"SMITH"},{"floor":13,"key":"REST"},{"data":"Luminous:Accumulation_Luminous","floor":18,"key":"SMITH"},{"data":"Luminous:Phantom_Treasure_Luminous","floor":26,"key":"SMITH"},{"data":"Slimebound:CheckThePlaybook","floor":27,"key":"SMITH"},{"data":"Luminous:Light_Glare","floor":29,"key":"SMITH"}],"circlet_count":0,"master_deck":["Luminous:Light_Flash_Shower","Luminous:Light_Flash_Shower","Luminous:Light_Flash_Shower","Luminous:Dark_Abyssal_Drop","Luminous:Dark_Abyssal_Drop","Luminous:Dark_Abyssal_Drop","Luminous:Defend_Luminous","Luminous:Defend_Luminous","Luminous:Defend_Luminous","Luminous:Defend_Luminous","Luminous:Switch_Luminous","Enlightenment+1","Finesse","Magnetism","Panache","Magnetism","Luminous:Phantom_Treasure_Luminous+1","Regret","Luminous:Flash_Blink_Luminous+1","Luminous:Balance_Ender+1","Luminous:Light_Glare+1","Luminous:Light_Wash_Luminous","Luminous:Darks_Surge_Luminous","Luminous:Concentrate_Luminous","Luminous:Balance_Aether_Conduit","Luminous:Dark_Pressure_Void","Luminous:Dark_Dim_Erosion","Luminous:Accumulation_Luminous+1","Luminous:Freud_Wisdom1_Luminous","CurseOfTheBell","Luminous:Concentrate_Luminous","Luminous:Light_Gather+1","Slimebound:CheckThePlaybook+1","Luminous:Light_Ray_of_Redemption+1","Luminous:Light_Glare+1","Luminous:Dusk_Guard_Luminous"],"relics":["Luminous:MirrorRelic","Letter Opener","WarpedTongs","Kunai","CaptainsWheel","Tiny Chest","Calling Bell","Guardian:PocketSentry","Molten Egg 2","Unceasing Top","MealTicket","downfall:RedIOU"],"acts_visited":["Exordium","TheCity"],"potions_floor_usage":[16,16],"damage_taken":[{"damage":1,"enemies":"Jaw Worm","floor":2,"turns":5},{"damage":3,"enemies":"Cultist","floor":5,"turns":3},{"damage":24,"enemies":"Lagavulin","floor":8,"turns":6},{"damage":5,"enemies":"downfall:FleeingMerchant","floor":10,"turns":4},{"damage":19,"enemies":"3 Sentries","floor":12,"turns":8},{"damage":7,"enemies":"downfall:FleeingMerchant","floor":14,"turns":4},{"damage":0,"enemies":"Small Slimes","floor":15,"turns":2},{"damage":16,"enemies":"The Guardian","floor":16,"turns":7},{"damage":14,"enemies":"Shell Parasite","floor":19,"turns":8},{"damage":10,"enemies":"Sentry and Sphere","floor":20,"turns":6},{"damage":4,"enemies":"downfall:FleeingMerchant","floor":28,"turns":4},{"damage":22,"enemies":"Snecko","floor":30,"turns":4},{"damage":24,"enemies":"Book of Stabbing","floor":31,"turns":4}],"seed_played":"6099103822572544471","potions_obtained":[{"floor":2,"key":"AttackPotion"},{"floor":8,"key":"Guardian:BlockOnCardUsePotion"},{"floor":15,"key":"SmokeBomb"},{"floor":30,"key":"FearPotion"}],"is_trial":false,"path_per_floor":["R","M","?","?","M","R","T","E","R","$","?","E","R","$","M","B",null,"R","M","M","?","?","T","T","?","R","R","$","R","M","E"],"character_chosen":"LuminousClass","items_purchased":["Luminous:Light_Wash_Luminous","Luminous:Darks_Surge_Luminous","Tiny Chest","Luminous:Dark_Pressure_Void","Luminous:Dark_Dim_Erosion","Luminous:Light_Glare+1"],"campfire_rested":1,"item_purchase_floors":[10,10,14,14,14,28],"current_hp_per_floor":[73,72,71,70,67,67,67,43,43,38,38,19,37,30,30,14,57,56,46,36,36,36,36,36,36,36,36,40,40,22,0,0],"gold":55,"neow_bonus":"","is_daily":true,"chose_seed":false,"campfire_upgraded":7,"win_rate":0.0,"timestamp":1613227148,"path_taken":["R","M","?","?","?","R","T","E","R","$","?","E","R","$","M","BOSS","R","M","?","?","?","?","T","?","R","R","$","R","?","E"],"items_purchased_type":["Card","Card","Relic","Card","Card","Card"],"build_version":"2020-12-13","purchased_purges":2,"victory":false,"max_hp_per_floor":[73,72,71,70,69,68,67,66,65,64,63,62,61,60,59,58,57,56,55,54,53,47,46,45,44,43,42,41,40,39,39,39],"card_choices":[{"not_picked":["Luminous:Blinding_Pillar_Luminous","Luminous:Reverse_Spell_Luminous"],"picked":"Luminous:Phantom_Treasure_Luminous","floor":2},{"not_picked":["Luminous:Light_Wash_Luminous","Luminous:Hero_Will_Luminous"],"picked":"Luminous:Flash_Blink_Luminous","floor":5},{"not_picked":["Luminous:Light_Disperse","Luminous:Accumulation_Luminous"],"picked":"Luminous:Balance_Ender","floor":8},{"not_picked":["Luminous:Sympathy_Luminous","Luminous:Phantom_Treasure_Luminous"],"picked":"Luminous:Light_Glare","floor":10},{"not_picked":["Luminous:Light_Gather","Luminous:Hero_Will_Luminous"],"picked":"Luminous:Concentrate_Luminous","floor":12},{"not_picked":["Luminous:Light_Glare","Luminous:Flash_Blink_Luminous"],"picked":"Luminous:Balance_Aether_Conduit","floor":14},{"not_picked":["Luminous:Blinding_Pillar_Luminous","Luminous:Light_Sylvan_Lance"],"picked":"Luminous:Accumulation_Luminous","floor":15},{"not_picked":["Luminous:Balance_Aether_Conduit","Luminous:Chaos_Field_Luminous"],"picked":"Luminous:Freud_Wisdom1_Luminous","floor":16},{"not_picked":["Luminous:Phantom_Treasure_Luminous","Luminous:Light_Wash_Luminous+1"],"picked":"Luminous:Concentrate_Luminous","floor":19},{"not_picked":["Luminous:Reverse_Spell_Luminous","Luminous:Dark_Pressure_Void+1"],"picked":"Luminous:Light_Gather+1","floor":20},{"not_picked":["Luminous:Dark_Dim_Erosion+1","Luminous:Dark_Extract+1"],"picked":"Luminous:Light_Ray_of_Redemption+1","floor":28},{"not_picked":["Luminous:Chase_Spell_Luminous+1","Luminous:Blinding_Pillar_Luminous"],"picked":"Luminous:Dusk_Guard_Luminous","floor":30}],"player_experience":59173,"relics_obtained":[{"floor":7,"key":"Bag of Marbles"},{"floor":8,"key":"Kunai"},{"floor":12,"key":"CaptainsWheel"},{"floor":17,"key":"Guardian:PocketSentry"},{"floor":17,"key":"Molten Egg 2"},{"floor":17,"key":"Unceasing Top"},{"floor":24,"key":"MealTicket"}],"event_choices":[{"damage_healed":0,"gold_gain":0,"player_choice":"Box","damage_taken":0,"relics_obtained":["Letter Opener"],"max_hp_gain":0,"max_hp_loss":0,"event_name":"Big Fish","floor":3,"gold_loss":0,"cards_obtained":["Regret"]},{"damage_healed":0,"gold_gain":0,"player_choice":"Rummage","damage_taken":0,"relics_obtained":["WarpedTongs"],"max_hp_gain":0,"max_hp_loss":0,"event_name":"Accursed Blacksmith","floor":4,"gold_loss":0,"cards_obtained":["Pain"]},{"damage_healed":0,"gold_gain":275,"player_choice":"Desecrate","damage_taken":0,"max_hp_gain":0,"max_hp_loss":0,"event_name":"Golden Shrine","floor":11,"gold_loss":0,"cards_obtained":["Regret"]},{"damage_healed":0,"gold_gain":0,"player_choice":"Ignored","damage_taken":0,"max_hp_gain":0,"max_hp_loss":0,"event_name":"Ghosts","floor":21,"gold_loss":0}],"is_beta":false,"boss_relics":[{"not_picked":["SacredBark","Empty Cage"],"picked":"Calling Bell"}],"items_purged_floors":[14,28],"is_endless":false,"potions_floor_spawned":[2,8,15,30],"killed_by":"Book of Stabbing","ascension_level":0}}