{"host":"6qo42zgaknezulyg","time":1613213086,"event":{"mods":["2.2 Compatiblity","BaseMod","Better Altar","Colored Map","Faster Ascension Climbing","Highlight Path","Keyboard Shortcuts","Minty Spire (QoL Compilation)","Permanent Neow","Quick Restart","Reimu£¨ÚÏ???£©","StSLib","SuperFastMode"],"gold_per_floor":[119,133,133,144,156,156,189,189,189,222,285,31,31,62,62,136,136,151,170,170,181,181,196,196,224,224,224,236,126,138,38,38,115,115,126,138,150,168,183,183,196,208,208,83,83,83,0,0,0,0,0],"floor_reached":52,"language":"ENG","playtime":2624,"items_purged":["Strike_Lin:ReiMu","EmergencyTakeOff:ReiMu+1","Revelation:ReiMu"],"score":1938,"play_id":"41a1285e-0cac-41d8-8777-d4e9df3a21d6","local_time":"20210213194446","is_ascension_mode":true,"campfire_choices":[{"data":"MikOfLucky:ReiMu","floor":6.0,"key":"SMITH"},{"data":"Determination:ReiMu","floor":8.0,"key":"SMITH"},{"data":"Enchanting:ReiMu","floor":15.0,"key":"SMITH"},{"data":"OctopathSalyBorderN:ReiMu","floor":24.0,"key":"SMITH"},{"floor":27.0,"key":"REST"},{"data":"NB:ReiMu","floor":32.0,"key":"SMITH"},{"floor":40.0,"key":"REST"},{"data":"SubcavityFantasy:ReiMu","floor":49.0,"key":"SMITH"}],"circlet_count":0,"master_deck":["AscendersBane","Defend_Lin:ReiMu+1","Defend_Lin:ReiMu","NB:ReiMu+1","Stagnation:ReiMu","MikOfLucky:ReiMu+1","RainPray2:ReiMu","Determination:ReiMu+1","Enchanting:ReiMu+1","KyokaiOfKami:ReiMu","OctopathSalyBorderN:ReiMu+1","SubcavityFantasy:ReiMu+1","Crusade:ReiMu+1","Amulet:ReiMu+1","Dark Shackles"],"relics":["Velvet Choker","Whetstone","Darkstone Periapt","Unceasing Top","Pantograph","FaceOfCleric","Centennial Puzzle","RedLine:ReiMu","MutagenicStrength","Anchor","Happy Flower","Empty Cage","Meat on the Bone","Red Mask"],"acts_visited":["Exordium","TheCity","TheBeyond"],"potions_floor_usage":[],"damage_taken":[{"damage":10.0,"enemies":"2 Louse","floor":1.0,"turns":3.0},{"damage":6.0,"enemies":"Small Slimes","floor":2.0,"turns":5.0},{"damage":0.0,"enemies":"Cultist","floor":4.0,"turns":4.0},{"damage":2.0,"enemies":"2 Fungi Beasts","floor":5.0,"turns":5.0},{"damage":0.0,"enemies":"Lagavulin","floor":7.0,"turns":7.0},{"damage":10.0,"enemies":"3 Sentries","floor":10.0,"turns":7.0},{"damage":7.0,"enemies":"Gremlin Nob","floor":11.0,"turns":3.0},{"damage":0.0,"enemies":"Lagavulin","floor":14.0,"turns":3.0},{"damage":28.0,"enemies":"Slime Boss","floor":16.0,"turns":6.0},{"damage":16.0,"enemies":"2 Thieves","floor":18.0,"turns":2.0},{"damage":1.0,"enemies":"Spheric Guardian","floor":19.0,"turns":3.0},{"damage":21.0,"enemies":"Shelled Parasite and Fungi","floor":21.0,"turns":3.0},{"damage":1.0,"enemies":"Sentry and Sphere","floor":23.0,"turns":5.0},{"damage":16.0,"enemies":"Slavers","floor":25.0,"turns":3.0},{"damage":3.0,"enemies":"Snake Plant","floor":28.0,"turns":2.0},{"damage":0.0,"enemies":"Snecko","floor":30.0,"turns":2.0},{"damage":29.0,"enemies":"Collector","floor":33.0,"turns":4.0},{"damage":3.0,"enemies":"3 Darklings","floor":35.0,"turns":2.0},{"damage":1.0,"enemies":"Orb Walker","floor":36.0,"turns":2.0},{"damage":8.0,"enemies":"4 Shapes","floor":37.0,"turns":6.0},{"damage":12.0,"enemies":"Transient","floor":38.0,"turns":6.0},{"damage":6.0,"enemies":"Maw","floor":39.0,"turns":5.0},{"damage":9.0,"enemies":"Writhing Mass","floor":41.0,"turns":3.0},{"damage":1.0,"enemies":"Sphere and 2 Shapes","floor":42.0,"turns":4.0},{"damage":51.0,"enemies":"Time Eater","floor":50.0,"turns":11.0},{"damage":29,"enemies":"Donu and Deca","floor":51,"turns":8}],"seed_played":"-7779916531782194656","potions_obtained":[{"floor":4.0,"key":"EntropicBrew"},{"floor":11.0,"key":"Weak Potion"},{"floor":21.0,"key":"Regen Potion"},{"floor":23.0,"key":"GrandPatriotsElixir:ReiMu"}],"is_trial":false,"path_per_floor":["M","M","?","M","M","R","E","R","T","E","?","$","?","E","R","B",null,"M","M","?","M","?","M","R","E","T","R","M","?","M","$","R","B",null,"M","M","M","M","M","R","M","M","T","$","?","$","?","?","R","B","B",null],"character_chosen":"REIMU","items_purchased":["KyokaiOfKami:ReiMu"],"campfire_rested":2,"item_purchase_floors":[12],"current_hp_per_floor":[44,38,38,38,36,36,36,36,36,26,19,19,19,20,20,18,51,36,36,36,16,16,30,30,15,15,35,33,33,34,34,34,31,60,58,58,51,40,35,57,49,49,49,49,49,49,49,49,49,36,45],"gold":0,"neow_bonus":"BOSS_RELIC","is_daily":false,"chose_seed":false,"campfire_upgraded":6,"win_rate":0.0,"timestamp":1613213086,"path_taken":["M","M","?","M","M","R","E","R","T","E","?","$","?","E","R","BOSS","M","M","?","M","?","?","R","E","T","R","M","?","?","?","R","BOSS","M","?","M","M","M","R","M","M","T","$","?","$","?","?","R","BOSS","BOSS"],"items_purchased_type":["Card"],"build_version":"2020-12-22","purchased_purges":3,"victory":true,"max_hp_per_floor":[60,60,60,60,60,60,60,60,60,60,60,60,60,61,61,62,62,63,64,64,65,65,66,66,67,67,67,68,68,69,69,69,70,70,71,72,73,74,75,75,76,77,77,77,77,77,77,77,77,78,79],"card_choices":[{"not_picked":["OrbThrow:ReiMu","Amulet:ReiMu"],"picked":"MikOfLucky:ReiMu","floor":1.0},{"not_picked":["WonderfulDomain:ReiMu","Amulet:ReiMu","Authority:ReiMu"],"picked":"SKIP","floor":2.0},{"not_picked":["SafetyPray:ReiMu","SpiritualOutbreak2:ReiMu"],"picked":"RainPray2:ReiMu","floor":4.0},{"not_picked":["AlertArray:ReiMu","SpreadBorder2:ReiMu"],"picked":"Revelation:ReiMu","floor":5.0},{"not_picked":["Dreaming2:ReiMu","PassingAway:ReiMu"],"picked":"Determination:ReiMu","floor":7.0},{"not_picked":["Conquer:ReiMu","EmergencyTakeOff:ReiMu"],"picked":"Enchanting:ReiMu","floor":10.0},{"not_picked":["ShadowOfCrow2:ReiMu","ForcedLanding:ReiMu","PassingAway:ReiMu"],"picked":"SKIP","floor":14.0},{"not_picked":["HakureiPhantom:ReiMu","CleanRite:ReiMu"],"picked":"OctopathSalyBorderN:ReiMu","floor":16.0},{"not_picked":["MikOfLucky:ReiMu","AlertArray:ReiMu","CareerPray:ReiMu"],"picked":"SKIP","floor":18.0},{"not_picked":["LovePray:ReiMu","SpreadBorder2:ReiMu","EmergencyTakeOff:ReiMu"],"picked":"SKIP","floor":19.0},{"not_picked":["Enchanting:ReiMu","SubAcupoint:ReiMu","SpiritualOutbreak2:ReiMu"],"picked":"SKIP","floor":21.0},{"not_picked":["SubcavityInstant:ReiMu","SafetyPray:ReiMu","SpringWay:ReiMu"],"picked":"SKIP","floor":23.0},{"not_picked":["SubcavityInstant:ReiMu","SafetyPray:ReiMu","SpringWay:ReiMu"],"picked":"SKIP","floor":23.0},{"not_picked":["SubcavityInstant:ReiMu","SafetyPray:ReiMu","SpringWay:ReiMu"],"picked":"SKIP","floor":23.0},{"not_picked":["Revelation:ReiMu","BlastKick2:ReiMu","Dreaming2:ReiMu+1"],"picked":"SKIP","floor":25.0},{"not_picked":["WonderfulDomain:ReiMu","AirStrike:ReiMu"],"picked":"EmergencyTakeOff:ReiMu+1","floor":28.0},{"not_picked":["KamiSacrifice:ReiMu","Conquer:ReiMu","OctopathSalyBorderN:ReiMu"],"picked":"SKIP","floor":30.0},{"not_picked":["Authority:ReiMu","KamiRite:ReiMu"],"picked":"SubcavityFantasy:ReiMu","floor":33.0},{"not_picked":["MountainWay:ReiMu","Enchanting:ReiMu+1","PhosphorusFlame:ReiMu+1"],"picked":"SKIP","floor":35.0},{"not_picked":["CareerPray:ReiMu","SubcavityInstant:ReiMu+1","LearningPray:ReiMu"],"picked":"SKIP","floor":36.0},{"not_picked":["SubAcupoint:ReiMu","ManaGlint:ReiMu"],"picked":"Crusade:ReiMu+1","floor":37.0},{"not_picked":["SubcavityInstant:ReiMu","RainPray2:ReiMu","SpringWay:ReiMu"],"picked":"SKIP","floor":38.0},{"not_picked":["OrbThrow:ReiMu","Enchanting:ReiMu+1","SubcavityInstant:ReiMu+1"],"picked":"SKIP","floor":39.0},{"not_picked":["Intuition:ReiMu","EmergencyTakeOff:ReiMu+1","SpiritualOutbreak2:ReiMu"],"picked":"SKIP","floor":41.0},{"not_picked":["AirStrike:ReiMu","KyokaiOfKami:ReiMu"],"picked":"Amulet:ReiMu+1","floor":42.0},{"not_picked":["Finesse","Panache"],"picked":"Dark Shackles","floor":45.0}],"player_experience":731428,"relics_obtained":[{"floor":7.0,"key":"Whetstone"},{"floor":9.0,"key":"Darkstone Periapt"},{"floor":10.0,"key":"Unceasing Top"},{"floor":14.0,"key":"Centennial Puzzle"},{"floor":25.0,"key":"Anchor"},{"floor":26.0,"key":"Happy Flower"},{"floor":43.0,"key":"Meat on the Bone"}],"event_choices":[{"cards_removed":["Strike_Lin:ReiMu"],"damage_healed":0.0,"max_hp_gain":0.0,"max_hp_loss":0.0,"gold_gain":0.0,"event_name":"Living Wall","player_choice":"Forget","floor":3.0,"gold_loss":0.0,"damage_taken":0.0},{"damage_healed":0.0,"max_hp_gain":0.0,"max_hp_loss":0.0,"gold_gain":0.0,"event_name":"Dead Adventurer","player_choice":"Searched \u00272\u0027 times","floor":11.0,"gold_loss":0.0,"damage_taken":0.0,"relics_obtained":["Pantograph"]},{"damage_healed":0.0,"max_hp_gain":0.0,"max_hp_loss":0.0,"gold_gain":0.0,"event_name":"FaceTrader","player_choice":"Trade","floor":13.0,"gold_loss":0.0,"damage_taken":0.0,"relics_obtained":["FaceOfCleric"]},{"damage_healed":0.0,"max_hp_gain":0.0,"max_hp_loss":0.0,"gold_gain":0.0,"event_name":"Drug Dealer","player_choice":"Inject Mutagens","floor":20.0,"gold_loss":0.0,"damage_taken":0.0,"relics_obtained":["MutagenicStrength"]},{"cards_removed":["Defend_Lin:ReiMu"],"damage_healed":0.0,"max_hp_gain":0.0,"max_hp_loss":0.0,"gold_gain":0.0,"event_name":"Bonfire Elementals","player_choice":"Offered Basic","floor":22.0,"gold_loss":0.0,"damage_taken":0.0},{"cards_removed":["Strike_Lin:ReiMu"],"damage_healed":0.0,"max_hp_gain":0.0,"max_hp_loss":0.0,"gold_gain":0.0,"event_name":"Designer","player_choice":"Upgrade and Remove","floor":29.0,"gold_loss":110.0,"damage_taken":0.0,"cards_upgraded":["Defend_Lin:ReiMu"]},{"damage_healed":0.0,"max_hp_gain":0.0,"max_hp_loss":0.0,"gold_gain":0.0,"event_name":"SensoryStone","player_choice":"Memory 1","floor":45.0,"gold_loss":0.0,"damage_taken":0.0},{"damage_healed":0.0,"max_hp_gain":0.0,"max_hp_loss":0.0,"gold_gain":0.0,"event_name":"Tomb of Lord Red Mask","player_choice":"Paid","floor":47.0,"gold_loss":83.0,"damage_taken":0.0,"relics_obtained":["Red Mask"]},{"damage_healed":0.0,"max_hp_gain":0.0,"max_hp_loss":0.0,"gold_gain":0.0,"event_name":"Lab","player_choice":"Got Potions","floor":48.0,"gold_loss":0.0,"damage_taken":0.0}],"is_beta":false,"boss_relics":[{"not_picked":["Coffee Dripper","Astrolabe"],"picked":"RedLine:ReiMu"},{"not_picked":["Snecko Eye","Tiny House"],"picked":"Empty Cage"}],"items_purged_floors":[12,31,44],"is_endless":false,"potions_floor_spawned":[4,11,14,18,21,23,30,35,37,41],"ascension_level":20}}