{"host":"qrt7o4dq2qslzw13","time":1613247699,"event":{"mods":["AchievementEnabler","BaseMod","Colored Map","Colored Powertips","Minty Spire (QoL Compilation)","Quick Restart","StSLib","SuperFastMode"],"gold_per_floor":[10,10,10,160,184,184,203,219,244,275,289,289,302,321,321,321,321],"floor_reached":16,"language":"ENG","playtime":269,"items_purged":[],"score":188,"play_id":"730ac8e7-e67f-479f-abf5-7819dad0a845","local_time":"20210213152139","is_ascension_mode":true,"campfire_choices":[{"data":"Hemokinesis","floor":6.0,"key":"SMITH"},{"data":"Searing Blow+1","floor":15.0,"key":"SMITH"}],"circlet_count":0,"master_deck":["AscendersBane","Strike_R","Strike_R","Strike_R","Strike_R","Strike_R","Defend_R","Defend_R","Defend_R","Defend_R","Bash","Hemokinesis+1","Injury","Doubt","Searing Blow+2","Battle Trance","Limit Break","Flex","Infernal Blade","True Grit","Clothesline"],"relics":["Burning Blood","Thread and Needle","Golden Idol","Smiling Mask","Odd Mushroom"],"acts_visited":["Exordium"],"potions_floor_usage":[16],"damage_taken":[{"damage":0.0,"enemies":"2 Louse","floor":1.0,"turns":2.0},{"damage":5.0,"enemies":"Small Slimes","floor":5.0,"turns":5.0},{"damage":5.0,"enemies":"Jaw Worm","floor":7.0,"turns":2.0},{"damage":6.0,"enemies":"3 Louse","floor":8.0,"turns":3.0},{"damage":42.0,"enemies":"The Mushroom Lair","floor":10.0,"turns":6.0},{"damage":7.0,"enemies":"Gremlin Gang","floor":11.0,"turns":5.0},{"damage":9.0,"enemies":"Looter","floor":13.0,"turns":2.0},{"damage":3.0,"enemies":"Exordium Wildlife","floor":14.0,"turns":2.0},{"damage":46,"enemies":"Hexaghost","floor":16,"turns":7}],"seed_played":"-8688697355316953471","potions_obtained":[{"floor":7.0,"key":"HeartOfIron"},{"floor":13.0,"key":"Strength Potion"}],"is_trial":false,"path_per_floor":["M","?","$","?","M","R","M","M","T","?","M","?","M","M","R","B"],"character_chosen":"IRONCLAD","items_purchased":[],"campfire_rested":0,"item_purchase_floors":[],"current_hp_per_floor":[74,74,74,74,75,75,75,75,75,39,38,38,35,38,38,0,0],"gold":321,"neow_bonus":"ONE_RARE_RELIC","is_daily":false,"chose_seed":false,"campfire_upgraded":2,"win_rate":0.0,"timestamp":1613247699,"path_taken":["M","?","$","?","M","R","?","M","T","?","M","?","?","M","R","BOSS"],"items_purchased_type":[],"build_version":"2020-12-22","purchased_purges":0,"victory":false,"max_hp_per_floor":[75,75,75,75,75,75,75,75,75,75,75,75,75,75,75,75,75],"card_choices":[{"not_picked":["Armaments","Clothesline"],"picked":"Hemokinesis","floor":1.0},{"not_picked":["Headbutt","Clothesline"],"picked":"Searing Blow","floor":5.0},{"not_picked":["Sword Boomerang","Heavy Blade"],"picked":"Battle Trance","floor":7.0},{"not_picked":["Havoc","Pommel Strike"],"picked":"Limit Break","floor":8.0},{"not_picked":["Shrug It Off","Warcry"],"picked":"Flex","floor":10.0},{"not_picked":["Shrug It Off","Iron Wave"],"picked":"Infernal Blade","floor":11.0},{"not_picked":["Sword Boomerang","Iron Wave"],"picked":"True Grit","floor":13.0},{"not_picked":["Anger","Iron Wave"],"picked":"Clothesline","floor":14.0}],"player_experience":633877,"relics_obtained":[{"floor":9.0,"key":"Smiling Mask"},{"floor":10.0,"key":"Odd Mushroom"}],"event_choices":[{"damage_healed":0.0,"max_hp_gain":0.0,"max_hp_loss":0.0,"gold_gain":0.0,"event_name":"Golden Idol","player_choice":"Take Wound","floor":2.0,"gold_loss":0.0,"damage_taken":0.0,"relics_obtained":["Golden Idol"],"cards_obtained":["Injury"]},{"damage_healed":0.0,"max_hp_gain":0.0,"max_hp_loss":0.0,"gold_gain":150.0,"event_name":"Liars Game","player_choice":"AGREE","floor":4.0,"gold_loss":0.0,"damage_taken":0.0,"cards_obtained":["Doubt"]},{"damage_healed":0.0,"max_hp_gain":0.0,"max_hp_loss":0.0,"gold_gain":0.0,"event_name":"Mushrooms","player_choice":"Fought Mushrooms","floor":10.0,"gold_loss":0.0,"damage_taken":0.0},{"damage_healed":0.0,"max_hp_gain":0.0,"max_hp_loss":0.0,"gold_gain":0.0,"event_name":"Upgrade Shrine","player_choice":"Upgraded","floor":12.0,"gold_loss":0.0,"damage_taken":0.0,"cards_upgraded":["Searing Blow"]}],"is_beta":false,"boss_relics":[],"items_purged_floors":[],"is_endless":false,"potions_floor_spawned":[7,13],"killed_by":"Hexaghost","ascension_level":20}}