{"host":"6xsbn6ynqlzwllfm","time":1613244429,"event":{"mods":["2.2 Compatiblity","BaseMod","Bestiary","Colored Map","Colored Powertips","Curses Come First","Downfall","Highlight Path","Keyboard Shortcuts","Minty Spire (QoL Compilation)","Relic Stats","Slay the Relics Exporter","StSLib","SuperFastMode"],"gold_per_floor":[99,118,118,136,150,50,50,61,92,105,105,5,18,38,50,153,153,153,168,179,179,179,89,134,146,162,162,162,178,178,206,226,324,324,324,336,348,348,366,69,95,113,113,13,33,62,62,115,131,131,131,165,40,40,40,40,40,40],"floor_reached":56,"language":"ENG","playtime":3041,"items_purged":["bronze:Strike","Clumsy","bronze:FineTuning"],"score":1120,"play_id":"fbbe10c9-a2dc-4e9c-a3df-50f0ce582f74","local_time":"20210213142709","is_ascension_mode":true,"campfire_choices":[{"floor":1,"key":"RECALL"},{"data":"bronze:CloningBeam","floor":6,"key":"SMITH"},{"data":"bronze:Iterate","floor":12,"key":"SMITH"},{"data":"bronze:Goto","floor":18,"key":"SMITH"},{"data":"bronze:Verify","floor":28,"key":"SMITH"},{"data":"bronze:Turbo","floor":30,"key":"SMITH"},{"data":"bronze:Branch","floor":35,"key":"SMITH"},{"data":"bronze:InfiniteLoop","floor":44,"key":"SMITH"},{"data":"bronze:Boost","floor":47,"key":"SMITH"},{"data":"bronze:DelayedGuard","floor":54,"key":"SMITH"}],"circlet_count":0,"master_deck":["bronze:Defend","bronze:Defend","bronze:Replicate","bronze:Goto+1","bronze:ChosenStrike","bronze:ChildClass","bronze:Branch+1","bronze:CloningBeam+1","bronze:MaxOutput+1","bronze:Turbo+1","bronze:DelayedGuard+1","Necronomicurse","bronze:Verify+1","bronze:MaxOutput+1","bronze:Boost+1","bronze:InfiniteLoop+1","bronze:FunctionCard","bronze:Boost+1"],"relics":["bronze:BronzeCore","Ice Cream","downfall:HeartBlessingRed","Shuriken","bronze:DecasWashers","downfall:HeartBlessingGreen","Empty Cage","Necronomicon","Anchor","Blue Candle","Philosopher\u0027s Stone","Vajra","PreservedInsect","ClockworkSouvenir","downfall:HeartBlessingBlue","MealTicket","Lizard Tail","StrikeDummy"],"acts_visited":["Exordium","TheCity","TheBeyond","TheEnding"],"potions_floor_usage":[9,45,50,56,56],"damage_taken":[{"damage":0,"enemies":"Cultist","floor":2,"turns":2},{"damage":0,"enemies":"Small Slimes","floor":4,"turns":3},{"damage":0,"enemies":"2 Louse","floor":5,"turns":2},{"damage":0,"enemies":"Blue Slaver","floor":8,"turns":3},{"damage":7,"enemies":"Gremlin Nob","floor":9,"turns":3},{"damage":0,"enemies":"2 Fungi Beasts","floor":10,"turns":1},{"damage":0,"enemies":"Gremlin Gang","floor":13,"turns":2},{"damage":0,"enemies":"Large Slime","floor":14,"turns":1},{"damage":0,"enemies":"Blue Slaver","floor":15,"turns":2},{"damage":6,"enemies":"WA_ARCHETYPE_RETAIN","floor":16,"turns":3},{"damage":0,"enemies":"Spheric Guardian","floor":19,"turns":1},{"damage":0,"enemies":"Shell Parasite","floor":20,"turns":1},{"damage":0,"enemies":"downfall:FleeingMerchant","floor":23,"turns":4},{"damage":0,"enemies":"Snake Plant","floor":25,"turns":2},{"damage":0,"enemies":"Centurion and Healer","floor":26,"turns":5},{"damage":0,"enemies":"Chosen and Byrds","floor":29,"turns":5},{"damage":0,"enemies":"Slavers","floor":31,"turns":3},{"damage":14,"enemies":"Snecko","floor":32,"turns":3},{"damage":15,"enemies":"SI_MIRROR_ARCHETYPE","floor":33,"turns":5},{"damage":0,"enemies":"3 Shapes","floor":36,"turns":3},{"damage":0,"enemies":"Orb Walker","floor":37,"turns":1},{"damage":0,"enemies":"4 Shapes","floor":39,"turns":2},{"damage":0,"enemies":"downfall:FleeingMerchant","floor":40,"turns":1},{"damage":13,"enemies":"Jaw Worm Horde","floor":42,"turns":3},{"damage":0,"enemies":"Transient","floor":45,"turns":5},{"damage":0,"enemies":"Nemesis","floor":46,"turns":1},{"damage":0,"enemies":"2 Orb Walkers","floor":48,"turns":2},{"damage":1,"enemies":"4 Shapes","floor":49,"turns":4},{"damage":15,"enemies":"DF_ARCHETYPE_ORBS","floor":50,"turns":4},{"damage":0,"enemies":"downfall:CharBossMerchant","floor":52,"turns":4},{"damage":79,"enemies":"downfall:NeowBoss","floor":55,"turns":11},{"damage":52,"enemies":"downfall:NeowBossFinal","floor":56,"turns":3}],"seed_played":"5365026773915989691","potions_obtained":[{"floor":2,"key":"SneckoOil"},{"floor":4,"key":"Guardian:BlockOnCardUsePotion"},{"floor":5,"key":"FearPotion"},{"floor":10,"key":"FearPotion"},{"floor":14,"key":"BlessingOfTheForge"},{"floor":15,"key":"AttackPotion"},{"floor":32,"key":"DistilledChaos"},{"floor":39,"key":"Block Potion"},{"floor":49,"key":"SpeedPotion"}],"is_trial":false,"path_per_floor":["R","M","T","M","M","R","T","M","E","M","?","R","M","M","M","B",null,"R","M","M","?","?","$","T","M","M","?","R","M","R","E","M","B",null,"R","M","M","?","M","$","T","M","?","R","M","E","R","?","M","B",null,"E","$","R","B","B"],"character_chosen":"THE_AUTOMATON","items_purchased":["bronze:FineTuning","Vajra","PreservedInsect","ClockworkSouvenir"],"campfire_rested":0,"item_purchase_floors":[40,40,40,40],"current_hp_per_floor":[63,63,63,63,63,63,63,63,56,56,56,56,56,56,56,50,60,60,60,60,44,44,44,44,44,44,63,63,63,63,63,49,34,56,56,56,56,56,56,56,56,43,43,53,53,53,53,53,52,37,64,64,73,73,32,0,0,0],"gold":40,"neow_bonus":"TRANSFORM_TWO_CARDS","is_daily":false,"chose_seed":false,"campfire_upgraded":9,"win_rate":0.0,"timestamp":1613244429,"path_taken":["R","M","?","M","M","R","T","?","E","M","?","R","M","?","M","BOSS","R","M","?","?","?","$","T","M","M","?","R","?","R","E","M","BOSS","R","M","M","?","M","$","T","?","?","R","M","E","R","?","M","BOSS","E","$","R","BOSS","BOSS"],"items_purchased_type":["Card","Relic","Relic","Relic"],"build_version":"2020-12-22","purchased_purges":3,"victory":false,"max_hp_per_floor":[63,63,63,63,63,63,63,63,63,63,63,63,63,63,63,63,63,63,63,63,63,63,63,63,63,63,63,63,63,63,63,63,63,63,63,63,63,63,63,63,63,63,63,73,73,73,73,73,73,73,73,73,73,73,73,73,73,73],"relic_stats":{"Lizard Tail":36,"counters":[32,95],"Shuriken":[70],"Blue Candle":[8],"MealTicket":9,"PreservedInsect":170,"Necronomicon":[45],"obtain_stats":[{"Ice Cream":3,"bronze:BronzeCore":0,"downfall:HeartBlessingRed":6,"bronze:DecasWashers":9,"Blue Candle":31,"Vajra":40,"downfall:HeartBlessingGreen":12,"PreservedInsect":40,"Empty Cage":17,"ClockworkSouvenir":40,"Anchor":24,"Lizard Tail":48,"Shuriken":7,"downfall:HeartBlessingBlue":44,"Philosopher\u0027s Stone":34,"MealTicket":46,"Necronomicon":21,"StrikeDummy":52},{"Ice Cream":1,"bronze:BronzeCore":0,"downfall:HeartBlessingRed":3,"bronze:DecasWashers":5,"Blue Candle":17,"Vajra":23,"downfall:HeartBlessingGreen":6,"PreservedInsect":23,"Empty Cage":10,"ClockworkSouvenir":23,"Anchor":13,"Lizard Tail":27,"Shuriken":3,"downfall:HeartBlessingBlue":24,"Philosopher\u0027s Stone":19,"MealTicket":26,"Necronomicon":12,"StrikeDummy":30},{"Ice Cream":2,"bronze:BronzeCore":0,"downfall:HeartBlessingRed":7,"bronze:DecasWashers":13,"Blue Candle":43,"Vajra":58,"downfall:HeartBlessingGreen":14,"PreservedInsect":58,"Empty Cage":22,"ClockworkSouvenir":58,"Anchor":28,"Lizard Tail":69,"Shuriken":7,"downfall:HeartBlessingBlue":61,"Philosopher\u0027s Stone":51,"MealTicket":67,"Necronomicon":24,"StrikeDummy":81}]},"card_choices":[{"not_picked":["bronze:WildBeam","bronze:InfiniteBeams"],"picked":"bronze:ChildClass","floor":2},{"not_picked":["bronze:Terminator","bronze:WildBeam"],"picked":"bronze:Branch","floor":4},{"not_picked":["bronze:Safeguard","bronze:Backtrace"],"picked":"bronze:CloningBeam","floor":5},{"not_picked":["bronze:NullPointer","bronze:Allocate"],"picked":"bronze:MaxOutput","floor":8},{"not_picked":["bronze:BitShift","bronze:CutThrough"],"picked":"bronze:Turbo","floor":9},{"not_picked":["bronze:Philosophize","bronze:CutThrough"],"picked":"bronze:Iterate","floor":10},{"not_picked":["bronze:OilSpill","bronze:InfiniteBeams","bronze:Branch"],"picked":"SKIP","floor":13},{"not_picked":["bronze:DelayedSlice","bronze:Repulsor"],"picked":"bronze:DelayedGuard","floor":14},{"not_picked":["bronze:BugBarrage","bronze:ForceShield","bronze:BronzeOrb"],"picked":"SKIP","floor":15},{"not_picked":["bronze:DigitalCarnage+1","bronze:Constructor","bronze:Frontload"],"picked":"SKIP","floor":20},{"not_picked":["bronze:Boost","bronze:Overheat+1"],"picked":"bronze:Verify","floor":23},{"not_picked":["bronze:Separator","bronze:Iterate","bronze:Terminator"],"picked":"SKIP","floor":26},{"not_picked":["bronze:SpaghettiCode","bronze:Refactor","bronze:DarkDash"],"picked":"SKIP","floor":29},{"not_picked":["bronze:WildBeam","bronze:ForceShield","bronze:FineTuning"],"picked":"SKIP","floor":31},{"not_picked":["bronze:DelayedSlice","bronze:Shield"],"picked":"bronze:MaxOutput","floor":32},{"not_picked":["bronze:BitShift+1","bronze:GetLatest+1","bronze:Allocate"],"picked":"SKIP","floor":36},{"not_picked":["bronze:OilSpill+1","bronze:Deprecate"],"picked":"bronze:Boost","floor":37},{"not_picked":["bronze:Shield","bronze:FineTuning","bronze:ForLoop"],"picked":"SKIP","floor":39},{"not_picked":["bronze:BuggyMess+1","bronze:DelayedGuard+1"],"picked":"bronze:Hardcode","floor":40},{"not_picked":["bronze:OilSpill","bronze:Refactor","bronze:DelayedGuard"],"picked":"SKIP","floor":42},{"not_picked":["bronze:Branch+1","bronze:Shield+1"],"picked":"bronze:Boost","floor":46},{"not_picked":["bronze:BuggyMess+1","bronze:NullPointer","bronze:Turbo+1"],"picked":"SKIP","floor":49},{"not_picked":["bronze:BugBarrage+1","bronze:Backtrace","bronze:Overheat"],"picked":"SKIP","floor":52}],"player_experience":1762832,"relics_obtained":[{"floor":3,"key":"Ice Cream"},{"floor":7,"key":"Shuriken"},{"floor":9,"key":"bronze:DecasWashers"},{"floor":21,"key":"Necronomicon"},{"floor":24,"key":"Anchor"},{"floor":31,"key":"Blue Candle"},{"floor":46,"key":"MealTicket"},{"floor":48,"key":"Lizard Tail"},{"floor":52,"key":"StrikeDummy"}],"event_choices":[{"cards_removed":["bronze:NullPointer"],"damage_healed":19,"gold_gain":0,"player_choice":"Offered Uncommon","damage_taken":0,"max_hp_gain":0,"max_hp_loss":0,"event_name":"Bonfire Elementals","floor":27,"gold_loss":0},{"damage_healed":0,"gold_gain":0,"player_choice":"Fight","damage_taken":0,"max_hp_gain":0,"max_hp_loss":0,"event_name":"Mysterious Sphere","floor":48,"gold_loss":0}],"is_beta":false,"boss_relics":[{"not_picked":["bronze:MakeshiftBattery","Astrolabe"],"picked":"Empty Cage"},{"not_picked":["SacredBark","Black Star"],"picked":"Philosopher\u0027s Stone"}],"items_purged_floors":[23,40,53],"is_endless":false,"potions_floor_spawned":[2,4,5,10,14,15,19,26,32,37,39,49],"killed_by":"downfall:NeowBossFinal","ascension_level":9}}