{"host":"gobyjzz6xbwq9f9i","time":1613185014,"event":{"mods":["AchievementEnabler","BaseMod","Bestiary","Colored Map","Minty Spire (QoL Compilation)","Relic Stats"],"gold_per_floor":[114,125,145,145,163,178,178,193,193,210,224,256,279,323,335,347,347],"floor_reached":16,"language":"ENG","playtime":623,"items_purged":[],"score":177,"play_id":"54650e99-4898-463c-8f96-5db99050f834","local_time":"20210212185654","is_ascension_mode":true,"campfire_choices":[{"data":"Cold Snap","floor":7,"key":"SMITH"},{"data":"Darkness","floor":15,"key":"SMITH"}],"circlet_count":0,"master_deck":["AscendersBane","Strike_B","Strike_B","Strike_B","Defend_B","Defend_B","Defend_B","Zap","Dualcast","FTL","Cold Snap+1","FTL","Reinforced Body","Gash","Loop","Go for the Eyes","Compile Driver","Rebound","Darkness+1","Glacier"],"relics":["Empty Cage","Eternal Feather","MawBank","FossilizedHelix"],"acts_visited":["Exordium"],"potions_floor_usage":[5,6,14,14],"damage_taken":[{"damage":6,"enemies":"Cultist","floor":1,"turns":4},{"damage":0,"enemies":"Small Slimes","floor":2,"turns":3},{"damage":0,"enemies":"2 Louse","floor":3,"turns":3},{"damage":15,"enemies":"Gremlin Gang","floor":5,"turns":3},{"damage":1,"enemies":"Exordium Wildlife","floor":6,"turns":4},{"damage":6,"enemies":"Exordium Thugs","floor":8,"turns":7},{"damage":3,"enemies":"Looter","floor":10,"turns":3},{"damage":7,"enemies":"2 Fungi Beasts","floor":11,"turns":3},{"damage":16,"enemies":"3 Sentries","floor":12,"turns":8},{"damage":1,"enemies":"3 Louse","floor":13,"turns":3},{"damage":11,"enemies":"Gremlin Nob","floor":14,"turns":5},{"damage":17,"enemies":"Hexaghost","floor":16,"turns":7}],"seed_played":"-6393745893297324194","potions_obtained":[{"floor":1,"key":"LiquidBronze"},{"floor":3,"key":"SpeedPotion"},{"floor":4,"key":"Fire Potion"},{"floor":4,"key":"Fire Potion"},{"floor":4,"key":"Dexterity Potion"},{"floor":10,"key":"Dexterity Potion"},{"floor":13,"key":"Block Potion"}],"is_trial":false,"path_per_floor":["M","M","M","?","M","M","R","M","T","M","M","E","M","E","R","B"],"character_chosen":"DEFECT","items_purchased":[],"campfire_rested":0,"item_purchase_floors":[],"current_hp_per_floor":[62,62,62,62,47,46,46,40,40,37,30,14,13,2,14,0,0],"gold":347,"neow_bonus":"BOSS_RELIC","is_daily":false,"chose_seed":false,"campfire_upgraded":2,"win_rate":0.0,"timestamp":1613185014,"path_taken":["M","M","?","?","M","M","R","M","T","?","M","E","M","E","R","BOSS"],"items_purchased_type":[],"build_version":"2020-12-22","purchased_purges":0,"victory":false,"max_hp_per_floor":[75,75,75,75,75,75,75,75,75,75,75,75,75,75,75,75,75],"relic_stats":{"counters":[12,53],"Eternal Feather":12,"MawBank":48,"obtain_stats":[{"Eternal Feather":9,"Cracked Core":0,"Empty Cage":0,"MawBank":12,"FossilizedHelix":14},{"Eternal Feather":6,"Cracked Core":0,"Empty Cage":0,"MawBank":9,"FossilizedHelix":11},{"Eternal Feather":24,"Cracked Core":0,"Empty Cage":0,"MawBank":38,"FossilizedHelix":46}]},"card_choices":[{"not_picked":["Darkness","Scrape"],"picked":"FTL","floor":1},{"not_picked":["Rebound","Beam Cell"],"picked":"Cold Snap","floor":2},{"not_picked":["Stack","Hologram"],"picked":"FTL","floor":3},{"not_picked":["Conserve Battery","Compile Driver"],"picked":"Reinforced Body","floor":5},{"not_picked":["Lockon","Turbo"],"picked":"Gash","floor":6},{"not_picked":["BootSequence","Blizzard"],"picked":"Loop","floor":8},{"not_picked":["Hologram","Steam"],"picked":"Go for the Eyes","floor":10},{"not_picked":["Gash","Redo"],"picked":"Compile Driver","floor":11},{"not_picked":["Storm","Stack"],"picked":"Rebound","floor":12},{"not_picked":["Steam","Barrage"],"picked":"Darkness","floor":13},{"not_picked":["Cold Snap","Streamline"],"picked":"Glacier","floor":14}],"player_experience":1347787,"relics_obtained":[{"floor":9,"key":"Eternal Feather"},{"floor":12,"key":"MawBank"},{"floor":14,"key":"FossilizedHelix"}],"event_choices":[{"damage_healed":0,"gold_gain":0,"player_choice":"Got Potions","damage_taken":0,"max_hp_gain":0,"max_hp_loss":0,"event_name":"Lab","floor":4,"gold_loss":0}],"is_beta":false,"boss_relics":[],"items_purged_floors":[],"is_endless":false,"potions_floor_spawned":[1,3,10,13],"killed_by":"Hexaghost","ascension_level":10}}