{"host":"49pjgf1q9ev52n8z","time":1613206362,"event":{"mods":["BaseMod","Bestiary","Colored Map","Keyboard Shortcuts","Minty Spire (QoL Compilation)","Practice Mode","Relic Stats","StSLib"],"gold_per_floor":[115,129,146,165,177,177,203,203,203,203,216,216,216,246,246,344,344,364,380,396,6,6,6,23,23,23],"floor_reached":25,"language":"ENG","playtime":1519,"items_purged":[],"score":256,"play_id":"2b7c0ecc-5f6c-4c60-9825-c5e871f38fac","local_time":"20210213005242","is_ascension_mode":true,"campfire_choices":[{"floor":6.0,"key":"REST"},{"floor":10.0,"key":"REST"},{"floor":13.0,"key":"REST"},{"floor":15.0,"key":"REST"},{"floor":23.0,"key":"REST"}],"circlet_count":0,"master_deck":["Strike_B","Strike_B","Strike_B","Strike_B","Defend_B","Defend_B","Defend_B","Defend_B","Zap","Dualcast","Ball Lightning","Streamline","Barrage","Genetic Algorithm+1","Compile Driver","Turbo","Creative AI","Seek","Leap+1","Sweeping Beam+1","Hologram","Force Field","Skim"],"relics":["Cracked Core","Girya","Molten Egg 2","Cables","Nuclear Battery","Centennial Puzzle","Ancient Tea Set"],"acts_visited":["Exordium","TheCity"],"potions_floor_usage":[25],"damage_taken":[{"damage":1.0,"enemies":"Cultist","floor":1.0,"turns":3.0},{"damage":0.0,"enemies":"2 Louse","floor":2.0,"turns":2.0},{"damage":10.0,"enemies":"Small Slimes","floor":3.0,"turns":3.0},{"damage":23.0,"enemies":"Exordium Thugs","floor":4.0,"turns":3.0},{"damage":13.0,"enemies":"Large Slime","floor":5.0,"turns":4.0},{"damage":32.0,"enemies":"Gremlin Nob","floor":7.0,"turns":4.0},{"damage":5.0,"enemies":"Gremlin Gang","floor":11.0,"turns":4.0},{"damage":49.0,"enemies":"Hexaghost","floor":16.0,"turns":7.0},{"damage":23.0,"enemies":"3 Byrds","floor":18.0,"turns":5.0},{"damage":19.0,"enemies":"Spheric Guardian","floor":19.0,"turns":5.0},{"damage":10.0,"enemies":"Chosen and Byrds","floor":20.0,"turns":5.0},{"damage":13.0,"enemies":"Snecko","floor":24.0,"turns":6.0},{"damage":15,"enemies":"Centurion and Healer","floor":25,"turns":3}],"seed_played":"9161428533247910806","potions_obtained":[{"floor":1.0,"key":"Fire Potion"},{"floor":3.0,"key":"Block Potion"},{"floor":4.0,"key":"SpeedPotion"},{"floor":7.0,"key":"CultistPotion"},{"floor":16.0,"key":"AttackPotion"},{"floor":19.0,"key":"Swift Potion"},{"floor":24.0,"key":"GamblersBrew"}],"is_trial":false,"path_per_floor":["M","M","M","M","M","R","E","?","T","R","M","?","R","?","R","B",null,"M","M","M","$","?","R","M","M"],"character_chosen":"DEFECT","items_purchased":["Force Field","Centennial Puzzle","Ancient Tea Set"],"campfire_rested":5,"item_purchase_floors":[21,21,21],"current_hp_per_floor":[67,67,57,34,21,41,9,9,9,29,24,24,44,44,64,15,55,32,13,3,3,3,23,10,0,0],"gold":23,"neow_bonus":"ONE_RARE_RELIC","is_daily":false,"chose_seed":false,"campfire_upgraded":0,"win_rate":0.0,"timestamp":1613206362,"path_taken":["M","M","M","?","M","R","E","?","T","R","M","?","R","?","R","BOSS","M","M","M","$","?","R","M","M"],"items_purchased_type":["Card","Relic","Relic"],"build_version":"2020-12-22","purchased_purges":0,"victory":false,"max_hp_per_floor":[68,68,68,68,68,68,68,68,68,68,68,68,68,68,68,68,68,68,68,68,68,68,68,68,68,68],"relic_stats":{"Centennial Puzzle":[3],"counters":[13,54],"obtain_stats":[{"Girya":0,"Centennial Puzzle":21,"Molten Egg 2":7,"Cracked Core":0,"Ancient Tea Set":21,"Cables":9,"Nuclear Battery":17},{"Girya":0,"Centennial Puzzle":11,"Molten Egg 2":6,"Cracked Core":0,"Ancient Tea Set":11,"Cables":6,"Nuclear Battery":8},{"Girya":0,"Centennial Puzzle":45,"Molten Egg 2":19,"Cracked Core":0,"Ancient Tea Set":45,"Cables":19,"Nuclear Battery":30}],"Cables":[31,23,0,0,8]},"card_choices":[{"not_picked":["Steam Power","White Noise"],"picked":"Ball Lightning","floor":1.0},{"not_picked":["Scrape","Steam"],"picked":"Streamline","floor":2.0},{"not_picked":["Leap","Storm"],"picked":"Barrage","floor":3.0},{"not_picked":["Aggregate","Reinforced Body"],"picked":"Genetic Algorithm","floor":4.0},{"not_picked":["Double Energy","Undo"],"picked":"Compile Driver","floor":5.0},{"not_picked":["Stack","Recycle"],"picked":"Turbo","floor":7.0},{"not_picked":["Static Discharge","Stack"],"picked":"Creative AI","floor":11.0},{"not_picked":["Meteor Strike+1","Fission"],"picked":"Seek","floor":16.0},{"not_picked":["Rebound+1","Reprogram"],"picked":"Leap+1","floor":18.0},{"not_picked":["Conserve Battery","Gash+1"],"picked":"Sweeping Beam+1","floor":19.0},{"not_picked":["Sweeping Beam+1","Redo"],"picked":"Hologram","floor":20.0},{"not_picked":["Barrage+1","Hologram"],"picked":"Skim","floor":24.0}],"player_experience":835597,"relics_obtained":[{"floor":7.0,"key":"Molten Egg 2"},{"floor":9.0,"key":"Cables"}],"event_choices":[{"damage_healed":0.0,"max_hp_gain":0.0,"max_hp_loss":0.0,"gold_gain":0.0,"event_name":"Scrap Ooze","player_choice":"Fled","floor":8.0,"gold_loss":0.0,"damage_taken":0.0},{"damage_healed":0.0,"max_hp_gain":0.0,"max_hp_loss":0.0,"gold_gain":0.0,"event_name":"Living Wall","player_choice":"Grow","floor":12.0,"gold_loss":0.0,"damage_taken":0.0,"cards_upgraded":["Genetic Algorithm"]},{"damage_healed":0.0,"max_hp_gain":0.0,"max_hp_loss":0.0,"gold_gain":30.0,"event_name":"Dead Adventurer","player_choice":"Searched \u00271\u0027 times","floor":14.0,"gold_loss":0.0,"damage_taken":0.0},{"damage_healed":0.0,"max_hp_gain":0.0,"max_hp_loss":0.0,"gold_gain":0.0,"event_name":"Vampires","player_choice":"Ignored","floor":22.0,"gold_loss":0.0,"damage_taken":0.0}],"is_beta":false,"boss_relics":[{"not_picked":["Calling Bell","Astrolabe"],"picked":"Nuclear Battery"}],"items_purged_floors":[],"is_endless":false,"potions_floor_spawned":[1,3,4,7,16,19,24],"killed_by":"Centurion and Healer","ascension_level":5}}