{"host":"ex9ev9v5sog028vn","time":1613214376,"event":{"mods":["Act Like it!","BaseMod","Block Reminder","Downfall","Minty Spire (QoL Compilation)","Quick Restart","Relic Stats","StSLib"],"gold_per_floor":[99,118,28,28,46,46,46,62,62,74,33,45,80,95,112,207,207,207,221,241,256,256,270,270,270,270,290,290,323,323,335,346,447,447,447,457,457,469,91,109,109,143,6,6,36,55,55,55,66,66],"floor_reached":51,"language":"ENG","playtime":5318,"items_purged":["Pain","Guardian:Strike_Guardian"],"score":808,"play_id":"cc311b37-dcf9-4ac7-967d-6b4d554f9aa3","local_time":"20210213080616","is_ascension_mode":false,"campfire_choices":[{"data":"Guardian:CurlUp","floor":1.0,"key":"SMITH"},{"data":"Guardian:PrismaticBeam","floor":6.0,"key":"SMITH"},{"data":"Guardian:CrystalBeam","floor":9.0,"key":"SMITH"},{"data":"Guardian:ArmoredProtocol","floor":18.0,"key":"SMITH"},{"data":"Guardian:TemporalShield","floor":26.0,"key":"SMITH"},{"data":"Guardian:PiercingHide","floor":28.0,"key":"SMITH"},{"data":"Guardian:ConstructionForm","floor":35.0,"key":"SMITH"},{"floor":47.0,"key":"RECALL"}],"circlet_count":0,"master_deck":["Guardian:Defend_Guardian","Guardian:Defend_Guardian","Guardian:Defend_Guardian","Guardian:Defend_Guardian","Guardian:CurlUp+1","Guardian:TwinSlam","Guardian:CrystalBeam+1","Guardian:PiercingHide+1","Guardian:TemporalShield+1","Guardian:PrismaticBeam+1","Guardian:ShieldCharger+1","Guardian:ArmoredProtocol+1","Guardian:Planning+1","Guardian:FloatingOrbs","Guardian:DecasProtection+1","Guardian:ShieldCharger+1","Guardian:Planning+1","Guardian:SphericShield+1","Guardian:Recover+1","Guardian:Emergency+1","Guardian:ChargeCore+1","Guardian:FloatingOrbs","Guardian:ConstructionForm+1","Guardian:TimeCapacitor+1","Guardian:RevengeProtocol","Guardian:EvasiveProtocol+1"],"relics":["Guardian:ModeShifter","Toxic Egg 2","Pear","Philosopher\u0027s Stone","Pen Nib","Kunai","Oddly Smooth Stone","bronze:MakeshiftBattery","Membership Card","Gambling Chip","Mercury Hourglass","Medical Kit","Bag of Marbles"],"acts_visited":["Exordium","TheCity","TheBeyond"],"potions_floor_usage":[],"damage_taken":[{"damage":1.0,"enemies":"Cultist","floor":2.0,"turns":4.0},{"damage":0.0,"enemies":"downfall:FleeingMerchant","floor":3.0,"turns":4.0},{"damage":4.0,"enemies":"Jaw Worm","floor":5.0,"turns":6.0},{"damage":0.0,"enemies":"Small Slimes","floor":8.0,"turns":3.0},{"damage":3.0,"enemies":"Red Slaver","floor":10.0,"turns":4.0},{"damage":0.0,"enemies":"downfall:FleeingMerchant","floor":11.0,"turns":4.0},{"damage":9.0,"enemies":"2 Fungi Beasts","floor":12.0,"turns":4.0},{"damage":5.0,"enemies":"Lagavulin","floor":13.0,"turns":7.0},{"damage":5.0,"enemies":"downfall:LooterAlt","floor":14.0,"turns":4.0},{"damage":0.0,"enemies":"3 Louse","floor":15.0,"turns":4.0},{"damage":23.0,"enemies":"WA_ARCHETYPE_RETAIN","floor":16.0,"turns":10.0},{"damage":0.0,"enemies":"Chosen","floor":19.0,"turns":6.0},{"damage":0.0,"enemies":"Spheric Guardian","floor":20.0,"turns":5.0},{"damage":16.0,"enemies":"Centurion and Healer","floor":21.0,"turns":10.0},{"damage":10.0,"enemies":"Shelled Parasite and Fungi","floor":23.0,"turns":6.0},{"damage":0.0,"enemies":"Sentry and Sphere","floor":27.0,"turns":8.0},{"damage":30.0,"enemies":"Gremlin Leader","floor":29.0,"turns":8.0},{"damage":15.0,"enemies":"Snake Plant","floor":31.0,"turns":6.0},{"damage":0.0,"enemies":"Chosen and Byrds","floor":32.0,"turns":5.0},{"damage":4.0,"enemies":"DF_ARCHETYPE_CLAW","floor":33.0,"turns":9.0},{"damage":0.0,"enemies":"3 Darklings","floor":36.0,"turns":10.0},{"damage":2.0,"enemies":"Orb Walker","floor":38.0,"turns":4.0},{"damage":16.0,"enemies":"downfall:FleeingMerchant","floor":39.0,"turns":4.0},{"damage":0.0,"enemies":"Sphere and 2 Shapes","floor":40.0,"turns":10.0},{"damage":0.0,"enemies":"Nemesis","floor":42.0,"turns":9.0},{"damage":0.0,"enemies":"downfall:FleeingMerchant","floor":43.0,"turns":4.0},{"damage":13.0,"enemies":"Reptomancer","floor":45.0,"turns":9.0},{"damage":0.0,"enemies":"Transient","floor":46.0,"turns":5.0},{"damage":0,"enemies":"Writhing Mass","floor":49,"turns":8},{"damage":0,"enemies":"SI_POISON_ARCHETYPE","floor":50,"turns":17}],"seed_played":"-589994905027421404","potions_obtained":[{"floor":5.0,"key":"hexamod:SoulburnPotion"},{"floor":8.0,"key":"Block Potion"},{"floor":10.0,"key":"Dexterity Potion"},{"floor":14.0,"key":"Guardian:BlockOnCardUsePotion"},{"floor":15.0,"key":"Energy Potion"},{"floor":19.0,"key":"DistilledChaos"},{"floor":21.0,"key":"bronze:BurnAndBuffPotion"},{"floor":32.0,"key":"FearPotion"},{"floor":33.0,"key":"GamblersBrew"},{"floor":40.0,"key":"Regen Potion"},{"floor":49,"key":"Explosive Potion"}],"is_trial":false,"path_per_floor":["R","M","$","?","M","R","T","M","R","M","$","M","E","M","M","B",null,"R","M","M","M","?","M","T","?","R","M","R","E","?","M","M","B",null,"R","M","?","M","$","M","T","E","$","?","E","M","R","?","M","B",null],"character_chosen":"GUARDIAN","items_purchased":["Guardian:PiercingHide","Guardian:TemporalShield","Guardian:Planning+1","Membership Card","Gambling Chip","Guardian:DefensiveModePotion","Medical Kit"],"campfire_rested":0,"item_purchase_floors":[3,3,11,39,39,39,43],"current_hp_per_floor":[88,87,87,87,83,83,83,83,83,80,80,71,76,71,71,48,98,98,98,98,82,82,72,72,72,72,72,72,42,42,27,27,23,98,98,98,112,110,94,94,94,94,94,94,81,95,95,95,95,95],"gold":66,"neow_bonus":"TEN_PERCENT_HP_BONUS","is_daily":false,"chose_seed":false,"campfire_upgraded":7,"win_rate":0.0,"timestamp":1613214376,"path_taken":["R","M","?","?","M","R","T","?","R","M","?","M","E","M","M","BOSS","R","M","M","M","?","?","T","?","R","M","R","E","?","M","M","BOSS","R","M","?","M","$","M","T","E","$","?","E","?","R","?","M","BOSS"],"items_purchased_type":["Card","Card","Card","Relic","Relic","Potion","Relic"],"build_version":"2020-12-22","purchased_purges":2,"victory":true,"max_hp_per_floor":[88,88,88,88,88,88,88,88,88,88,88,88,98,98,98,98,98,98,98,98,98,98,98,98,98,98,98,98,98,98,98,98,98,98,98,98,112,112,112,112,112,112,112,112,112,112,112,112,112,112],"relic_stats":{"counters":[30,197],"Gambling Chip":[21],"Pen Nib":[22],"Kunai":[37],"Medical Kit":[24],"obtain_stats":[{"Pear":13,"Guardian:ModeShifter":0,"Oddly Smooth Stone":30,"Pen Nib":24,"Medical Kit":43,"Mercury Hourglass":42,"Gambling Chip":39,"Philosopher\u0027s Stone":17,"Bag of Marbles":45,"Kunai":29,"Membership Card":39,"Toxic Egg 2":7,"bronze:MakeshiftBattery":34},{"Pear":8,"Guardian:ModeShifter":0,"Oddly Smooth Stone":17,"Pen Nib":15,"Medical Kit":26,"Mercury Hourglass":25,"Gambling Chip":23,"Philosopher\u0027s Stone":11,"Bag of Marbles":27,"Kunai":17,"Membership Card":23,"Toxic Egg 2":3,"bronze:MakeshiftBattery":20},{"Pear":36,"Guardian:ModeShifter":0,"Oddly Smooth Stone":97,"Pen Nib":81,"Medical Kit":158,"Mercury Hourglass":154,"Gambling Chip":135,"Philosopher\u0027s Stone":54,"Bag of Marbles":167,"Kunai":97,"Membership Card":135,"Toxic Egg 2":14,"bronze:MakeshiftBattery":117}],"Mercury Hourglass":[111]},"card_choices":[{"not_picked":["Guardian:TemporalShield","Guardian:Preprogram"],"picked":"Guardian:Gem_Red","floor":2.0},{"not_picked":["Guardian:Gem_Crimson","Guardian:BronzeArmor"],"picked":"Guardian:CrystalBeam","floor":3.0},{"not_picked":["Guardian:PiercingHide","Guardian:TemporalShield"],"picked":"Guardian:PrismaticBeam","floor":5.0},{"not_picked":["Guardian:Gem_Lightblue","Guardian:PiercingHide+1"],"picked":"Guardian:ShieldCharger+1","floor":8.0},{"not_picked":["Guardian:CrystalBeam","Guardian:RollAttack"],"picked":"Guardian:ArmoredProtocol","floor":10.0},{"not_picked":["Guardian:TemporalShield+1","Guardian:DecasProtection+1"],"picked":"Guardian:Gem_White","floor":11.0},{"not_picked":["Guardian:GuardianWhirl","Guardian:PrimingBeam"],"picked":"Guardian:FloatingOrbs","floor":12.0},{"not_picked":["Guardian:Harden+1","Guardian:Gem_Lightblue"],"picked":"Guardian:DecasProtection+1","floor":13.0},{"not_picked":["Guardian:Recover+1","Guardian:HyperBeam_Guardian"],"picked":"Guardian:ShieldCharger+1","floor":14.0},{"not_picked":["Guardian:PiercingHide+1","Guardian:Gem_Cyan"],"picked":"Guardian:Planning+1","floor":15.0},{"not_picked":["Guardian:TimeSifter","Guardian:ConstructionForm"],"picked":"Guardian:SphericShield+1","floor":16.0},{"not_picked":["Guardian:RollAttack","Guardian:Gem_Lightblue"],"picked":"Guardian:Recover+1","floor":19.0},{"not_picked":["Guardian:PrimingBeam","Guardian:Incinerate"],"picked":"Guardian:Gem_Red","floor":20.0},{"not_picked":["Guardian:TemporalShield+1","Guardian:PrismaticBeam+1"],"picked":"Guardian:Emergency+1","floor":21.0},{"not_picked":["Guardian:SentryBeam+1","Guardian:TemporalShield+1","Guardian:WalkerClaw"],"picked":"SKIP","floor":23.0},{"not_picked":["Guardian:Recover+1","Guardian:CrystalBeam"],"picked":"Guardian:ChargeCore+1","floor":27.0},{"not_picked":["Guardian:ChargeCore+1","Guardian:WalkerClaw"],"picked":"Guardian:FloatingOrbs","floor":29.0},{"not_picked":["Guardian:Gem_Lightblue","Guardian:Gem_Purple","Guardian:Recover+1"],"picked":"SKIP","floor":31.0},{"not_picked":["Guardian:RollAttack","Guardian:MultiBeam","Guardian:ChargeCore"],"picked":"SKIP","floor":32.0},{"not_picked":["Guardian:Gem_Synthetic","Guardian:ExploitGems+1"],"picked":"Guardian:ConstructionForm","floor":33.0},{"not_picked":["Guardian:Gem_Cyan","Guardian:Gem_Green"],"picked":"Guardian:TimeCapacitor","floor":36.0},{"not_picked":["Guardian:TimeBomb+1","Guardian:Gem_Cyan","Guardian:Suspension+1"],"picked":"SKIP","floor":38.0},{"not_picked":["Guardian:CrystalBeam","Guardian:Planning+1","Guardian:TemporalShield+1"],"picked":"SKIP","floor":39.0},{"not_picked":["Guardian:WalkerClaw+1","Guardian:Gem_Red"],"picked":"Guardian:RevengeProtocol","floor":40.0},{"not_picked":["Guardian:PrimingBeam+1","Guardian:Gem_Lightblue","Guardian:Incinerate"],"picked":"SKIP","floor":42.0},{"not_picked":["Guardian:Planning+1","Guardian:Recover+1","Guardian:PrismaticBarrier+1"],"picked":"SKIP","floor":43.0},{"not_picked":["Guardian:Gem_Lightblue","Guardian:Emergency+1"],"picked":"Guardian:EvasiveProtocol+1","floor":45.0},{"not_picked":["Guardian:BronzeArmor+1","Guardian:MultiBeam","Guardian:TimeBomb+1"],"picked":"SKIP","floor":46.0},{"not_picked":["Guardian:Gem_Blue","Guardian:Gem_Purple","Guardian:Reroute+1"],"picked":"SKIP","floor":49}],"player_experience":711935,"relics_obtained":[{"floor":7.0,"key":"Toxic Egg 2"},{"floor":13.0,"key":"Pear"},{"floor":24.0,"key":"Pen Nib"},{"floor":29.0,"key":"Kunai"},{"floor":42.0,"key":"Mercury Hourglass"},{"floor":45.0,"key":"Bag of Marbles"}],"event_choices":[{"cards_removed":["Guardian:Strike_Guardian"],"damage_healed":0.0,"max_hp_gain":0.0,"max_hp_loss":0.0,"gold_gain":0.0,"event_name":"The Cleric","player_choice":"Card Removal","floor":4.0,"gold_loss":0.0,"damage_taken":0.0},{"cards_removed":["Guardian:Strike_Guardian"],"damage_healed":0.0,"max_hp_gain":0.0,"max_hp_loss":0.0,"gold_gain":0.0,"event_name":"Bonfire Elementals","player_choice":"Offered Basic","floor":22.0,"gold_loss":0.0,"damage_taken":0.0}],"is_beta":false,"boss_relics":[{"not_picked":["Cursed Key","Black Star"],"picked":"Philosopher\u0027s Stone"},{"not_picked":["Calling Bell","Runic Dome"],"picked":"bronze:MakeshiftBattery"}],"items_purged_floors":[39,43],"is_endless":false,"potions_floor_spawned":[5,8,10,14,15,19,21,31,32,33,36,38,40,49],"ascension_level":0}}