{"host":"zjc1tzo4ovig5lll","time":1613199864,"event":{"mods":["AchievementEnabler","Aspiration","BaseMod","Beaked The Cultist","Better Altar","Better Match","Better Note","Better Sensory Stone","Colored Map","Colored Powertips","Conspire","Energized Spire","Friendly Minions","GifTheSpireLib","Halation","Hermit","Hubris","Minty Spire (QoL Compilation)","Rare Cards Sparkle","Reliquary","Replay The Spire","StSLib","The Blue Laboratory","The Bug Knight","The Construct","The Jungle","everything is the same but u backflip on backflip"],"gold_per_floor":[115,133,33,49,49,49,49,49,74,74,74,44,44,71,71,169,169,109,125,125,125,125,125,125],"floor_reached":23,"language":"ENG","playtime":706,"items_purged":["construct:AttackMode"],"score":251,"play_id":"397de7e7-76e0-4597-9a6f-ec45694d6ccf","local_time":"20210213090424","is_ascension_mode":true,"campfire_choices":[{"data":"construct:ForceCore","floor":6,"key":"SMITH"},{"data":"construct:ForceCore+1","floor":8,"key":"SMITH"},{"data":"construct:Autoturret","floor":10,"key":"SMITH"},{"data":"construct:Autoturret+1","floor":13,"key":"SMITH"},{"data":"construct:DefenseMode","floor":15,"key":"SMITH"}],"circlet_count":0,"master_deck":["construct:Strike_Gold","construct:Strike_Gold","construct:Strike_Gold","construct:Strike_Gold","construct:Defend_Gold","construct:Defend_Gold","construct:Defend_Gold","construct:Defend_Gold","construct:Defend_Gold","construct:DefenseMode+1","conspire:Banana","construct:ForceCore+2","construct:Autoturret+2","construct:SpinDrive"],"relics":["construct:ClockworkPhoenix","Bronze Scales","energizedSpire:NeverEndingSparkler","halation:PinkSoulGem"],"acts_visited":["Exordium","TheCity"],"potions_floor_usage":[13023,23],"damage_taken":[{"damage":9,"enemies":"Cultist","floor":1,"turns":5},{"damage":3,"enemies":"conspire:RoseBush","floor":2,"turns":7},{"damage":3,"enemies":"2 Louse","floor":4,"turns":3},{"damage":0,"enemies":"Looter","floor":12,"turns":4},{"damage":29,"enemies":"The Guardian","floor":16,"turns":9},{"damage":21,"enemies":"2 Thieves","floor":18,"turns":4},{"damage":10,"enemies":"Chosen","floor":19,"turns":5},{"damage":51,"enemies":"Gremlin Leader","floor":23,"turns":2}],"seed_played":"-7994113441090658682","potions_obtained":[],"is_trial":false,"path_per_floor":["M","M","$","M","$","R","?","R","T","R","?","M","R","T","R","B",null,"M","M","$","?","?","E"],"character_chosen":"THE_CONSTRUCT_MOD","items_purchased":["construct:Autoturret"],"campfire_rested":0,"item_purchase_floors":[3],"current_hp_per_floor":[69,67,67,65,65,65,58,58,58,58,58,59,59,59,59,31,75,55,46,46,24,24,0,0],"gold":125,"neow_bonus":"RANDOM_COLORLESS","is_daily":false,"chose_seed":false,"campfire_upgraded":5,"win_rate":0.0,"timestamp":1613199864,"path_taken":["M","M","$","M","?","R","?","R","T","R","?","M","R","?","R","BOSS","M","M","$","?","?","E"],"items_purchased_type":["Card"],"build_version":"2020-12-22","purchased_purges":1,"victory":false,"max_hp_per_floor":[86,87,87,88,88,88,88,88,88,88,88,89,89,89,89,90,90,91,92,92,92,92,93,93],"card_choices":[{"not_picked":["Purity","Swift Strike"],"picked":"conspire:Banana","floor":0},{"not_picked":["construct:Overcharge","construct:Chainstrike","construct:SyphonStrike"],"picked":"SKIP","floor":1},{"not_picked":["construct:SweepLaser","construct:ChargeShot"],"picked":"construct:ForceCore","floor":2},{"not_picked":["construct:Forcefield","construct:QuickAttack","construct:Anticipate"],"picked":"SKIP","floor":4},{"not_picked":["construct:HeavyBolt","construct:ShiftStrike","construct:Versatility"],"picked":"SKIP","floor":12},{"not_picked":["construct:Reserves","construct:Multistage"],"picked":"construct:SpinDrive","floor":16},{"not_picked":["construct:Hazardproof","construct:Versatility+1","construct:FocusedBeam+1"],"picked":"SKIP","floor":18},{"not_picked":["construct:ScrapCannon","construct:Boost","construct:Versatility"],"picked":"SKIP","floor":19}],"player_experience":729877,"relics_obtained":[{"floor":9,"key":"Bronze Scales"}],"event_choices":[{"cards_removed":["construct:Strike_Gold"],"damage_healed":0,"gold_gain":0,"player_choice":"Card Removal","damage_taken":7,"max_hp_gain":0,"max_hp_loss":0,"event_name":"Golden Wing","floor":7,"gold_loss":0},{"damage_healed":0,"gold_gain":0,"player_choice":" Potion ","damage_taken":22,"relics_obtained":[],"max_hp_gain":46,"max_hp_loss":24,"event_name":"betterAltar:BetterAltar","floor":21,"potions_obtained":["betterAltar:AltarPotion"],"relics_lost":[],"gold_loss":0}],"is_beta":false,"boss_relics":[{"not_picked":["hubris:HollowSoul","construct:ClawGrip"],"picked":"energizedSpire:NeverEndingSparkler"}],"items_purged_floors":[3],"is_endless":false,"potions_floor_spawned":[4,16],"killed_by":"Gremlin Leader","ascension_level":9}}