{"host":"kh6fvhxn285ncg0o","time":1613187165,"event":{"mods":["Act Like it!","BaseMod","Colored Map","Friendly Minions","Keyboard Shortcuts","Minty Spire (QoL Compilation)","Quick Restart","Relic Stats","StSLib","SuperFastMode","UnlockEverythingMod"],"gold_per_floor":[115,115,40,61,61,61,102,122,203,241,241,260,283,322,322,416,416,437,437,453,463,463,497,523,523,523,1243,1263,1298,1329,1357,1357,1431,1431,1445,1461,620,920,932,960,972,984,1021,1048,1089,1454,1490,1536,1548,1560,1572,1584,1596,666,700,700],"floor_reached":57,"language":"KOR","playtime":1816,"items_purged":["Strike_R","Strike_R"],"score":3347,"play_id":"c4d2cace-5e4b-4101-8143-522547979827","local_time":"20210213123245","is_ascension_mode":true,"campfire_choices":[{"data":"Bash","floor":6.0,"key":"SMITH"},{"data":"Flame Barrier","floor":11.0,"key":"SMITH"},{"data":"Blood for Blood","floor":15,"key":"SMITH"},{"data":"Demon Form","floor":25,"key":"SMITH"},{"floor":32,"key":"RECALL"},{"data":"Disarm","floor":49,"key":"SMITH"},{"data":"Shrug It Off","floor":53,"key":"SMITH"}],"circlet_count":0,"master_deck":["AscendersBane","Strike_R","Strike_R","Defend_R","Defend_R","Defend_R","Defend_R","Bash+1","Flame Barrier+1","Clothesline+1","Dark Embrace","Blood for Blood+1","Reaper","Demon Form+1","Shrug It Off+1","Carnage","Heavy Blade+1","Fiend Fire","Demon Form+1","Master of Strategy","Disarm+1","Feel No Pain+1","Dual Wield","Master of Strategy"],"relics":["Snecko Eye","Bloody Idol","Smiling Mask","Paper Frog","HornCleat","Mango","Mark of Pain","WingedGreaves","Gremlin Horn","Potion Belt","Red Mask","Toy Ornithopter","Coffee Dripper","Calipers","DollysMirror","InkBottle","MawBank","Art of War","Old Coin","Boot","Eternal Feather","FossilizedHelix","Ornamental Fan","Bag of Preparation"],"acts_visited":["Exordium","TheCity","TheBeyond","TheEnding"],"potions_floor_usage":[23,29,31,44,56,56,56,56],"damage_taken":[{"damage":7.0,"enemies":"Jaw Worm","floor":1.0,"turns":2.0},{"damage":0.0,"enemies":"2 Louse","floor":4.0,"turns":3.0},{"damage":0.0,"enemies":"Lagavulin","floor":7.0,"turns":4.0},{"damage":0.0,"enemies":"Small Slimes","floor":8.0,"turns":3.0},{"damage":5.0,"enemies":"3 Sentries","floor":10.0,"turns":9.0},{"damage":0.0,"enemies":"Exordium Wildlife","floor":12.0,"turns":4.0},{"damage":3.0,"enemies":"Looter","floor":13.0,"turns":2.0},{"damage":0.0,"enemies":"Gremlin Nob","floor":14.0,"turns":3.0},{"damage":0,"enemies":"The Guardian","floor":16,"turns":8},{"damage":0,"enemies":"Chosen","floor":18,"turns":3},{"damage":0,"enemies":"3 Byrds","floor":20,"turns":2},{"damage":28,"enemies":"Sentry and Sphere","floor":21,"turns":6},{"damage":0,"enemies":"Gremlin Leader","floor":23,"turns":7},{"damage":22,"enemies":"Book of Stabbing","floor":24,"turns":5},{"damage":0,"enemies":"Centurion and Healer","floor":28,"turns":4},{"damage":0,"enemies":"Gremlin Leader","floor":29,"turns":6},{"damage":0,"enemies":"Masked Bandits","floor":30,"turns":3},{"damage":0,"enemies":"Slavers","floor":31,"turns":3},{"damage":16,"enemies":"Champ","floor":33,"turns":7},{"damage":21,"enemies":"3 Darklings","floor":35,"turns":5},{"damage":7,"enemies":"Orb Walker","floor":36,"turns":3},{"damage":5,"enemies":"Writhing Mass","floor":39,"turns":3},{"damage":59,"enemies":"Reptomancer","floor":40,"turns":4},{"damage":6,"enemies":"Transient","floor":44,"turns":5},{"damage":0,"enemies":"Nemesis","floor":45,"turns":3},{"damage":40,"enemies":"2 Orb Walkers","floor":46,"turns":4},{"damage":29,"enemies":"Reptomancer","floor":48,"turns":4},{"damage":78,"enemies":"Awakened One","floor":50,"turns":9},{"damage":41,"enemies":"Donu and Deca","floor":51,"turns":9},{"damage":6,"enemies":"Shield and Spear","floor":55,"turns":4},{"damage":26,"enemies":"The Heart","floor":56,"turns":8}],"seed_played":"-5768568330728695461","potions_obtained":[{"floor":7.0,"key":"SkillPotion"},{"floor":8.0,"key":"SteroidPotion"},{"floor":14,"key":"FearPotion"},{"floor":16,"key":"Strength Potion"},{"floor":21,"key":"LiquidMemories"},{"floor":24,"key":"SneckoOil"},{"floor":29,"key":"Explosive Potion"},{"floor":30,"key":"Dexterity Potion"},{"floor":36,"key":"DuplicationPotion"},{"floor":44,"key":"PowerPotion"}],"is_trial":false,"path_per_floor":["M","?","?","M","?","R","E","M","T","E","R","M","M","E","R","B",null,"M","?","M","M","?","E","E","R","T","?","M","E","?","E","R","B",null,"M","M","$","?","M","E","?","$","T","M","E","?","T","E","R","B","B",null,"R","$","E","B",null],"character_chosen":"IRONCLAD","items_purchased":["Calipers","DollysMirror","InkBottle","FossilizedHelix","Dual Wield","Ornamental Fan","Master of Strategy"],"campfire_rested":0,"item_purchase_floors":[37,37,37,54,54,54,54],"current_hp_per_floor":[61,61,61,61,61,61,61,61,61,56,56,56,53,67,67,74,80,80,80,82,69,69,82,73,73,73,25,49,71,82,82,82,82,82,82,80,80,82,82,28,23,28,38,80,82,69,79,82,82,79,82,82,82,82,82,61],"gold":700,"neow_bonus":"BOSS_RELIC","is_daily":false,"chose_seed":false,"campfire_upgraded":6,"win_rate":0.0,"timestamp":1613187165,"path_taken":["M","?","?","M","?","R","E","M","T","E","R","M","?","E","R","BOSS","M","?","M","M","?","E","E","R","T","?","?","E","?","E","R","BOSS","M","M","$","?","?","E","?","?","T","?","E","?","?","E","R","BOSS","BOSS","R","$","E","BOSS"],"items_purchased_type":["Relic","Relic","Relic","Relic","Card","Relic","Card"],"build_version":"2020-12-22","purchased_purges":2,"victory":true,"max_hp_per_floor":[75,68,68,68,68,68,68,68,68,68,68,68,68,82,82,82,82,82,82,82,82,82,82,82,82,82,82,82,82,82,82,82,82,82,82,82,82,82,82,82,82,82,82,82,82,82,82,82,82,82,82,82,82,82,82,82],"relic_stats":{"Gremlin Horn":[29,29],"counters":[31,145],"Eternal Feather":0,"Bag of Preparation":[2],"Smiling Mask":75,"MawBank":168,"Boot":[5],"Ornamental Fan":[16],"Bloody Idol":144,"Snecko Eye":[252,254,266,259],"Art of War":[9],"obtain_stats":[{"Calipers":37,"Gremlin Horn":24,"Mango":14,"Bag of Preparation":55,"Smiling Mask":7,"Boot":47,"Burning Blood":0,"Old Coin":46,"HornCleat":10,"DollysMirror":37,"WingedGreaves":23,"Red Mask":30,"InkBottle":37,"Paper Frog":9,"Potion Belt":26,"Golden Idol":2,"Eternal Feather":48,"MawBank":40,"Ornamental Fan":54,"Bloody Idol":19,"Snecko Eye":0,"Mark of Pain":17,"Coffee Dripper":34,"Art of War":45,"Toy Ornithopter":31,"FossilizedHelix":54},{"Calipers":21,"Gremlin Horn":14,"Mango":8,"Bag of Preparation":30,"Smiling Mask":3,"Boot":26,"Burning Blood":0,"Old Coin":26,"HornCleat":5,"DollysMirror":21,"WingedGreaves":13,"Red Mask":17,"InkBottle":21,"Paper Frog":4,"Potion Belt":14,"Golden Idol":1,"Eternal Feather":27,"MawBank":23,"Ornamental Fan":29,"Bloody Idol":10,"Snecko Eye":0,"Mark of Pain":9,"Coffee Dripper":19,"Art of War":25,"Toy Ornithopter":18,"FossilizedHelix":29},{"Calipers":92,"Gremlin Horn":61,"Mango":30,"Bag of Preparation":137,"Smiling Mask":9,"Boot":111,"Burning Blood":0,"Old Coin":111,"HornCleat":21,"DollysMirror":92,"WingedGreaves":56,"Red Mask":74,"InkBottle":92,"Paper Frog":12,"Potion Belt":61,"Golden Idol":2,"Eternal Feather":115,"MawBank":99,"Ornamental Fan":133,"Bloody Idol":41,"Snecko Eye":0,"Mark of Pain":38,"Coffee Dripper":84,"Art of War":107,"Toy Ornithopter":77,"FossilizedHelix":133}],"Toy Ornithopter":10,"InkBottle":[19]},"card_choices":[{"not_picked":["True Grit","Heavy Blade"],"picked":"Flame Barrier","floor":1.0},{"not_picked":["Armaments","Burning Pact"],"picked":"Clothesline","floor":4.0},{"not_picked":["Sever Soul","Body Slam"],"picked":"Dark Embrace","floor":8.0},{"not_picked":["Havoc","Flex","Thunderclap"],"picked":"SKIP","floor":10.0},{"not_picked":["Clothesline","Anger"],"picked":"Blood for Blood","floor":12.0},{"not_picked":["Rage","Spot Weakness"],"picked":"Reaper","floor":14},{"not_picked":["Offering","Double Tap"],"picked":"Demon Form","floor":16},{"not_picked":["Body Slam","Pommel Strike","Warcry"],"picked":"SKIP","floor":18},{"not_picked":["Sentinel","Thunderclap"],"picked":"Shrug It Off","floor":20},{"not_picked":["Cleave","Searing Blow"],"picked":"Carnage","floor":21},{"not_picked":["Flame Barrier","Combust","Reckless Charge"],"picked":"SKIP","floor":23},{"not_picked":["Heavy Blade+1","Havoc","Cleave"],"picked":"SKIP","floor":24},{"not_picked":["Havoc","Cleave"],"picked":"Heavy Blade+1","floor":24},{"not_picked":["Inflame","Clothesline","Warcry"],"picked":"SKIP","floor":28},{"not_picked":["Body Slam","Ghostly Armor","Cleave"],"picked":"SKIP","floor":29},{"not_picked":["Body Slam","Ghostly Armor","Cleave"],"picked":"SKIP","floor":29},{"not_picked":["Offering","Hemokinesis+1","Warcry"],"picked":"SKIP","floor":31},{"not_picked":["Juggernaut","Double Tap"],"picked":"Fiend Fire","floor":33},{"not_picked":["Cleave","Anger+1","Flex"],"picked":"SKIP","floor":35},{"not_picked":["Wild Strike+1","Flex","Uppercut"],"picked":"SKIP","floor":36},{"not_picked":["Wild Strike","Clash","Havoc"],"picked":"SKIP","floor":39},{"not_picked":["Searing Blow","Hemokinesis+1","Perfected Strike"],"picked":"SKIP","floor":40},{"not_picked":["Secret Weapon","HandOfGreed"],"picked":"Master of Strategy","floor":41},{"not_picked":["True Grit","Iron Wave+1","Clash"],"picked":"SKIP","floor":44},{"not_picked":["Corruption","Spot Weakness","Anger+1"],"picked":"SKIP","floor":45},{"not_picked":["Corruption","Spot Weakness","Anger+1"],"picked":"SKIP","floor":45},{"not_picked":["Anger+1","Perfected Strike"],"picked":"Disarm","floor":46},{"not_picked":["Shrug It Off+1","Infernal Blade"],"picked":"Feel No Pain+1","floor":48},{"not_picked":["Berserk","Warcry","Havoc"],"picked":"SKIP","floor":55}],"player_experience":1379078,"relics_obtained":[{"floor":7.0,"key":"Smiling Mask"},{"floor":9.0,"key":"Paper Frog"},{"floor":10.0,"key":"HornCleat"},{"floor":14,"key":"Mango"},{"floor":23,"key":"WingedGreaves"},{"floor":24,"key":"Gremlin Horn"},{"floor":26,"key":"Potion Belt"},{"floor":30,"key":"Red Mask"},{"floor":31,"key":"Toy Ornithopter"},{"floor":40,"key":"MawBank"},{"floor":45,"key":"Art of War"},{"floor":46,"key":"Old Coin"},{"floor":47,"key":"Boot"},{"floor":48,"key":"Eternal Feather"},{"floor":55,"key":"Bag of Preparation"}],"event_choices":[{"damage_healed":0.0,"max_hp_gain":0.0,"max_hp_loss":7.0,"gold_gain":0.0,"event_name":"Golden Idol","player_choice":"Lose Max HP","floor":2.0,"gold_loss":0.0,"damage_taken":0.0,"relics_obtained":["Golden Idol"]},{"cards_removed":["Strike_R"],"damage_healed":0.0,"max_hp_gain":0.0,"max_hp_loss":0.0,"gold_gain":0.0,"event_name":"The Cleric","player_choice":"Card Removal","floor":3.0,"gold_loss":75.0,"damage_taken":0.0},{"damage_healed":0.0,"max_hp_gain":0.0,"max_hp_loss":0.0,"gold_gain":0.0,"event_name":"Upgrade Shrine","player_choice":"Upgraded","floor":5.0,"gold_loss":0.0,"damage_taken":0.0,"cards_upgraded":["Clothesline"]},{"damage_healed":0,"gold_gain":0,"player_choice":"Gave Idol","damage_taken":0,"relics_obtained":["Bloody Idol"],"max_hp_gain":0,"max_hp_loss":0,"event_name":"Forgotten Altar","floor":19,"relics_lost":["Golden Idol"],"gold_loss":0},{"damage_healed":0,"gold_gain":0,"player_choice":"Ignored","damage_taken":0,"max_hp_gain":0,"max_hp_loss":0,"event_name":"Ghosts","floor":22,"gold_loss":0},{"damage_healed":0,"gold_gain":720,"player_choice":"GOLD GOLD GOLD GOLD GOLD GOLD GOLD GOLD POTION ","damage_taken":88,"max_hp_gain":0,"max_hp_loss":0,"event_name":"Knowing Skull","floor":27,"potions_obtained":["Ancient Potion"],"gold_loss":0,"cards_obtained":[]},{"damage_healed":0,"gold_gain":0,"player_choice":"Fought Bandits","damage_taken":0,"max_hp_gain":0,"max_hp_loss":0,"event_name":"Masked Bandits","floor":30,"gold_loss":0},{"damage_healed":0,"gold_gain":300,"player_choice":"Gold","damage_taken":0,"max_hp_gain":0,"max_hp_loss":0,"event_name":"Wheel of Change","floor":38,"gold_loss":0},{"damage_healed":0,"gold_gain":0,"player_choice":"Memory 3","damage_taken":10,"max_hp_gain":0,"max_hp_loss":0,"event_name":"SensoryStone","floor":41,"gold_loss":0},{"damage_healed":0,"gold_gain":0,"player_choice":"Fight","damage_taken":0,"max_hp_gain":0,"max_hp_loss":0,"event_name":"Mysterious Sphere","floor":46,"gold_loss":0}],"is_beta":false,"boss_relics":[{"not_picked":["Ectoplasm","Philosopher\u0027s Stone"],"picked":"Mark of Pain"},{"not_picked":["Fusion Hammer","Astrolabe"],"picked":"Coffee Dripper"}],"items_purged_floors":[37,54],"is_endless":false,"potions_floor_spawned":[7,8,14,16,21,24,29,30,36,39,44,46,55],"ascension_level":20}}