{"host":"pj7egx7jkoz18hom","time":1613218860,"event":{"mods":["AchievementEnabler","BaseMod","Keyboard Shortcuts","Minty Spire (QoL Compilation)","SuperFastMode"],"gold_per_floor":[109,28,48,65,80,107,107,135,135,169,169,182,182,194,194,293,293,306,306,325,99,114,143,161,161,161,161,176,176,91,101,101,198,198,211,222,222,272,284,311,311,341,392,392,62,80,80,99,99,99],"floor_reached":51,"language":"KOR","playtime":1974,"items_purged":["Dualcast","Rebound"],"score":774,"play_id":"f847448e-2455-4a7c-a6e3-610d5f915d3d","local_time":"20210213212100","is_ascension_mode":false,"campfire_choices":[{"data":"Defragment","floor":7,"key":"SMITH"},{"data":"Seek","floor":15,"key":"SMITH"},{"floor":25,"key":"REST"},{"floor":27,"key":"DIG"},{"floor":32,"key":"DIG"},{"floor":41,"key":"DIG"},{"floor":44,"key":"REST"},{"data":"Amplify","floor":49,"key":"SMITH"}],"circlet_count":0,"master_deck":["Strike_B","Strike_B","Defend_B","Defend_B+1","Defend_B","Defend_B","Zap","Ball Lightning","Defragment+1","Cold Snap","Ball Lightning","Seek+1","Glacier","Amplify+1","Conserve Battery+1","Ball Lightning","Electrodynamics","Static Discharge+1","Defragment+1","Cold Snap","Go for the Eyes+1","Lockon","Beam Cell","Cold Snap+1","Capacitor","BootSequence","Force Field","Capacitor+1"],"relics":["Cracked Core","NeowsBlessing","Ornamental Fan","Potion Belt","Pear","WingedGreaves","Empty Cage","MealTicket","War Paint","Shovel","Kunai","Juzu Bracelet","Black Star","CaptainsWheel","Gremlin Horn","Happy Flower","Letter Opener","Boot","Smiling Mask","Bag of Preparation","Strawberry"],"acts_visited":["Exordium","TheCity","TheBeyond"],"potions_floor_usage":[6,8,8,10,16,23,33,36,38,40,42,50,50,50],"damage_taken":[{"damage":0,"enemies":"Cultist","floor":1,"turns":1},{"damage":0,"enemies":"Small Slimes","floor":3,"turns":1},{"damage":0,"enemies":"2 Louse","floor":4,"turns":1},{"damage":16,"enemies":"Exordium Thugs","floor":5,"turns":3},{"damage":16,"enemies":"Lagavulin","floor":6,"turns":5},{"damage":14,"enemies":"3 Sentries","floor":8,"turns":4},{"damage":0,"enemies":"Lagavulin","floor":10,"turns":5},{"damage":7,"enemies":"Gremlin Gang","floor":12,"turns":4},{"damage":1,"enemies":"Exordium Wildlife","floor":14,"turns":5},{"damage":11,"enemies":"The Guardian","floor":16,"turns":9},{"damage":3,"enemies":"Chosen","floor":18,"turns":3},{"damage":10,"enemies":"Spheric Guardian","floor":20,"turns":3},{"damage":10,"enemies":"Cultist and Chosen","floor":22,"turns":3},{"damage":12,"enemies":"Book of Stabbing","floor":23,"turns":4},{"damage":21,"enemies":"Snake Plant","floor":24,"turns":2},{"damage":15,"enemies":"Snecko","floor":28,"turns":3},{"damage":8,"enemies":"Shelled Parasite and Fungi","floor":31,"turns":5},{"damage":8,"enemies":"Collector","floor":33,"turns":5},{"damage":11,"enemies":"3 Darklings","floor":35,"turns":5},{"damage":40,"enemies":"3 Shapes","floor":36,"turns":4},{"damage":15,"enemies":"Mind Bloom Boss Battle","floor":38,"turns":6},{"damage":8,"enemies":"Spire Growth","floor":39,"turns":6},{"damage":39,"enemies":"Nemesis","floor":40,"turns":5},{"damage":59,"enemies":"Giant Head","floor":42,"turns":8},{"damage":8,"enemies":"Jaw Worm Horde","floor":46,"turns":2},{"damage":0,"enemies":"Maw","floor":48,"turns":7},{"damage":13,"enemies":"Time Eater","floor":50,"turns":11}],"seed_played":"-2367457884674807023","potions_obtained":[{"floor":3,"key":"LiquidMemories"},{"floor":4,"key":"DuplicationPotion"},{"floor":6,"key":"PotionOfCapacity"},{"floor":8,"key":"FocusPotion"},{"floor":11,"key":"FairyPotion"},{"floor":11,"key":"Weak Potion"},{"floor":11,"key":"SpeedPotion"},{"floor":18,"key":"SmokeBomb"},{"floor":20,"key":"PotionOfCapacity"},{"floor":23,"key":"Fire Potion"},{"floor":31,"key":"LiquidBronze"},{"floor":33,"key":"FairyPotion"},{"floor":39,"key":"SpeedPotion"},{"floor":40,"key":"Fire Potion"},{"floor":48,"key":"BlessingOfTheForge"}],"is_trial":false,"path_per_floor":["M","$","M","M","M","E","R","E","T","E","?","M","?","M","R","B",null,"M","?","M","$","M","E","M","R","T","R","M","?","$","M","R","B",null,"M","M","?","?","M","E","R","E","T","R","$","M","$","M","R","B",null],"character_chosen":"DEFECT","items_purchased":["Defragment","MealTicket","AttackPotion","Lockon","Force Field","ColorlessPotion","Strawberry"],"campfire_rested":2,"item_purchase_floors":[2,21,30,30,45,45,45],"current_hp_per_floor":[75,75,75,75,59,43,43,29,39,39,39,32,60,59,59,48,85,82,82,72,72,62,50,29,54,54,54,39,39,54,46,46,38,85,74,34,74,59,51,12,12,22,22,44,66,58,73,73,73,60],"gold":99,"neow_bonus":"THREE_ENEMY_KILL","is_daily":false,"chose_seed":false,"campfire_upgraded":3,"win_rate":0.0,"timestamp":1613218860,"path_taken":["M","$","?","?","M","E","R","E","T","E","?","?","?","M","R","BOSS","M","?","M","?","?","E","M","R","T","R","M","?","$","M","R","BOSS","M","M","?","?","M","E","R","E","T","R","$","M","?","M","R","BOSS"],"items_purchased_type":["Card","Relic","Potion","Card","Card","Potion","Relic"],"build_version":"2020-12-22","purchased_purges":2,"victory":true,"max_hp_per_floor":[75,75,75,75,75,75,75,75,85,85,85,85,85,85,85,85,85,85,85,85,85,85,85,85,85,85,85,85,85,85,85,85,85,85,85,85,74,74,74,74,74,74,74,74,81,81,81,81,81,81],"card_choices":[{"not_picked":["Stack","Storm"],"picked":"Ball Lightning","floor":1},{"not_picked":["Undo","Stack"],"picked":"Cold Snap","floor":3},{"not_picked":["Fusion","Turbo"],"picked":"Rebound","floor":4},{"not_picked":["Rip and Tear","Scrape"],"picked":"Ball Lightning","floor":5},{"not_picked":["Rip and Tear","Aggregate"],"picked":"Seek","floor":6},{"not_picked":["Doom and Gloom","Consume"],"picked":"Glacier","floor":8},{"not_picked":["Cold Snap","Genetic Algorithm"],"picked":"Amplify","floor":10},{"not_picked":["Sweeping Beam","Ball Lightning"],"picked":"Conserve Battery","floor":12},{"not_picked":["Turbo","Gash"],"picked":"Ball Lightning","floor":14},{"not_picked":["Rainbow","All For One"],"picked":"Electrodynamics","floor":16},{"not_picked":["Go for the Eyes+1","Darkness"],"picked":"Static Discharge+1","floor":18},{"not_picked":["Stack","Gash"],"picked":"Cold Snap","floor":20},{"not_picked":["Cold Snap","FTL+1","White Noise"],"picked":"SKIP","floor":22},{"not_picked":["Redo","Reprogram+1","Tempest+1"],"picked":"SKIP","floor":23},{"not_picked":["Skim","Stack","Rebound"],"picked":"SKIP","floor":24},{"not_picked":["Static Discharge","Multi-Cast"],"picked":"Go for the Eyes+1","floor":28},{"not_picked":["Coolheaded","Compile Driver"],"picked":"Beam Cell","floor":31},{"not_picked":["Beam Cell","Go for the Eyes","Defragment+1"],"picked":"SKIP","floor":35},{"not_picked":["Beam Cell","Chaos"],"picked":"Cold Snap+1","floor":36},{"not_picked":["Turbo+1","Fusion+1"],"picked":"Capacitor","floor":38},{"not_picked":["Hologram+1","Go for the Eyes+1","Barrage+1"],"picked":"SKIP","floor":39},{"not_picked":["Multi-Cast","Turbo+1","Skim"],"picked":"SKIP","floor":40},{"not_picked":["Go for the Eyes","Rebound+1"],"picked":"BootSequence","floor":42},{"not_picked":["Hologram+1","Stack+1","Heatsinks"],"picked":"SKIP","floor":46},{"not_picked":["Self Repair","Reprogram+1"],"picked":"Capacitor+1","floor":48}],"player_experience":41977,"relics_obtained":[{"floor":6,"key":"Ornamental Fan"},{"floor":8,"key":"Potion Belt"},{"floor":9,"key":"Pear"},{"floor":10,"key":"WingedGreaves"},{"floor":23,"key":"War Paint"},{"floor":26,"key":"Shovel"},{"floor":27,"key":"Kunai"},{"floor":32,"key":"Juzu Bracelet"},{"floor":38,"key":"CaptainsWheel"},{"floor":40,"key":"Gremlin Horn"},{"floor":40,"key":"Happy Flower"},{"floor":41,"key":"Letter Opener"},{"floor":42,"key":"Boot"},{"floor":42,"key":"Smiling Mask"},{"floor":43,"key":"Bag of Preparation"}],"event_choices":[{"damage_healed":0,"gold_gain":0,"player_choice":"Got Potions","damage_taken":0,"max_hp_gain":0,"max_hp_loss":0,"event_name":"Lab","floor":11,"gold_loss":0},{"damage_healed":28,"gold_gain":0,"player_choice":"Banana","damage_taken":0,"max_hp_gain":0,"max_hp_loss":0,"event_name":"Big Fish","floor":13,"gold_loss":0},{"damage_healed":0,"gold_gain":0,"player_choice":"Copied","damage_taken":0,"max_hp_gain":0,"max_hp_loss":0,"event_name":"Duplicator","floor":19,"gold_loss":0,"cards_obtained":["Defragment"]},{"damage_healed":0,"gold_gain":0,"player_choice":"Ignored","damage_taken":0,"max_hp_gain":0,"max_hp_loss":0,"event_name":"Ghosts","floor":29,"gold_loss":0},{"damage_healed":74,"gold_gain":0,"player_choice":"Heal","damage_taken":0,"max_hp_gain":0,"max_hp_loss":11,"event_name":"The Moai Head","floor":37,"gold_loss":0},{"damage_healed":0,"gold_gain":0,"player_choice":"Fight","damage_taken":0,"max_hp_gain":0,"max_hp_loss":0,"event_name":"MindBloom","floor":38,"gold_loss":0}],"is_beta":false,"boss_relics":[{"not_picked":["Runic Pyramid","Runic Dome"],"picked":"Empty Cage"},{"not_picked":["Sozu","Fusion Hammer"],"picked":"Black Star"}],"items_purged_floors":[21,45],"is_endless":false,"potions_floor_spawned":[3,4,6,8,18,20,23,31,33,39,40,48],"ascension_level":0}}