{"host":"w8xisjf5mgmfjvmt","time":1613216743,"event":{"mods":["ATMod(°¢èªMod)","BaseMod","BetterRewards","Challenge The Spire","Conspire","Energized Spire","Filter the Spire","Minty Spire (QoL Compilation)","Quarter Circle Forward PUNCH!","Quick Restart","Relic Filter Mod","Relic Stats","Reliquary","Replay The Spire","Say the Spire","Shop Mod","Spicy Shops","StSLib","Thieving Mod","¡¾ÒÅÎï¿¨ÅÆ¡¿REMEMod","óô»ðÖ¸ÄÏ"],"gold_per_floor":[114,114,147,185,202,202,219,254,254,267,267,298,314,354,354,445,445,463,383,383,383,407,448,472,472,523,448,488,401,401,426,426,519,519,543,543,562,1561,1071,1111,1127,1183,1183,876,907,482,526,526,526,859,859,859,859,859,459,72,103,103],"floor_reached":59,"language":"ZHS","playtime":3213,"items_purged":["Strike_R","Normality","Normality","Strike_R","Body Slam","Defend_R","Pot Of Greed","Feed"],"score":3362,"play_id":"7e4993be-b51f-4ae7-8a7a-1c0180e5b2f0","local_time":"20210213194543","is_ascension_mode":true,"campfire_choices":[{"data":"Apotheosis","floor":6.0,"key":"SMITH"},{"data":"Strike_R","floor":15.0,"key":"PURGE"},{"data":"Berserk","floor":25.0,"key":"SMITH"},{"data":"Evolve","floor":32.0,"key":"SMITH"},{"floor":51,"key":"RECALL"}],"circlet_count":0,"master_deck":["AscendersBane","Defend_R+1","Defend_R+1","Defend_R+1","AT_FamilyPortrait","Apotheosis+1","AT_ManFootWork","True Grit","Abandon","Feel No Pain","AT_BodySlamDance","Ghostly Armor","Berserk+1","Evolve+1","Burning Pact+1","REME_ACTH","Power Through","Offering","Offering","Deep Breath","AT_ShrugMaster","Barricade","Pot Of Greed","Pot Of Greed","Berserk","Discovery+1"],"relics":["Burning Blood","REME_ComplimentaryCards","AT_ATBox","ReplayTheSpireMod:Shallot","Omamori","HornCleat","reliquary:Crutches","Nunchaku","energizedSpire:RedRose","ReplayTheSpireMod:Ring of Collecting","reliquary:FeatherDuster","Regal Pillow","Ring of Misfortune","Simple Rune","Replay:Grab Bag","Runic Dome","Busted Crown","Black Star","Toolbox","Juzu Bracelet","Charon\u0027s Ashes","ReplayTheSpireMod:Ninjato","Grinning Jar","War Paint","conspire:Flyswatter","Mummified Hand","Toxic Egg 2","qcfpunch:Wrestler\u0027s_Cloak","Membership Card","ClockworkSouvenir","reliquary:IridiumChain","Bag of Preparation","Whetstone"],"acts_visited":["Exordium","TheCity","TheBeyond","TheEnding"],"potions_floor_usage":[58],"damage_taken":[{"damage":0.0,"enemies":"Cultist","floor":1.0,"turns":3.0},{"damage":12.0,"enemies":"2 Louse","floor":3.0,"turns":5.0},{"damage":22.0,"enemies":"conspire:MimicChest","floor":4.0,"turns":8.0},{"damage":8.0,"enemies":"Small Slimes","floor":5.0,"turns":6.0},{"damage":5.0,"enemies":"3 Louse","floor":7.0,"turns":5.0},{"damage":9.0,"enemies":"Gremlin Nob","floor":8.0,"turns":4.0},{"damage":0.0,"enemies":"Exordium Wildlife","floor":10.0,"turns":3.0},{"damage":0.0,"enemies":"Lagavulin","floor":12.0,"turns":5.0},{"damage":0.0,"enemies":"2 Fungi Beasts","floor":13.0,"turns":4.0},{"damage":24.0,"enemies":"Gremlin Nob","floor":14.0,"turns":4.0},{"damage":10.0,"enemies":"Hexaghost","floor":16.0,"turns":9.0},{"damage":1.0,"enemies":"Shell Parasite","floor":18.0,"turns":6.0},{"damage":0.0,"enemies":"Spheric Guardian","floor":22.0,"turns":3.0},{"damage":8.0,"enemies":"Book of Stabbing","floor":23.0,"turns":4.0},{"damage":18.0,"enemies":"Cultist and Chosen","floor":24.0,"turns":8.0},{"damage":8.0,"enemies":"Slavers","floor":28.0,"turns":7.0},{"damage":7.0,"enemies":"3 Cultists","floor":31.0,"turns":3.0},{"damage":9.0,"enemies":"conspire:MysteriousRune","floor":33.0,"turns":5.0},{"damage":6,"enemies":"Orb Walker","floor":35,"turns":4},{"damage":9,"enemies":"3 Shapes","floor":37,"turns":2},{"damage":14,"enemies":"R_Hoarder","floor":40,"turns":7},{"damage":12,"enemies":"3 Darklings","floor":41,"turns":4},{"damage":3,"enemies":"2 Orb Walkers","floor":42,"turns":4},{"damage":15,"enemies":"Reptomancer","floor":45,"turns":2},{"damage":6,"enemies":"Giant Head","floor":47,"turns":4},{"damage":7,"enemies":"conspire:OrnateMirror","floor":52,"turns":2},{"damage":4,"enemies":"Awakened One","floor":53,"turns":3},{"damage":1,"enemies":"Shield and Spear","floor":57,"turns":2},{"damage":41,"enemies":"The Heart","floor":58,"turns":6}],"seed_played":"-416034270966952860","potions_obtained":[{"floor":1.0,"key":"SkillPotion"},{"floor":5.0,"key":"SteroidPotion"},{"floor":8.0,"key":"Swift Potion"},{"floor":16.0,"key":"PowerPotion"},{"floor":41,"key":"LiquidMemories"}],"is_trial":false,"path_per_floor":["M","?","M","?","M","R","M","E","T","M","?","E","M","E","R","B",null,"M","?","?","?","M","E","M","R","T","$","E","$","?","M","R","B",null,"M","?","M","?","$","E","M","?","T","R","E","$","E","PTL","PTL","?","R","B","B",null,"R","$","E","B",null],"character_chosen":"IRONCLAD","items_purchased":["Power Through","Toolbox","Deep Breath","Barricade","Grinning Jar","Mummified Hand","Membership Card","Discovery+1","ClockworkSouvenir","reliquary:IridiumChain"],"campfire_rested":0,"item_purchase_floors":[29,39,39,44,44,46,55,55,56,56],"current_hp_per_floor":[78,78,76,60,62,62,67,68,68,78,78,88,98,80,80,76,93,102,102,102,102,105,107,99,99,99,99,101,101,101,104,104,105,120,124,124,125,125,125,121,119,126,126,126,121,121,125,125,125,125,125,128,134,154,154,154,159,124],"gold":103,"neow_bonus":"ONE_RANDOM_RARE_CARD","is_daily":false,"chose_seed":false,"campfire_upgraded":3,"win_rate":0.0,"timestamp":1613216743,"path_taken":["M","?","?","?","M","R","?","E","T","M","?","E","M","E","R","BOSS","M","?","?","?","M","E","M","R","T","$","E","?","?","?","R","BOSS","M","?","M","?","$","E","M","?","T","R","E","$","E","PTL","PTL","?","R","BOSS","BOSS","R","$","E","BOSS"],"items_purchased_type":["Card","Relic","Card","Card","Relic","Relic","Relic","Card","Relic","Relic"],"build_version":"2020-12-22","purchased_purges":8,"victory":true,"max_hp_per_floor":[79,79,83,83,87,87,91,95,95,99,90,94,98,98,98,98,98,102,102,102,102,105,109,113,113,113,113,117,117,117,121,121,125,125,129,129,133,133,133,137,141,145,145,145,149,149,153,153,153,153,153,157,161,161,161,161,161,161],"relic_stats":{"Regal Pillow":0,"counters":[29,132],"Charon\u0027s Ashes":[532],"Juzu Bracelet":0,"Bag of Preparation":[2],"Whetstone":[],"War Paint":["Burning Pact","Defend_R"],"Burning Blood":168,"Nunchaku":[12],"Busted Crown":16,"Mummified Hand":[121],"Black Star":4,"obtain_stats":[{"reliquary:FeatherDuster":21,"Regal Pillow":23,"AT_ATBox":0,"Juzu Bracelet":40,"Bag of Preparation":57,"Whetstone":57,"Burning Blood":0,"ClockworkSouvenir":56,"Nunchaku":14,"HornCleat":9,"Mummified Hand":46,"Toolbox":39,"qcfpunch:Wrestler\u0027s_Cloak":47,"Toxic Egg 2":47,"energizedSpire:RedRose":17,"ReplayTheSpireMod:Ninjato":43,"Golden Idol":11,"Replay:Grab Bag":34,"Charon\u0027s Ashes":42,"Omamori":8,"War Paint":45,"reliquary:IridiumChain":56,"reliquary:Crutches":12,"Runic Dome":34,"Busted Crown":34,"ReplayTheSpireMod:Shallot":4,"ReplayTheSpireMod:Ring of Collecting":20,"Ring of Misfortune":26,"Simple Rune":28,"Black Star":34,"Membership Card":55,"Grinning Jar":44,"REME_ComplimentaryCards":0,"conspire:Flyswatter":45},{"reliquary:FeatherDuster":12,"Regal Pillow":14,"AT_ATBox":0,"Juzu Bracelet":21,"Bag of Preparation":28,"Whetstone":28,"Burning Blood":0,"ClockworkSouvenir":27,"Nunchaku":10,"HornCleat":6,"Mummified Hand":24,"Toolbox":20,"qcfpunch:Wrestler\u0027s_Cloak":25,"Toxic Egg 2":25,"energizedSpire:RedRose":11,"ReplayTheSpireMod:Ninjato":23,"Golden Idol":7,"Replay:Grab Bag":18,"Charon\u0027s Ashes":23,"Omamori":6,"War Paint":24,"reliquary:IridiumChain":27,"reliquary:Crutches":8,"Runic Dome":18,"Busted Crown":18,"ReplayTheSpireMod:Shallot":3,"ReplayTheSpireMod:Ring of Collecting":12,"Ring of Misfortune":15,"Simple Rune":16,"Black Star":18,"Membership Card":27,"Grinning Jar":23,"REME_ComplimentaryCards":0,"conspire:Flyswatter":24},{"reliquary:FeatherDuster":62,"Regal Pillow":69,"AT_ATBox":0,"Juzu Bracelet":105,"Bag of Preparation":126,"Whetstone":126,"Burning Blood":0,"ClockworkSouvenir":124,"Nunchaku":47,"HornCleat":31,"Mummified Hand":115,"Toolbox":98,"qcfpunch:Wrestler\u0027s_Cloak":119,"Toxic Egg 2":119,"energizedSpire:RedRose":56,"ReplayTheSpireMod:Ninjato":113,"Golden Idol":34,"Replay:Grab Bag":92,"Charon\u0027s Ashes":113,"Omamori":31,"War Paint":115,"reliquary:IridiumChain":124,"reliquary:Crutches":39,"Runic Dome":92,"Busted Crown":92,"ReplayTheSpireMod:Shallot":16,"ReplayTheSpireMod:Ring of Collecting":62,"Ring of Misfortune":77,"Simple Rune":84,"Black Star":92,"Membership Card":124,"Grinning Jar":113,"REME_ComplimentaryCards":0,"conspire:Flyswatter":115}]},"card_choices":[{"not_picked":["Headbutt","Dual Wield"],"picked":"AT_ManFootWork","floor":1.0},{"not_picked":["Cleave","Pommel Strike"],"picked":"Body Slam","floor":3.0},{"not_picked":["AT_BodySlamDance","Searing Blow"],"picked":"True Grit","floor":5.0},{"not_picked":["Clash","Sword Boomerang"],"picked":"Abandon","floor":7.0},{"not_picked":["Demon Form","Body Slam"],"picked":"Feel No Pain","floor":8.0},{"not_picked":["Thunderclap","Armaments"],"picked":"AT_BodySlamDance","floor":10.0},{"not_picked":["Feel No Pain","AT_IchimonjiDouble","Iron Wave"],"picked":"SKIP","floor":12.0},{"not_picked":["Clash","Cleave","Iron Wave"],"picked":"SKIP","floor":13.0},{"not_picked":["Cleave","Warcry"],"picked":"Ghostly Armor","floor":14.0},{"not_picked":["Exhume","Fiend Fire"],"picked":"Berserk","floor":16.0},{"not_picked":["Run Through","Havoc"],"picked":"Evolve","floor":18.0},{"not_picked":["Cleave","ReplayTheSpireMod:Limb From Limb","Searing Blow"],"picked":"SKIP","floor":22.0},{"not_picked":["Anger+1","Uppercut","Havoc"],"picked":"SKIP","floor":23.0},{"not_picked":["AT_BodySlamDance","REME_FearOfPain"],"picked":"Burning Pact","floor":24.0},{"not_picked":["Twin Strike","Whirlwind"],"picked":"REME_ACTH","floor":28.0},{"not_picked":["Clothesline","Seeing Red","AT_BodySlamDance+1"],"picked":"SKIP","floor":31.0},{"not_picked":["REME_TheLastStrike","Juggernaut"],"picked":"Offering","floor":33.0},{"not_picked":["Heavy Blade+1"],"picked":"SKIP","floor":35},{"not_picked":["Uppercut"],"picked":"SKIP","floor":37},{"not_picked":["AT_IchimonjiDouble+1"],"picked":"SKIP","floor":40},{"not_picked":[],"picked":"AT_ShrugMaster","floor":41},{"not_picked":[],"picked":"Berserk","floor":45},{"not_picked":["Fire Breathing"],"picked":"SKIP","floor":47},{"not_picked":["Bloodletting+1"],"picked":"SKIP","floor":57}],"player_experience":1360753,"relics_obtained":[{"floor":4.0,"key":"ReplayTheSpireMod:Shallot"},{"floor":8.0,"key":"Omamori"},{"floor":9.0,"key":"HornCleat"},{"floor":12.0,"key":"reliquary:Crutches"},{"floor":14.0,"key":"Nunchaku"},{"floor":20.0,"key":"ReplayTheSpireMod:Ring of Collecting"},{"floor":23.0,"key":"Regal Pillow"},{"floor":26.0,"key":"Ring of Misfortune"},{"floor":28.0,"key":"Simple Rune"},{"floor":40,"key":"Juzu Bracelet"},{"floor":42,"key":"Charon\u0027s Ashes"},{"floor":43,"key":"ReplayTheSpireMod:Ninjato"},{"floor":45,"key":"War Paint"},{"floor":45,"key":"conspire:Flyswatter"},{"floor":47,"key":"Toxic Egg 2"},{"floor":47,"key":"qcfpunch:Wrestler\u0027s_Cloak"},{"floor":57,"key":"Bag of Preparation"},{"floor":57,"key":"Whetstone"}],"event_choices":[{"cards_removed":["Strike_R"],"damage_healed":0.0,"max_hp_gain":0.0,"max_hp_loss":0.0,"gold_gain":0.0,"event_name":"Purifier","player_choice":"Purged","floor":2.0,"gold_loss":0.0,"damage_taken":0.0},{"damage_healed":0.0,"max_hp_gain":0.0,"max_hp_loss":9.0,"gold_gain":0.0,"event_name":"Golden Idol","player_choice":"Lose Max HP","floor":11.0,"gold_loss":0.0,"damage_taken":0.0,"relics_obtained":["Golden Idol"]},{"damage_healed":0.0,"max_hp_gain":0.0,"max_hp_loss":0.0,"gold_gain":0.0,"event_name":"The Mausoleum","player_choice":"Opened","floor":21.0,"gold_loss":0.0,"damage_taken":0.0,"relics_obtained":["reliquary:FeatherDuster"],"cards_obtained":["Writhe"]},{"damage_healed":0.0,"max_hp_gain":0.0,"max_hp_loss":0.0,"gold_gain":0.0,"event_name":"Match and Keep!","player_choice":"1 cards matched","floor":30.0,"gold_loss":0.0,"damage_taken":0.0,"cards_obtained":["Offering"]},{"cards_removed":["Strike_R"],"damage_healed":0,"gold_gain":0,"player_choice":"Removed Attack","damage_taken":0,"max_hp_gain":0,"max_hp_loss":0,"event_name":"Falling","floor":36,"gold_loss":0},{"damage_healed":0,"gold_gain":999,"player_choice":"Gold","damage_taken":0,"max_hp_gain":0,"max_hp_loss":0,"event_name":"MindBloom","floor":38,"gold_loss":0,"cards_obtained":["Normality","Normality"]},{"damage_healed":0,"gold_gain":0,"player_choice":"Fight","damage_taken":0,"max_hp_gain":0,"max_hp_loss":0,"event_name":"Mysterious Sphere","floor":42,"gold_loss":0},{"damage_healed":0,"gold_gain":333,"player_choice":"Gave Idol","damage_taken":0,"max_hp_gain":0,"max_hp_loss":0,"event_name":"The Moai Head","floor":50,"relics_lost":["Golden Idol"],"gold_loss":0}],"is_beta":false,"boss_relics":[{"not_picked":["Pandora\u0027s Box","AT_MortalBlade"],"picked":"energizedSpire:RedRose"},{"not_picked":["Calling Bell","conspire:RoyalGoblet"],"picked":"Replay:Grab Bag"},{"not_picked":["energizedSpire:OgreHead","Velvet Choker"],"picked":"Runic Dome"},{"not_picked":["energizedSpire:EnergizedDie","Cursed Key"],"picked":"Busted Crown"},{"not_picked":["Snecko Heart","Snecko Eye"],"picked":"Black Star"}],"items_purged_floors":[27,39,39,46,55,55,56,56],"is_endless":false,"potions_floor_spawned":[1,5,8,10,16,18,24,28,33,35,41,45],"ascension_level":20}}