{"host":"49pjgf1q9ev52n8z","time":1613185034,"event":{"mods":["BaseMod","Bestiary","Colored Map","Keyboard Shortcuts","Minty Spire (QoL Compilation)","Practice Mode","Relic Stats","StSLib"],"gold_per_floor":[218,238,31,306,317,352,352,13,13,23,23,54,54,71,71,174,174,194,194,109,125,125,125,125,125],"floor_reached":24,"language":"ENG","playtime":1140,"items_purged":["Regret"],"score":255,"play_id":"ab3d0193-0f6f-4a28-bf15-b83d81fc56ab","local_time":"20210212185714","is_ascension_mode":true,"campfire_choices":[{"data":"Machine Learning","floor":7,"key":"SMITH"},{"data":"Defragment","floor":11,"key":"SMITH"},{"floor":15,"key":"REST"},{"floor":23,"key":"REST"}],"circlet_count":0,"master_deck":["Strike_B","Strike_B","Strike_B","Strike_B+1","Defend_B","Defend_B","Defend_B","Defend_B","Zap","Dualcast+1","Barrage+1","Ball Lightning","Leap","Static Discharge","Streamline","Tempest+1","Machine Learning+1","Defragment+1","Hello World","Defragment","Creative AI","Hologram","Rebound","Compile Driver+1"],"relics":["Cracked Core","Ice Cream","Membership Card","Bird Faced Urn","Ornamental Fan","War Paint","SlaversCollar","Prayer Wheel"],"acts_visited":["Exordium","TheCity"],"potions_floor_usage":[6,12,14,16,24],"damage_taken":[{"damage":0,"enemies":"Small Slimes","floor":1,"turns":3},{"damage":6,"enemies":"Cultist","floor":2,"turns":3},{"damage":5,"enemies":"Jaw Worm","floor":5,"turns":3},{"damage":12,"enemies":"3 Sentries","floor":6,"turns":3},{"damage":0,"enemies":"Large Slime","floor":10,"turns":4},{"damage":18,"enemies":"Gremlin Nob","floor":12,"turns":3},{"damage":3,"enemies":"Blue Slaver","floor":14,"turns":3},{"damage":28,"enemies":"Slime Boss","floor":16,"turns":5},{"damage":28,"enemies":"Shell Parasite","floor":18,"turns":5},{"damage":31,"enemies":"Chosen","floor":21,"turns":5},{"damage":35,"enemies":"Book of Stabbing","floor":24,"turns":4}],"seed_played":"-105823234836683308","potions_obtained":[{"floor":1,"key":"AttackPotion"},{"floor":6,"key":"EntropicBrew"},{"floor":10,"key":"BlessingOfTheForge"}],"is_trial":false,"path_per_floor":["M","M","$","?","M","E","R","$","T","M","R","E","?","M","R","B",null,"M","?","?","M","?","R","E"],"character_chosen":"DEFECT","items_purchased":["Leap","Static Discharge","Streamline","Explosive Potion","Membership Card","Bird Faced Urn"],"campfire_rested":2,"item_purchase_floors":[3,3,3,3,8,8],"current_hp_per_floor":[75,69,69,69,64,52,52,52,52,56,56,42,27,30,52,30,64,44,30,30,11,2,26,0,0],"gold":125,"neow_bonus":"HUNDRED_GOLD","is_daily":false,"chose_seed":false,"campfire_upgraded":2,"win_rate":0.0,"timestamp":1613185034,"path_taken":["M","M","$","?","?","E","R","$","T","M","R","E","?","M","R","BOSS","M","?","?","?","?","R","E"],"items_purchased_type":["Card","Card","Card","Potion","Relic","Relic"],"build_version":"2020-12-22","purchased_purges":1,"victory":false,"max_hp_per_floor":[75,75,75,75,75,75,75,75,75,75,75,75,75,75,75,75,75,75,80,80,80,80,80,80,80],"relic_stats":{"counters":[11,41],"Ornamental Fan":[4],"Bird Faced Urn":[48],"Prayer Wheel":1,"War Paint":["Dualcast","Tempest"],"obtain_stats":[{"Ice Cream":6,"SlaversCollar":17,"Ornamental Fan":9,"Bird Faced Urn":8,"Prayer Wheel":20,"Membership Card":8,"War Paint":12,"Cracked Core":0},{"Ice Cream":4,"SlaversCollar":8,"Ornamental Fan":4,"Bird Faced Urn":4,"Prayer Wheel":9,"Membership Card":4,"War Paint":6,"Cracked Core":0},{"Ice Cream":12,"SlaversCollar":27,"Ornamental Fan":12,"Bird Faced Urn":12,"Prayer Wheel":32,"Membership Card":12,"War Paint":19,"Cracked Core":0}]},"card_choices":[{"not_picked":["Sunder","Heatsinks"],"picked":"Barrage","floor":1},{"not_picked":["Coolheaded","Recycle"],"picked":"Ball Lightning","floor":2},{"not_picked":["Steam","Go for the Eyes"],"picked":"Tempest","floor":5},{"not_picked":["Lockon","Chaos"],"picked":"Machine Learning","floor":6},{"not_picked":["Beam Cell","Undo"],"picked":"Defragment","floor":10},{"not_picked":["Auto Shields","Gash"],"picked":"Hello World","floor":12},{"not_picked":["Cold Snap","Steam"],"picked":"Defragment","floor":14},{"not_picked":["Meteor Strike","Rainbow"],"picked":"Creative AI","floor":16},{"not_picked":["Reprogram","Loop"],"picked":"Hologram","floor":18},{"not_picked":["Go for the Eyes","Gash+1"],"picked":"Rebound","floor":21},{"not_picked":["Coolheaded","Lockon"],"picked":"Compile Driver+1","floor":21}],"player_experience":816066,"relics_obtained":[{"floor":6,"key":"Ice Cream"},{"floor":9,"key":"Ornamental Fan"},{"floor":12,"key":"War Paint"}],"event_choices":[{"damage_healed":0,"gold_gain":275,"player_choice":"Desecrate","damage_taken":0,"max_hp_gain":0,"max_hp_loss":0,"event_name":"Golden Shrine","floor":4,"gold_loss":0,"cards_obtained":["Regret"]},{"damage_healed":0,"gold_gain":0,"player_choice":"Entered Light","damage_taken":15,"max_hp_gain":0,"max_hp_loss":0,"event_name":"Shining Light","floor":13,"gold_loss":0,"cards_upgraded":["Strike_B","Barrage"]},{"damage_healed":0,"gold_gain":0,"player_choice":"Shed Blood","damage_taken":19,"max_hp_gain":5,"max_hp_loss":0,"event_name":"Forgotten Altar","floor":19,"gold_loss":0},{"damage_healed":0,"gold_gain":0,"player_choice":"Obtained Relic","damage_taken":0,"relics_obtained":["Prayer Wheel"],"max_hp_gain":0,"max_hp_loss":0,"event_name":"Addict","floor":20,"gold_loss":85},{"damage_healed":0,"gold_gain":0,"player_choice":"Stopped","damage_taken":9,"max_hp_gain":0,"max_hp_loss":0,"event_name":"Cursed Tome","floor":22,"gold_loss":0}],"is_beta":false,"boss_relics":[{"not_picked":["Velvet Choker","Inserter"],"picked":"SlaversCollar"}],"items_purged_floors":[8],"is_endless":false,"potions_floor_spawned":[1,6,10,16,21],"killed_by":"Book of Stabbing","ascension_level":5}}