{"host":"Bilverbakes","time":1613179858,"event":{"mods":["2.2 Compatiblity","AchievementEnabler","BaseMod","Bestiary","Colored Map","Minty Spire (QoL Compilation)","Relic Stats","StSLib","ojb\u0027s Info Mod"],"gold_per_floor":[110,110,123,137,137,168,168,197,197,197,215,247,322,50,50,126,126,126,126,126,126,126,126,126,126,126,86,86,86,86,86,86,86,86,86,86,86,86,86,86,86,86,86,86,86,86,86,86,86,86,86,86,86,35,35,35,35],"floor_reached":56,"language":"ENG","playtime":5033,"items_purged":["Strike_P"],"score":2172,"play_id":"4c0595f9-3163-4ecc-848f-9526ad99f061","local_time":"20210212193058","is_ascension_mode":true,"campfire_choices":[{"data":"Wallop","floor":7.0,"key":"SMITH"},{"floor":10.0,"key":"REST"},{"floor":15.0,"key":"REST"},{"data":"Vault","floor":23.0,"key":"SMITH"},{"data":"Worship","floor":29.0,"key":"SMITH"},{"data":"Wallop","floor":32.0,"key":"SMITH"},{"floor":41.0,"key":"RECALL"},{"data":"Devotion","floor":45.0,"key":"SMITH"},{"data":"CutThroughFate","floor":49.0,"key":"SMITH"},{"data":"Ragnarok","floor":53.0,"key":"SMITH"}],"circlet_count":0,"master_deck":["AscendersBane","Strike_P","Strike_P","Defend_P","Defend_P","Defend_P","Eruption","Vigilance","CutThroughFate+1","Wallop+1","Halt","Worship+1","Vault+1","Prostrate+1","Brilliance","ThirdEye+1","DeceiveReality+1","RitualDagger","Devotion+1","Wallop+1","WheelKick","Weave+1","Brilliance","Ragnarok+1","DeceiveReality+1","Ragnarok","WheelKick","CutThroughFate","ThirdEye+1"],"relics":["VioletLotus","Gremlin Horn","White Beast Statue","Question Card","Blood Vial","Damaru","Ectoplasm","Toy Ornithopter","Mummified Hand","HornCleat","Pear","Snecko Eye","Pocketwatch","Regal Pillow","Gambling Chip","Blue Candle","Vajra"],"acts_visited":["Exordium","TheCity","TheBeyond","TheEnding"],"potions_floor_usage":[56,56],"damage_taken":[{"damage":7.0,"enemies":"Small Slimes","floor":1.0,"turns":4.0},{"damage":0.0,"enemies":"Cultist","floor":3.0,"turns":2.0},{"damage":4.0,"enemies":"Jaw Worm","floor":4.0,"turns":3.0},{"damage":15.0,"enemies":"Lagavulin","floor":6.0,"turns":8.0},{"damage":27.0,"enemies":"Gremlin Nob","floor":8.0,"turns":4.0},{"damage":1.0,"enemies":"2 Fungi Beasts","floor":11.0,"turns":3.0},{"damage":12.0,"enemies":"Lagavulin","floor":12.0,"turns":6.0},{"damage":20.0,"enemies":"The Guardian","floor":16.0,"turns":10.0},{"damage":0.0,"enemies":"Spheric Guardian","floor":18.0,"turns":3.0},{"damage":7.0,"enemies":"Shell Parasite","floor":19.0,"turns":3.0},{"damage":17.0,"enemies":"Slavers","floor":24.0,"turns":6.0},{"damage":5.0,"enemies":"Gremlin Leader","floor":28.0,"turns":7.0},{"damage":0.0,"enemies":"Centurion and Healer","floor":30.0,"turns":3.0},{"damage":9.0,"enemies":"Cultist and Chosen","floor":31.0,"turns":5.0},{"damage":40.0,"enemies":"Automaton","floor":33.0,"turns":11.0},{"damage":0.0,"enemies":"3 Darklings","floor":35.0,"turns":3.0},{"damage":0.0,"enemies":"3 Shapes","floor":36.0,"turns":3.0},{"damage":0.0,"enemies":"Spire Growth","floor":38.0,"turns":2.0},{"damage":0.0,"enemies":"Mind Bloom Boss Battle","floor":39.0,"turns":4.0},{"damage":0.0,"enemies":"Giant Head","floor":40.0,"turns":4.0},{"damage":0.0,"enemies":"4 Shapes","floor":42.0,"turns":3.0},{"damage":4.0,"enemies":"Jaw Worm Horde","floor":46.0,"turns":3.0},{"damage":0.0,"enemies":"2 Orb Walkers","floor":47.0,"turns":3.0},{"damage":0.0,"enemies":"Nemesis","floor":48.0,"turns":4.0},{"damage":8.0,"enemies":"Awakened One","floor":50.0,"turns":6.0},{"damage":0.0,"enemies":"Donu and Deca","floor":51.0,"turns":5.0},{"damage":0.0,"enemies":"Shield and Spear","floor":55.0,"turns":4.0},{"damage":89,"enemies":"The Heart","floor":56,"turns":6}],"seed_played":"3182399871521263124","potions_obtained":[{"floor":3.0,"key":"SpeedPotion"},{"floor":8.0,"key":"BlessingOfTheForge"},{"floor":11.0,"key":"ColorlessPotion"},{"floor":12.0,"key":"Ancient Potion"},{"floor":16.0,"key":"SmokeBomb"},{"floor":18.0,"key":"Swift Potion"},{"floor":19.0,"key":"Swift Potion"},{"floor":24.0,"key":"CultistPotion"},{"floor":28.0,"key":"Fire Potion"},{"floor":30.0,"key":"FearPotion"},{"floor":33.0,"key":"LiquidMemories"},{"floor":40.0,"key":"Dexterity Potion"},{"floor":42.0,"key":"AttackPotion"},{"floor":47.0,"key":"Regen Potion"},{"floor":48.0,"key":"GamblersBrew"},{"floor":55.0,"key":"DistilledChaos"}],"is_trial":false,"path_per_floor":["M","?","M","M","?","E","R","E","T","R","M","E","?","$","R","B",null,"M","M","?","?","T","R","E","?","T","$","E","R","M","M","R","B",null,"M","M","?","M","?","E","R","M","T","?","R","M","?","E","R","B","B",null,"R","$","E","B"],"character_chosen":"WATCHER","items_purchased":["Damaru","Prostrate","WheelKick","CutThroughFate"],"campfire_rested":2,"item_purchase_floors":[14,14,27,54],"current_hp_per_floor":[54,54,54,50,50,35,35,8,8,28,27,15,15,15,35,17,55,57,52,52,46,46,46,36,36,36,36,48,48,50,43,43,5,60,62,64,64,66,68,75,75,77,77,77,77,74,78,78,78,75,77,78,78,78,78,0,0],"gold":35,"neow_bonus":"BOSS_RELIC","is_daily":false,"chose_seed":false,"campfire_upgraded":7,"win_rate":0.0,"timestamp":1613179858,"path_taken":["M","?","M","?","?","E","R","E","T","R","M","E","?","$","R","BOSS","M","M","?","?","?","R","E","?","T","$","E","R","?","M","R","BOSS","M","M","?","M","?","E","R","M","T","?","R","?","?","E","R","BOSS","BOSS","R","$","E","BOSS"],"items_purchased_type":["Relic","Card","Card","Card"],"build_version":"2020-12-18","purchased_purges":1,"victory":false,"max_hp_per_floor":[68,68,68,68,68,68,68,68,68,68,68,68,68,68,68,68,68,68,68,68,68,68,68,68,68,68,68,78,78,78,78,78,78,78,78,78,78,78,78,78,78,78,78,78,78,78,78,78,78,78,78,78,78,78,78,78,78],"relic_stats":{"Regal Pillow":0,"Gremlin Horn":[27,27],"counters":[28,128],"Blue Candle":[0],"Question Card":21,"Blood Vial":33,"Mummified Hand":[23],"Gambling Chip":[25],"Snecko Eye":[131,94,105,104],"VioletLotus":[30],"Ectoplasm":523,"obtain_stats":[{"Regal Pillow":40,"Pear":28,"Gremlin Horn":6,"Blue Candle":48,"Damaru":14,"Vajra":55,"Question Card":9,"White Beast Statue":8,"Blood Vial":12,"HornCleat":26,"Mummified Hand":24,"Gambling Chip":47,"Snecko Eye":34,"VioletLotus":0,"Ectoplasm":17,"PureWater":0,"Toy Ornithopter":22,"Pocketwatch":39},{"Regal Pillow":20,"Pear":12,"Gremlin Horn":4,"Blue Candle":24,"Damaru":7,"Vajra":27,"Question Card":5,"White Beast Statue":5,"Blood Vial":7,"HornCleat":11,"Mummified Hand":11,"Gambling Chip":23,"Snecko Eye":15,"VioletLotus":0,"Ectoplasm":8,"PureWater":0,"Toy Ornithopter":10,"Pocketwatch":19},{"Regal Pillow":94,"Pear":59,"Gremlin Horn":17,"Blue Candle":107,"Damaru":30,"Vajra":122,"Question Card":21,"White Beast Statue":21,"Blood Vial":30,"HornCleat":52,"Mummified Hand":52,"Gambling Chip":103,"Snecko Eye":78,"VioletLotus":0,"Ectoplasm":40,"PureWater":0,"Toy Ornithopter":46,"Pocketwatch":90}],"Toy Ornithopter":32,"Pocketwatch":[28]},"card_choices":[{"not_picked":["FlyingSleeves","BowlingBash"],"picked":"CutThroughFate","floor":1.0},{"not_picked":["Protect","Consecrate"],"picked":"CutThroughFate","floor":3.0},{"not_picked":["FlyingSleeves","BowlingBash"],"picked":"Wallop","floor":4.0},{"not_picked":["Alpha","ThirdEye","Collect"],"picked":"SKIP","floor":6.0},{"not_picked":["ThirdEye","CrushJoints","CutThroughFate"],"picked":"SKIP","floor":8.0},{"not_picked":["FlyingSleeves","Ragnarok","PathToVictory"],"picked":"Worship","floor":11.0},{"not_picked":["ClearTheMind","WreathOfFlame","Adaptation"],"picked":"Vault","floor":12.0},{"not_picked":["Blasphemy","Wish","Devotion"],"picked":"Brilliance","floor":16.0},{"not_picked":["Crescendo+1","Consecrate","Adaptation"],"picked":"ThirdEye+1","floor":18.0},{"not_picked":["Weave","JustLucky","SashWhip"],"picked":"DeceiveReality+1","floor":19.0},{"not_picked":["ConjureBlade","FlyingSleeves","Swivel","EmptyBody"],"picked":"SKIP","floor":24.0},{"not_picked":["ThirdEye","Halt","SignatureMove","Perseverance"],"picked":"SKIP","floor":28.0},{"not_picked":["FollowUp","Protect","CrushJoints","FlyingSleeves"],"picked":"SKIP","floor":30.0},{"not_picked":["ClearTheMind","Protect","JustLucky"],"picked":"Weave+1","floor":31.0},{"not_picked":["Wish","MasterReality","DevaForm"],"picked":"Brilliance","floor":33.0},{"not_picked":["Halt+1","BowlingBash","Consecrate","Nirvana"],"picked":"SKIP","floor":35.0},{"not_picked":["Tantrum","ClearTheMind","SashWhip"],"picked":"Ragnarok","floor":36.0},{"not_picked":["Tantrum","BowlingBash","Crescendo"],"picked":"DeceiveReality+1","floor":38.0},{"not_picked":["JustLucky","EmptyFist","DeceiveReality"],"picked":"Ragnarok","floor":40.0},{"not_picked":["CrushJoints","Protect","FlyingSleeves","Evaluate"],"picked":"SKIP","floor":42.0},{"not_picked":["ThirdEye","Weave","Crescendo+1","CutThroughFate"],"picked":"SKIP","floor":46.0},{"not_picked":["ThirdEye","Crescendo+1","Sanctity"],"picked":"WheelKick","floor":48.0},{"not_picked":["EmptyFist","BowlingBash","Protect"],"picked":"ThirdEye+1","floor":55.0}],"player_experience":950775,"relics_obtained":[{"floor":6.0,"key":"Gremlin Horn"},{"floor":8.0,"key":"White Beast Statue"},{"floor":9.0,"key":"Question Card"},{"floor":12.0,"key":"Blood Vial"},{"floor":22.0,"key":"Toy Ornithopter"},{"floor":24.0,"key":"Mummified Hand"},{"floor":26.0,"key":"HornCleat"},{"floor":28.0,"key":"Pear"},{"floor":39.0,"key":"Pocketwatch"},{"floor":40.0,"key":"Regal Pillow"},{"floor":47.0,"key":"Gambling Chip"},{"floor":48.0,"key":"Blue Candle"},{"floor":55.0,"key":"Vajra"}],"event_choices":[{"cards_removed":["Defend_P"],"damage_healed":0.0,"max_hp_gain":0.0,"max_hp_loss":0.0,"gold_gain":0.0,"event_name":"Wheel of Change","player_choice":"Card Removal","floor":2.0,"gold_loss":0.0,"damage_taken":0.0},{"damage_healed":0.0,"max_hp_gain":0.0,"max_hp_loss":0.0,"gold_gain":0.0,"cards_transformed":["Strike_P"],"event_name":"Living Wall","player_choice":"Change","floor":5.0,"gold_loss":0.0,"damage_taken":0.0,"cards_obtained":["Halt"]},{"damage_healed":0.0,"max_hp_gain":0.0,"max_hp_loss":0.0,"gold_gain":75.0,"event_name":"Golden Wing","player_choice":"Gained Gold","floor":13.0,"gold_loss":0.0,"damage_taken":0.0},{"damage_healed":0.0,"max_hp_gain":0.0,"max_hp_loss":0.0,"gold_gain":0.0,"event_name":"Vampires","player_choice":"Ignored","floor":20.0,"gold_loss":0.0,"damage_taken":0.0},{"damage_healed":0.0,"max_hp_gain":0.0,"max_hp_loss":0.0,"gold_gain":0.0,"event_name":"Nest","player_choice":"Joined the Cult","floor":21.0,"gold_loss":0.0,"damage_taken":6.0,"cards_obtained":["RitualDagger"]},{"damage_healed":0.0,"max_hp_gain":0.0,"max_hp_loss":0.0,"gold_gain":0.0,"event_name":"Match and Keep!","player_choice":"2 cards matched","floor":25.0,"gold_loss":0.0,"damage_taken":0.0,"cards_obtained":["Devotion","Wallop"]},{"cards_removed":["CutThroughFate"],"damage_healed":0.0,"max_hp_gain":0.0,"max_hp_loss":0.0,"gold_gain":0.0,"event_name":"Falling","player_choice":"Removed Attack","floor":37.0,"gold_loss":0.0,"damage_taken":0.0},{"damage_healed":0.0,"max_hp_gain":0.0,"max_hp_loss":0.0,"gold_gain":0.0,"event_name":"MindBloom","player_choice":"Fight","floor":39.0,"gold_loss":0.0,"damage_taken":0.0},{"damage_healed":0.0,"max_hp_gain":0.0,"max_hp_loss":0.0,"gold_gain":0.0,"event_name":"Upgrade Shrine","player_choice":"Upgraded","floor":44.0,"gold_loss":0.0,"damage_taken":0.0,"cards_upgraded":["Prostrate"]},{"damage_healed":0.0,"max_hp_gain":0.0,"max_hp_loss":0.0,"gold_gain":0.0,"event_name":"Mysterious Sphere","player_choice":"Fight","floor":47.0,"gold_loss":0.0,"damage_taken":0.0}],"is_beta":true,"boss_relics":[{"not_picked":["Velvet Choker","SlaversCollar"],"picked":"Ectoplasm"},{"not_picked":["Sozu","Philosopher\u0027s Stone"],"picked":"Snecko Eye"}],"items_purged_floors":[14],"is_endless":false,"potions_floor_spawned":[3,8,11,12,16,18,19,24,28,30,31,33,35,36,38,39,40,42,46,47,48,55],"killed_by":"The Heart","ascension_level":20}}