{"host":"lyo9h96uobfb5wm4","time":1613187541,"event":{"mods":["Aspiration","BaseMod","Beaked The Cultist","Colored Powertips","Conspire","DeckTracker","Downfall","Googly Eyes","Highlight Path","Minty Spire (QoL Compilation)","Quick Restart","StSLib","SuperFastMode","The Mystic"],"gold_per_floor":[118,118,118,137,150,176,192,210,236,261,261,277,277,289,289,390,390,402,402,417,417,428,456,406,33,33,48,48,59,59,59],"floor_reached":30,"language":"ENG","playtime":1330,"items_purged":["Pain"],"score":264,"play_id":"f32ecd1a-e9a6-41d0-990d-d6068725fda9","local_time":"20210212213901","is_ascension_mode":false,"campfire_choices":[{"floor":11,"key":"REST"},{"floor":13,"key":"REST"},{"data":"Infinite Blades","floor":15,"key":"SMITH"},{"floor":28,"key":"REST"}],"circlet_count":0,"master_deck":["Strike_G","Strike_G","Strike_G","Strike_G","Strike_G","Defend_G","Defend_G","Defend_G","Defend_G","Defend_G","Neutralize","Infinite Blades+1","Masterful Stab","Quick Slash","Deflect","Deflect","Flying Knee","Infinite Blades","Bouncing Flask","Terror","Footwork","Venomology","Backstab","Writhe","Distraction","conspire:DoublingDagger+1","Crippling Poison","Apotheosis","Infinite Blades"],"relics":["Ring of the Snake","NeowsBlessing","Vajra","Bronze Scales","Blood Vial","conspire:SpecialSausage","aspiration:VileToxins","WarpedTongs","Nunchaku","conspire:DeflatedDodgeball"],"acts_visited":["Exordium","TheCity"],"potions_floor_usage":[16,18,18,22,23,23,23,25,27,29,30,30],"damage_taken":[{"damage":0,"enemies":"2 Louse","floor":1,"turns":1},{"damage":0,"enemies":"Jaw Worm","floor":4,"turns":1},{"damage":2,"enemies":"conspire:RoseBush","floor":5,"turns":1},{"damage":15,"enemies":"Gremlin Nob","floor":6,"turns":4},{"damage":6,"enemies":"Lots of Slimes","floor":7,"turns":5},{"damage":4,"enemies":"2 Fungi Beasts","floor":8,"turns":3},{"damage":18,"enemies":"3 Sentries","floor":10,"turns":6},{"damage":0,"enemies":"Gremlin Gang","floor":12,"turns":4},{"damage":0,"enemies":"Large Slime","floor":14,"turns":4},{"damage":19,"enemies":"The Guardian","floor":16,"turns":7},{"damage":12,"enemies":"Shell Parasite","floor":18,"turns":3},{"damage":6,"enemies":"Chosen","floor":20,"turns":3},{"damage":5,"enemies":"Centurion and Healer","floor":22,"turns":4},{"damage":29,"enemies":"Gremlin Leader","floor":23,"turns":5},{"damage":2,"enemies":"Chosen and Byrds","floor":27,"turns":4},{"damage":21,"enemies":"Snake Plant","floor":29,"turns":3},{"damage":43,"enemies":"Slavers","floor":30,"turns":4}],"seed_played":"-4703983737535021117","potions_obtained":[{"floor":1,"key":"EssenceOfSteel"},{"floor":8,"key":"sneckomod:MuddlingPotion"},{"floor":10,"key":"Slimebound:ThreeZeroPotion"},{"floor":16,"key":"ColorlessPotion"},{"floor":22,"key":"hexamod:SoulburnPotion"},{"floor":23,"key":"bronze:BurnAndBuffPotion"},{"floor":27,"key":"ColorlessPotion"}],"is_trial":false,"path_per_floor":["M","?","$","M","M","E","M","M","T","E","R","M","R","M","R","B",null,"M","?","M","?","M","E","?","$","T","M","R","M","E"],"character_chosen":"THE_SILENT","items_purchased":["Apotheosis","Fruit Juice"],"campfire_rested":3,"item_purchase_floors":[25,25],"current_hp_per_floor":[70,70,70,70,68,53,47,43,43,25,46,48,69,70,70,51,70,58,58,54,54,51,24,24,29,29,29,51,32,0,0],"gold":59,"neow_bonus":"THREE_ENEMY_KILL","is_daily":false,"chose_seed":false,"campfire_upgraded":1,"win_rate":0.0,"timestamp":1613187541,"path_taken":["M","?","?","M","?","E","M","M","T","E","R","M","R","M","R","BOSS","M","?","M","?","?","E","?","$","T","?","R","M","E"],"items_purchased_type":["Card","Potion"],"build_version":"2020-12-22","purchased_purges":1,"victory":false,"max_hp_per_floor":[70,70,70,70,70,70,70,70,70,70,70,70,70,70,70,70,70,70,70,70,70,70,70,70,75,75,75,75,75,75,75],"card_choices":[{"not_picked":["Dodge and Roll","Dash"],"picked":"Infinite Blades","floor":1},{"not_picked":["Well Laid Plans","Prepared"],"picked":"Quick Slash","floor":4},{"not_picked":["Expertise","Flying Knee"],"picked":"Deflect","floor":5},{"not_picked":["Prepared","Tactician"],"picked":"Deflect","floor":6},{"not_picked":["Backflip","Tactician"],"picked":"Flying Knee","floor":7},{"not_picked":["Calculated Gamble","Underhanded Strike"],"picked":"Infinite Blades","floor":8},{"not_picked":["Burst","Dagger Spray"],"picked":"Bouncing Flask","floor":10},{"not_picked":["Escape Plan","Expertise"],"picked":"Terror","floor":12},{"not_picked":["Dagger Throw","Sucker Punch"],"picked":"Footwork","floor":14},{"not_picked":["Tools of the Trade","Adrenaline"],"picked":"Venomology","floor":16},{"not_picked":["Slice","Sucker Punch"],"picked":"Backstab","floor":18},{"not_picked":["Flying Knee","Caltrops"],"picked":"Distraction","floor":20},{"not_picked":["Prepared","Sucker Punch+1"],"picked":"conspire:DoublingDagger+1","floor":22},{"not_picked":["Sucker Punch","Finisher"],"picked":"Crippling Poison","floor":23},{"not_picked":["Heel Hook+1","PiercingWail"],"picked":"Infinite Blades","floor":27},{"not_picked":["Deflect","Slice+1","Doppelganger"],"picked":"SKIP","floor":29}],"player_experience":7761,"relics_obtained":[{"floor":6,"key":"Vajra"},{"floor":9,"key":"Bronze Scales"},{"floor":10,"key":"Blood Vial"},{"floor":23,"key":"Nunchaku"},{"floor":26,"key":"conspire:DeflatedDodgeball"}],"event_choices":[{"damage_healed":0,"gold_gain":0,"cards_transformed":["Survivor"],"player_choice":"Transformed","damage_taken":0,"max_hp_gain":0,"max_hp_loss":0,"event_name":"Transmorgrifier","floor":2,"gold_loss":0,"cards_obtained":["Masterful Stab"]},{"damage_healed":0,"gold_gain":0,"player_choice":"Opened","damage_taken":0,"relics_obtained":["aspiration:VileToxins"],"max_hp_gain":0,"max_hp_loss":0,"event_name":"The Mausoleum","floor":19,"gold_loss":0,"cards_obtained":["Writhe"]},{"damage_healed":0,"gold_gain":0,"player_choice":"Rummage","damage_taken":0,"relics_obtained":["WarpedTongs"],"max_hp_gain":0,"max_hp_loss":0,"event_name":"Accursed Blacksmith","floor":21,"gold_loss":0,"cards_obtained":["Pain"]},{"damage_healed":0,"gold_gain":0,"player_choice":"Bet on Murderer","damage_taken":0,"max_hp_gain":0,"max_hp_loss":0,"event_name":"The Joust","floor":24,"gold_loss":50}],"is_beta":false,"boss_relics":[{"not_picked":["Coffee Dripper","Empty Cage"],"picked":"conspire:SpecialSausage"}],"items_purged_floors":[25],"is_endless":false,"potions_floor_spawned":[1,8,10,16,22,23,27],"killed_by":"Slavers","ascension_level":0}}