{"host":"60cyf05i4togua0d","time":1613186174,"event":{"mods":["BaseMod","Block Reminder","DeckTracker","Minty Spire (QoL Compilation)","Quick Restart","Relic Sorter","StSLib","Together in Spire"],"gold_per_floor":[119,119,138,162,237,237,277,277,277,277,308,308,329,30,30,154,154,154],"floor_reached":17,"language":"ENG","playtime":838,"items_purged":[],"score":163,"play_id":"942f7a3f-506e-4240-8cf3-6cbf5070dfe1","local_time":"20210212211614","is_ascension_mode":false,"campfire_choices":[{"floor":6,"key":"RECALL"},{"data":"Flying Knee","floor":8,"key":"SMITH"},{"data":"Calculated Gamble","floor":10,"key":"SMITH"},{"data":"Noxious Fumes","floor":15,"key":"SMITH"}],"circlet_count":0,"master_deck":["Strike_G","Strike_G","Strike_G","Strike_G","Strike_G","Defend_G","Defend_G","Defend_G","Defend_G","Defend_G","Survivor","Neutralize","Calculated Gamble+1","Noxious Fumes+1","Finisher","Flying Knee+1","Cloak And Dagger","Flying Knee","Dagger Spray","After Image"],"relics":["Ring of the Snake","Omamori","Golden Idol","Pantograph","Boot","Bag of Marbles","Bottled Tornado","Black Star"],"acts_visited":["Exordium","TheCity"],"potions_floor_usage":[],"damage_taken":[{"damage":0,"enemies":"Small Slimes","floor":1,"turns":1},{"damage":0,"enemies":"2 Louse","floor":3,"turns":2},{"damage":0,"enemies":"Cultist","floor":4,"turns":2},{"damage":0,"enemies":"Gremlin Nob","floor":7,"turns":2},{"damage":0,"enemies":"Lagavulin","floor":11,"turns":2},{"damage":0,"enemies":"Large Slime","floor":13,"turns":1},{"damage":0,"enemies":"Slime Boss","floor":16,"turns":4}],"seed_played":"-5994759074225651367","potions_obtained":[{"floor":1,"key":"BlessingOfTheForge"},{"floor":3,"key":"Regen Potion"}],"is_trial":false,"path_per_floor":["M","?","M","M","?","R","E","R","T","R","E","?","M","$","R","B",null],"character_chosen":"THE_SILENT","items_purchased":["Dagger Spray","Bottled Tornado"],"campfire_rested":0,"item_purchase_floors":[14,14],"current_hp_per_floor":[70,70,70,70,59,59,59,59,59,59,59,59,59,59,59,70,70,70],"gold":154,"neow_bonus":"RANDOM_COMMON_RELIC","is_daily":false,"chose_seed":false,"campfire_upgraded":3,"win_rate":0.0,"timestamp":1613186174,"path_taken":["M","?","M","M","?","R","E","R","T","R","E","?","M","?","R","BOSS"],"items_purchased_type":["Card","Relic"],"build_version":"2020-12-22","purchased_purges":0,"victory":false,"max_hp_per_floor":[70,70,70,70,70,70,70,70,70,70,70,70,70,70,70,70,70,70],"card_choices":[{"not_picked":["Footwork","Reflex"],"picked":"Calculated Gamble","floor":1},{"not_picked":["Acrobatics","Bane"],"picked":"Noxious Fumes","floor":3},{"not_picked":["Reflex","Eviscerate"],"picked":"Finisher","floor":4},{"not_picked":["Prepared","Infinite Blades"],"picked":"Flying Knee","floor":7},{"not_picked":["Reflex","Deflect"],"picked":"Cloak And Dagger","floor":11},{"not_picked":["Bane","Sucker Punch"],"picked":"Flying Knee","floor":13},{"not_picked":["Night Terror","Malaise"],"picked":"After Image","floor":16}],"player_experience":45929,"relics_obtained":[{"floor":7,"key":"Pantograph"},{"floor":11,"key":"Boot"}],"event_choices":[{"damage_healed":0,"gold_gain":0,"player_choice":"Take Wound","damage_taken":0,"relics_obtained":["Golden Idol"],"max_hp_gain":0,"max_hp_loss":0,"event_name":"Golden Idol","floor":2,"gold_loss":0,"cards_obtained":["Injury"]},{"damage_healed":0,"gold_gain":75,"player_choice":"Gather Gold","damage_taken":11,"max_hp_gain":0,"max_hp_loss":0,"event_name":"World of Goop","floor":5,"gold_loss":0},{"damage_healed":0,"gold_gain":0,"player_choice":"Box","damage_taken":0,"relics_obtained":["Bag of Marbles"],"max_hp_gain":0,"max_hp_loss":0,"event_name":"Big Fish","floor":12,"gold_loss":0,"cards_obtained":["Regret"]}],"is_beta":false,"boss_relics":[{"not_picked":["HoveringKite","Coffee Dripper"],"picked":"Black Star"}],"items_purged_floors":[],"is_endless":false,"potions_floor_spawned":[1,3],"ascension_level":0}}