{"host":"zsnmfqgcm92hlreo","time":1613178513,"event":{"mods":["AchievementEnabler","BaseMod","Bestiary","Block Reminder","Colored Map","Colored Powertips","Filter the Spire","Minty Spire (QoL Compilation)","Permanent Neow","Quick Restart","Relic Stats","StSLib","Weighted Paths"],"gold_per_floor":[112,112,137,287,303,303,346,346,346,382,382,382,382,140,140,231,231,252,267,286,307,222,222,257,276,276,315,315,50,50,70,70,165,165,184,202,223,237,132,132,132],"floor_reached":40,"language":"ENG","playtime":2028,"items_purged":[],"score":1022,"play_id":"9613eec2-5e61-49bc-a43c-35b8e9556358","local_time":"20210212190833","is_ascension_mode":true,"campfire_choices":[{"data":"Glass Knife","floor":6.0,"key":"SMITH"},{"data":"Wraith Form v2","floor":11.0,"key":"SMITH"},{"data":"Tools of the Trade","floor":13.0,"key":"SMITH"},{"data":"Noxious Fumes","floor":15.0,"key":"SMITH"},{"floor":23.0,"key":"REST"},{"data":"Adrenaline","floor":28.0,"key":"SMITH"},{"data":"Catalyst","floor":32.0,"key":"SMITH"}],"circlet_count":0,"master_deck":["AscendersBane","Survivor","Neutralize","Eviscerate","Reflex","Dash","Blade Dance","Poisoned Stab","Setup","Catalyst+1","Glass Knife+1","Deflect","Wraith Form v2+1","Poisoned Stab","Blade Dance","Tools of the Trade+1","PiercingWail","Noxious Fumes+1","Adrenaline+1","Crippling Poison","Blade Dance","Finisher","Blade Dance","Calculated Gamble","Underhanded Strike","Footwork","Footwork","Backflip","A Thousand Cuts","Deadly Poison","Parasite","Skewer+1","Dodge and Roll+1","Caltrops","Backflip"],"relics":["Pandora\u0027s Box","Golden Idol","HornCleat","Eternal Feather","Bottled Flame","OrangePellets","WristBlade","Gremlin Horn","Meat on the Bone","The Courier","Smiling Mask","Membership Card","Happy Flower","Fusion Hammer","Lantern"],"acts_visited":["Exordium","TheCity","TheBeyond"],"potions_floor_usage":[40],"damage_taken":[{"damage":12.0,"enemies":"Small Slimes","floor":1.0,"turns":2.0},{"damage":0.0,"enemies":"2 Louse","floor":3.0,"turns":2.0},{"damage":0.0,"enemies":"Cultist","floor":5.0,"turns":3.0},{"damage":0.0,"enemies":"Lagavulin","floor":7.0,"turns":5.0},{"damage":14.0,"enemies":"Gremlin Nob","floor":10.0,"turns":4.0},{"damage":28.0,"enemies":"The Guardian","floor":16.0,"turns":8.0},{"damage":22.0,"enemies":"2 Thieves","floor":18.0,"turns":4.0},{"damage":0.0,"enemies":"Chosen","floor":19.0,"turns":3.0},{"damage":0.0,"enemies":"Snecko","floor":20.0,"turns":3.0},{"damage":14.0,"enemies":"Snake Plant","floor":21.0,"turns":3.0},{"damage":0.0,"enemies":"Gremlin Leader","floor":24.0,"turns":4.0},{"damage":20.0,"enemies":"Chosen and Byrds","floor":25.0,"turns":4.0},{"damage":21.0,"enemies":"Slavers","floor":27.0,"turns":4.0},{"damage":1.0,"enemies":"Snecko","floor":31.0,"turns":4.0},{"damage":52.0,"enemies":"Automaton","floor":33.0,"turns":9.0},{"damage":0.0,"enemies":"3 Shapes","floor":35.0,"turns":4.0},{"damage":2.0,"enemies":"Orb Walker","floor":36.0,"turns":3.0},{"damage":29,"enemies":"Writhing Mass","floor":37,"turns":4},{"damage":0,"enemies":"Jaw Worm Horde","floor":38,"turns":3},{"damage":45,"enemies":"Reptomancer","floor":40,"turns":5}],"seed_played":"-239427366170593116","potions_obtained":[{"floor":1.0,"key":"PowerPotion"},{"floor":12.0,"key":"BlessingOfTheForge"},{"floor":12.0,"key":"DuplicationPotion"},{"floor":19.0,"key":"Fire Potion"},{"floor":25.0,"key":"LiquidBronze"},{"floor":37,"key":"Poison Potion"}],"is_trial":false,"path_per_floor":["M","?","M","?","M","R","E","?","T","E","R","?","R","$","R","B",null,"M","M","M","M","?","R","E","M","T","E","R","$","T","M","R","B",null,"M","M","M","M","$","E"],"character_chosen":"THE_SILENT","items_purchased":["Noxious Fumes","OrangePellets","Membership Card","Footwork","Footwork","Happy Flower","Caltrops","Backflip","Lantern"],"campfire_rested":1,"item_purchase_floors":[14,14,29,29,29,29,39,39,39],"current_hp_per_floor":[47,47,47,47,47,47,47,40,40,26,35,35,44,44,53,25,51,29,29,29,15,15,45,45,37,37,28,43,43,43,42,57,17,49,49,47,30,42,42,0,0],"gold":132,"neow_bonus":"BOSS_RELIC","is_daily":false,"chose_seed":false,"campfire_upgraded":6,"win_rate":0.0,"timestamp":1613178513,"path_taken":["M","?","M","?","M","R","E","?","T","E","R","?","R","$","R","BOSS","M","M","?","M","?","R","E","M","T","E","R","$","?","M","R","BOSS","M","M","M","?","?","E"],"items_purchased_type":["Card","Relic","Relic","Card","Card","Relic","Card","Card","Relic"],"build_version":"2020-12-22","purchased_purges":0,"victory":false,"max_hp_per_floor":[66,60,60,60,60,60,60,60,60,60,60,60,60,60,60,60,60,60,60,60,60,60,60,60,60,60,60,60,60,60,60,60,60,60,60,60,60,60,60,60,60],"relic_stats":{"OrangePellets":[6],"Gremlin Horn":[16,16],"Happy Flower":[10],"counters":[20,81],"Golden Idol":118,"Pandora\u0027s Box":["Eviscerate","Reflex","Dash","Blade Dance","Poisoned Stab","Setup","Catalyst","Glass Knife","Deflect","Wraith Form v2"],"Eternal Feather":69,"Smiling Mask":0,"obtain_stats":[{"Lantern":39,"Gremlin Horn":22,"Happy Flower":29,"Golden Idol":2,"Eternal Feather":9,"The Courier":26,"Smiling Mask":27,"OrangePellets":14,"Bottled Flame":10,"HornCleat":7,"WristBlade":17,"Pandora\u0027s Box":0,"Fusion Hammer":34,"Membership Card":29,"Ring of the Snake":0,"Meat on the Bone":24},{"Lantern":19,"Gremlin Horn":10,"Happy Flower":13,"Golden Idol":1,"Eternal Feather":4,"The Courier":12,"Smiling Mask":13,"OrangePellets":5,"Bottled Flame":5,"HornCleat":4,"WristBlade":6,"Pandora\u0027s Box":0,"Fusion Hammer":15,"Membership Card":13,"Ring of the Snake":0,"Meat on the Bone":11},{"Lantern":76,"Gremlin Horn":37,"Happy Flower":49,"Golden Idol":2,"Eternal Feather":12,"The Courier":45,"Smiling Mask":49,"OrangePellets":16,"Bottled Flame":16,"HornCleat":12,"WristBlade":24,"Pandora\u0027s Box":0,"Fusion Hammer":62,"Membership Card":49,"Ring of the Snake":0,"Meat on the Bone":41}],"Meat on the Bone":60},"card_choices":[{"not_picked":["Eviscerate","Acrobatics"],"picked":"Poisoned Stab","floor":1.0},{"not_picked":["Poisoned Stab","Cloak And Dagger"],"picked":"Blade Dance","floor":3.0},{"not_picked":["Poisoned Stab","Blur"],"picked":"Tools of the Trade","floor":5.0},{"not_picked":["Distraction","Poisoned Stab"],"picked":"PiercingWail","floor":7.0},{"not_picked":["Tactician","Bane","Eviscerate"],"picked":"SKIP","floor":10.0},{"not_picked":["Venomology","Die Die Die"],"picked":"Adrenaline","floor":16.0},{"not_picked":["Bane","Dagger Spray"],"picked":"Crippling Poison","floor":18.0},{"not_picked":["Caltrops","Underhanded Strike"],"picked":"Blade Dance","floor":19.0},{"not_picked":["Sucker Punch","Prepared","Tools of the Trade"],"picked":"SKIP","floor":20.0},{"not_picked":["Bane","Poisoned Stab"],"picked":"Finisher","floor":21.0},{"not_picked":["Distraction","Accuracy"],"picked":"Blade Dance","floor":24.0},{"not_picked":["Underhanded Strike","PiercingWail"],"picked":"Calculated Gamble","floor":25.0},{"not_picked":["Terror","Dodge and Roll"],"picked":"Underhanded Strike","floor":27.0},{"not_picked":["Bullet Time","All Out Attack"],"picked":"Backflip","floor":31.0},{"not_picked":["Tools of the Trade","Glass Knife"],"picked":"A Thousand Cuts","floor":33.0},{"not_picked":["Reflex","Bane","Slice"],"picked":"SKIP","floor":35.0},{"not_picked":["Slice","Flying Knee"],"picked":"Deadly Poison","floor":36.0},{"not_picked":["Dagger Spray","Sucker Punch+1"],"picked":"Skewer+1","floor":37},{"not_picked":["Blur","Cloak And Dagger"],"picked":"Dodge and Roll+1","floor":38}],"player_experience":1103661,"relics_obtained":[{"floor":7.0,"key":"HornCleat"},{"floor":9.0,"key":"Eternal Feather"},{"floor":10.0,"key":"Bottled Flame"},{"floor":24.0,"key":"Meat on the Bone"},{"floor":26.0,"key":"The Courier"},{"floor":27.0,"key":"Smiling Mask"}],"event_choices":[{"damage_healed":0.0,"max_hp_gain":0.0,"max_hp_loss":6.0,"gold_gain":0.0,"event_name":"Golden Idol","player_choice":"Lose Max HP","floor":2.0,"gold_loss":0.0,"damage_taken":0.0,"relics_obtained":["Golden Idol"]},{"damage_healed":0.0,"max_hp_gain":0.0,"max_hp_loss":0.0,"gold_gain":150.0,"event_name":"Liars Game","player_choice":"AGREE","floor":4.0,"gold_loss":0.0,"damage_taken":0.0,"cards_obtained":["Doubt"]},{"cards_removed":["Doubt"],"damage_healed":0.0,"max_hp_gain":0.0,"max_hp_loss":0.0,"gold_gain":0.0,"event_name":"Golden Wing","player_choice":"Card Removal","floor":8.0,"gold_loss":0.0,"damage_taken":7.0},{"damage_healed":0.0,"max_hp_gain":0.0,"max_hp_loss":0.0,"gold_gain":0.0,"event_name":"Lab","player_choice":"Got Potions","floor":12.0,"gold_loss":0.0,"damage_taken":0.0},{"damage_healed":0.0,"max_hp_gain":0.0,"max_hp_loss":0.0,"gold_gain":0.0,"event_name":"Addict","player_choice":"Obtained Relic","floor":22.0,"gold_loss":85.0,"damage_taken":0.0,"relics_obtained":["Gremlin Horn"]}],"is_beta":false,"boss_relics":[{"not_picked":["Velvet Choker","Coffee Dripper"],"picked":"WristBlade"},{"not_picked":["SlaversCollar","Tiny House"],"picked":"Fusion Hammer"}],"items_purged_floors":[],"is_endless":false,"potions_floor_spawned":[1,19,20,21,25,37],"killed_by":"Reptomancer","ascension_level":20}}