{"host":"zmnaju399zpax9sm","time":1613203055,"event":{"mods":["BaseMod","Hermit","Minty Spire (QoL Compilation)","StSLib","The Cursed","The Poker Player","The Runesmith"],"gold_per_floor":[119,79,79,98,171,203,203,237,237,265,14,14,25,37,37,134,134,134,134],"floor_reached":18,"language":"KOR","playtime":522,"items_purged":[],"score":263,"play_id":"e5fd005a-8bd5-4dec-ad9e-b4c76d8375cc","local_time":"20210213165735","is_ascension_mode":true,"campfire_choices":[{"data":"1","floor":7.0,"key":"LIFT"},{"data":"2","floor":12.0,"key":"LIFT"},{"floor":15,"key":"REST"}],"circlet_count":0,"master_deck":["hermit:Strike_Hermit","hermit:Strike_Hermit","hermit:Strike_Hermit","hermit:Strike_Hermit","hermit:Defend_Hermit","hermit:Defend_Hermit","hermit:Defend_Hermit","hermit:Defend_Hermit","hermit:Snapshot","hermit:Covet","hermit:CursedWeapon","hermit:GoldenBullet","hermit:ShadowCloak+1","hermit:Grudge+1","hermit:Determination+1","hermit:Purgatory+1"],"relics":["hermit:Momento","NeowsBlessing","Frozen Egg 2","Girya","Molten Egg 2","White Beast Statue","InkBottle","Matryoshka","hermit:DentedPlate"],"acts_visited":["Exordium","TheCity"],"potions_floor_usage":[],"damage_taken":[{"damage":0.0,"enemies":"Small Slimes","floor":1.0,"turns":1.0},{"damage":0.0,"enemies":"Cultist","floor":4.0,"turns":1.0},{"damage":0.0,"enemies":"Gremlin Nob","floor":6.0,"turns":1.0},{"damage":37.0,"enemies":"Lagavulin","floor":8.0,"turns":7.0},{"damage":16.0,"enemies":"Gremlin Nob","floor":10.0,"turns":4.0},{"damage":6.0,"enemies":"Jaw Worm","floor":13.0,"turns":2.0},{"damage":2,"enemies":"Blue Slaver","floor":14,"turns":2},{"damage":35,"enemies":"Slime Boss","floor":16,"turns":10},{"damage":36,"enemies":"Spheric Guardian","floor":18,"turns":1}],"seed_played":"-4043280573665831495","potions_obtained":[{"floor":2.0,"key":"EssenceOfSteel"},{"floor":2.0,"key":"Ancient Potion"},{"floor":2.0,"key":"SpeedPotion"},{"floor":10.0,"key":"EssenceOfSteel"},{"floor":13.0,"key":"SpeedPotion"},{"floor":14,"key":"Dexterity Potion"},{"floor":16,"key":"AttackPotion"}],"is_trial":false,"path_per_floor":["M","?","$","M","T","E","R","E","T","E","$","R","M","M","R","B",null,"M"],"character_chosen":"HERMIT","items_purchased":["Matryoshka"],"campfire_rested":1,"item_purchase_floors":[11],"current_hp_per_floor":[75,75,75,75,75,75,75,38,38,22,22,22,16,14,36,1,33,0,0],"gold":134,"neow_bonus":"THREE_ENEMY_KILL","is_daily":false,"chose_seed":false,"campfire_upgraded":0,"win_rate":0.0,"timestamp":1613203055,"path_taken":["M","?","?","?","?","E","R","E","T","E","$","R","M","M","R","BOSS","M"],"items_purchased_type":["Relic"],"build_version":"2020-12-22","purchased_purges":0,"victory":false,"max_hp_per_floor":[75,75,75,75,75,75,75,75,75,75,75,75,75,75,75,75,107,107,107],"card_choices":[{"not_picked":["hermit:ItchyTrigger","hermit:Headshot"],"picked":"hermit:CursedWeapon","floor":1.0},{"not_picked":["hermit:Showdown","hermit:EyeOfTheStorm"],"picked":"hermit:GoldenBullet","floor":4.0},{"not_picked":["hermit:LowProfile","hermit:Quickdraw","hermit:HighCaliber"],"picked":"SKIP","floor":6.0},{"not_picked":["hermit:Enervate+1","hermit:Scavenge"],"picked":"hermit:ShadowCloak+1","floor":8.0},{"not_picked":["hermit:ItchyTrigger+1","hermit:WideOpen+1"],"picked":"hermit:Grudge+1","floor":10.0},{"not_picked":["hermit:Coalescence","hermit:Virtue"],"picked":"hermit:Determination+1","floor":13.0},{"not_picked":["hermit:Vantage","hermit:BodyArmor","hermit:Quickdraw+1"],"picked":"SKIP","floor":14},{"not_picked":["hermit:DeadOrAlive+1","hermit:EternalForm+1"],"picked":"hermit:Purgatory+1","floor":16}],"player_experience":502813,"relics_obtained":[{"floor":5.0,"key":"Frozen Egg 2"},{"floor":6.0,"key":"Girya"},{"floor":8.0,"key":"Molten Egg 2"},{"floor":9.0,"key":"White Beast Statue"},{"floor":10.0,"key":"InkBottle"}],"event_choices":[{"damage_healed":0.0,"max_hp_gain":0.0,"max_hp_loss":0.0,"gold_gain":0.0,"event_name":"The Woman in Blue","player_choice":"Bought 3 Potions","floor":2.0,"gold_loss":0.0,"damage_taken":0.0}],"is_beta":false,"boss_relics":[{"not_picked":["Runic Dome","Philosopher\u0027s Stone"],"picked":"hermit:DentedPlate"}],"items_purged_floors":[],"is_endless":false,"potions_floor_spawned":[4,6,10,13,14,16],"killed_by":"Spheric Guardian","ascension_level":1}}