{"host":"0z6l31g9ps0v9zzp","time":1613226942,"event":{"mods":["Act Like it!","BaseMod","CapriCore","Minty Spire (QoL Compilation)","MostiFishMod","StSLib","The Animator"],"gold_per_floor":[115,130,144,154,172,172,172,172],"floor_reached":7,"language":"ZHS","playtime":393,"items_purged":[],"score":50,"play_id":"f13d8ff5-e52c-405b-b173-5d624aeaecdb","local_time":"20210213223542","is_ascension_mode":true,"campfire_choices":[{"data":"animator:EmiyaShirou","floor":6,"key":"SMITH"}],"circlet_count":0,"master_deck":["animator:Strike_NoGameNoLife","animator:Defend_NoGameNoLife","animator:Strike","animator:Strike","animator:Defend","animator:Defend","animator:Defend","animator:DolaSchwi","animator:DolaCouronne","animator:LizardPriest","animator:Ainz","animator:EmiyaShirou+1","animator:Entoma"],"relics":["animator:LivingPicture","animator:TheMissingPiece","DaveBox","animator:PurgingStone","Transparent","SynthV:TestCard"],"acts_visited":["Exordium"],"potions_floor_usage":[],"damage_taken":[{"damage":32.0,"enemies":"2 Louse","floor":1.0,"turns":2.0},{"damage":39.0,"enemies":"Jaw Worm","floor":2.0,"turns":3.0},{"damage":46.0,"enemies":"Small Slimes","floor":3.0,"turns":3.0},{"damage":43.0,"enemies":"Looter","floor":4.0,"turns":3.0},{"damage":41,"enemies":"3 Louse","floor":5,"turns":3},{"damage":46,"enemies":"Gremlin Nob","floor":7,"turns":3}],"seed_played":"615947591990479183","potions_obtained":[{"floor":3.0,"key":"Dexterity Potion"},{"floor":4.0,"key":"GamblersBrew"}],"is_trial":false,"path_per_floor":["M","M","M","M","M","R","E"],"character_chosen":"THE_ANIMATOR","items_purchased":[],"campfire_rested":0,"item_purchase_floors":[],"current_hp_per_floor":[66,66,59,55,53,53,7,7],"gold":172,"neow_bonus":"TRANSFORM_CARD","is_daily":false,"chose_seed":false,"campfire_upgraded":1,"win_rate":0.0,"timestamp":1613226942,"path_taken":["M","M","M","M","M","R","E"],"items_purchased_type":[],"build_version":"2020-12-22","purchased_purges":0,"victory":false,"max_hp_per_floor":[66,66,66,66,66,66,66,66],"card_choices":[{"not_picked":["animator:ShinjiMatou","animator:DwarfShaman","animator:Geryuganshoop"],"picked":"SKIP","floor":1.0},{"not_picked":["animator:SilverFang","animator:ZankiKiguchi","animator:CowGirl","animator:Mikaela","animator:Melzalgald"],"picked":"SKIP","floor":2.0},{"not_picked":["animator:Cocytus","animator:GuildGirl","animator:Emonzaemon","animator:Tatsumaki"],"picked":"animator:Ainz","floor":3.0},{"not_picked":["animator:SakuraMatou","animator:Illya","animator:Rider","animator:Lancer"],"picked":"animator:EmiyaShirou","floor":4.0},{"not_picked":["animator:PandorasActor","animator:Berserker","animator:Emonzaemon","animator:Illya"],"picked":"animator:Entoma","floor":5}],"player_experience":345853,"relics_obtained":[{"floor":1.0,"key":"SynthV:TestCard"}],"event_choices":[],"is_beta":false,"boss_relics":[],"items_purged_floors":[],"is_endless":false,"potions_floor_spawned":[3,4],"killed_by":"Gremlin Nob","ascension_level":2}}