{"host":"rolltorest","time":1613255954,"event":{"mods":["BaseMod","Minty Spire (QoL Compilation)","Relic Stats","Slay the Relics Exporter","StSLib"],"gold_per_floor":[118,118,130,51,51,51,86,57,57,17,42,42,56,76,76,150,150,164,181,196,40,40,40,40,40],"floor_reached":24,"language":"ENG","playtime":581,"items_purged":["Strike_G"],"score":558,"play_id":"31b115d7-52f2-4331-80c8-76e1eba237d7","local_time":"20210213143914","is_ascension_mode":true,"campfire_choices":[{"data":"Noxious Fumes","floor":6,"key":"SMITH"},{"data":"Leg Sweep","floor":15,"key":"SMITH"},{"floor":23,"key":"REST"}],"circlet_count":0,"master_deck":["AscendersBane","Strike_G","Defend_G","Defend_G","Defend_G","Defend_G","Defend_G","Survivor","Neutralize","Poisoned Stab","Malaise","Noxious Fumes+1","Masterful Stab","Poisoned Stab","Bouncing Flask","Dagger Spray","Leg Sweep+1","Burst","Well Laid Plans+1","Well Laid Plans+1","Catalyst","Backstab","Decay"],"relics":["Ring of the Snake","NeowsBlessing","StoneCalendar","Frozen Egg 2","Akabeko","Empty Cage"],"acts_visited":["Exordium","TheCity"],"potions_floor_usage":[16,20,20],"damage_taken":[{"damage":0,"enemies":"2 Louse","floor":1,"turns":1},{"damage":0,"enemies":"Cultist","floor":3,"turns":1},{"damage":0,"enemies":"3 Sentries","floor":7,"turns":2},{"damage":50,"enemies":"Gremlin Nob","floor":11,"turns":5},{"damage":0,"enemies":"Jaw Worm","floor":13,"turns":3},{"damage":0,"enemies":"Large Slime","floor":14,"turns":4},{"damage":0,"enemies":"The Guardian","floor":16,"turns":9},{"damage":8,"enemies":"Spheric Guardian","floor":18,"turns":6},{"damage":20,"enemies":"2 Thieves","floor":19,"turns":5},{"damage":20,"enemies":"Snake Plant","floor":20,"turns":5},{"damage":24,"enemies":"Gremlin Leader","floor":24,"turns":6}],"seed_played":"-3906385583227976541","potions_obtained":[{"floor":13,"key":"DuplicationPotion"},{"floor":16,"key":"Regen Potion"},{"floor":19,"key":"ColorlessPotion"}],"is_trial":false,"path_per_floor":["M","?","M","$","$","R","E","$","T","$","E","?","M","M","R","B",null,"M","M","M","$","?","R","E"],"character_chosen":"THE_SILENT","items_purchased":["Noxious Fumes","Poisoned Stab","Bouncing Flask","Backstab"],"campfire_rested":1,"item_purchase_floors":[4,8,10,21],"current_hp_per_floor":[59,59,59,59,59,59,59,59,59,59,9,31,31,31,31,31,57,49,29,24,24,24,43,19,19],"gold":40,"neow_bonus":"THREE_ENEMY_KILL","is_daily":false,"chose_seed":false,"campfire_upgraded":2,"win_rate":0.0,"timestamp":1613255954,"path_taken":["M","?","M","?","$","R","E","?","T","$","E","?","?","M","R","BOSS","M","?","M","$","?","R","E"],"items_purchased_type":["Card","Card","Card","Card"],"build_version":"2020-12-18","purchased_purges":1,"victory":false,"max_hp_per_floor":[66,66,66,66,66,66,66,66,66,66,66,66,66,66,66,66,66,66,66,66,66,66,66,66,66],"relic_stats":{"counters":[11,47],"StoneCalendar":[52],"obtain_stats":[{"NeowsBlessing":0,"StoneCalendar":7,"Frozen Egg 2":9,"Empty Cage":17,"Akabeko":11,"Ring of the Snake":0},{"NeowsBlessing":0,"StoneCalendar":3,"Frozen Egg 2":3,"Empty Cage":7,"Akabeko":4,"Ring of the Snake":0},{"NeowsBlessing":0,"StoneCalendar":4,"Frozen Egg 2":4,"Empty Cage":25,"Akabeko":9,"Ring of the Snake":0}],"Ring of the Snake":[22]},"card_choices":[{"not_picked":["Acrobatics","Sucker Punch"],"picked":"Poisoned Stab","floor":1},{"not_picked":["Choke","Quick Slash","Cloak And Dagger"],"picked":"SKIP","floor":3},{"not_picked":["Backflip","Dodge and Roll"],"picked":"Masterful Stab","floor":7},{"not_picked":["Backflip","Reflex","A Thousand Cuts+1"],"picked":"SKIP","floor":11},{"not_picked":["Outmaneuver","Quick Slash"],"picked":"Dagger Spray","floor":13},{"not_picked":["Glass Knife","Deadly Poison"],"picked":"Leg Sweep","floor":14},{"not_picked":["Tools of the Trade+1","Glass Knife"],"picked":"Burst","floor":16},{"not_picked":["Escape Plan","Flying Knee"],"picked":"Well Laid Plans+1","floor":18},{"not_picked":["Dodge and Roll","Quick Slash"],"picked":"Well Laid Plans+1","floor":19},{"not_picked":["Prepared","Cloak And Dagger"],"picked":"Catalyst","floor":20}],"player_experience":1973512,"relics_obtained":[{"floor":7,"key":"StoneCalendar"},{"floor":9,"key":"Frozen Egg 2"},{"floor":11,"key":"Akabeko"}],"event_choices":[{"damage_healed":0,"gold_gain":0,"cards_transformed":["Strike_G"],"player_choice":"Transformed","damage_taken":0,"max_hp_gain":0,"max_hp_loss":0,"event_name":"Transmorgrifier","floor":2,"gold_loss":0,"cards_obtained":["Malaise"]},{"damage_healed":22,"gold_gain":0,"player_choice":"Banana","damage_taken":0,"max_hp_gain":0,"max_hp_loss":0,"event_name":"Big Fish","floor":12,"gold_loss":0},{"damage_healed":0,"gold_gain":0,"player_choice":"Smashed Altar","damage_taken":0,"max_hp_gain":0,"max_hp_loss":0,"event_name":"Forgotten Altar","floor":22,"gold_loss":0,"cards_obtained":["Decay"]}],"is_beta":true,"boss_relics":[{"not_picked":["Ectoplasm","Calling Bell"],"picked":"Empty Cage"}],"items_purged_floors":[21],"is_endless":false,"potions_floor_spawned":[13,16,19],"killed_by":"Gremlin Leader","ascension_level":20}}