{"host":"6znluj278ovdbyb2","time":1613175708,"event":{"mods":["BaseMod","BetterRewards","Clockwork Mod","Highlight Path","Hubris","Infinite Spire","Marisa????????","Minty Spire (QoL Compilation)","Rare Cards Sparkle","Replay The Spire","StSLib","The Animator","The Bladedancer","The Cursed","The Disciple","The Mystic","The Necromancer","The Runesmith","The Servant 0.9.4"],"gold_per_floor":[116,131,148,148,166,166,166,166],"floor_reached":7,"language":"ENG","playtime":612,"items_purged":[],"score":41,"play_id":"741e1286-7046-4732-98c0-4aafb00aaf23","local_time":"20210212192148","is_ascension_mode":false,"campfire_choices":[{"floor":6,"key":"REST"}],"circlet_count":0,"master_deck":["Strike_S","Strike_S","Strike_S","Strike_S","Defend_S","Defend_S","Defend_S","Defend_S","KidneyShot","Exchange","Read","Revamp","Snipe","Contraction","ReturningBlade"],"relics":["Uniform"],"acts_visited":["Exordium"],"potions_floor_usage":[7],"damage_taken":[{"damage":19,"enemies":"Jaw Worm","floor":1,"turns":7},{"damage":7,"enemies":"2 Louse","floor":2,"turns":4},{"damage":0,"enemies":"Small Slimes","floor":5,"turns":5},{"damage":35,"enemies":"Lagavulin","floor":7,"turns":9}],"seed_played":"-8496000721069539911","potions_obtained":[{"floor":2,"key":"DistilledChaos"},{"floor":5,"key":"Cursed Concoction"}],"is_trial":false,"path_per_floor":["M","M","?","?","M","R","E"],"character_chosen":"THE_SERVANT","items_purchased":[],"campfire_rested":1,"item_purchase_floors":[],"current_hp_per_floor":[46,39,13,13,13,32,0,0],"gold":166,"neow_bonus":"THREE_CARDS","is_daily":false,"chose_seed":false,"campfire_upgraded":0,"win_rate":0.0,"timestamp":1613175708,"path_taken":["M","M","?","?","M","R","E"],"items_purchased_type":[],"build_version":"2020-12-22","purchased_purges":0,"victory":false,"max_hp_per_floor":[65,65,65,65,65,65,65,65],"card_choices":[{"not_picked":["Replace","MoonPhase"],"picked":"Read","floor":0},{"not_picked":["DoubleEdge","Unruled"],"picked":"Revamp","floor":1},{"not_picked":["Starlight","Rewind"],"picked":"Snipe","floor":2},{"not_picked":["WasteNot","DoubleEdge"],"picked":"Contraction","floor":3},{"not_picked":["Rearm","DoubleEdge"],"picked":"ReturningBlade","floor":5}],"player_experience":613901,"relics_obtained":[],"event_choices":[{"damage_healed":0,"gold_gain":0,"player_choice":"Ignored","damage_taken":0,"max_hp_gain":0,"max_hp_loss":0,"event_name":"Liars Game","floor":4,"gold_loss":0}],"is_beta":false,"boss_relics":[],"items_purged_floors":[],"is_endless":false,"potions_floor_spawned":[2,5],"killed_by":"Lagavulin","ascension_level":0}}