{"host":"0vi0gkvt1l5rvyqa","time":1613248125,"event":{"mods":["BaseMod","Card Forge","Minty Spire (QoL Compilation)","Remove Card Discount Mod","StSLib"],"gold_per_floor":[365,166,184,203,218,247,247,247,247,259,293,307,341,341,341,440,440,428,444,247,264,264,264,294,294,317,337,348,379,93,93,93,197,197,209,220,220,236,253,253,2,31,105,123,74,84,112,130,130,130,130,130,33,64,64],"floor_reached":56,"language":"DEU","playtime":4531,"items_purged":[],"score":1583,"play_id":"1d9f5b6e-bc3a-47b4-850f-5e7de648aa7b","local_time":"20210213212845","is_ascension_mode":true,"campfire_choices":[{"floor":8,"key":"REST"},{"data":"Defragment","floor":15,"key":"SMITH"},{"floor":23,"key":"RECALL"},{"floor":25,"key":"REST"},{"floor":32,"key":"REST"},{"floor":40,"key":"REST"},{"data":"1","floor":49,"key":"LIFT"},{"data":"2","floor":52,"key":"LIFT"}],"circlet_count":0,"master_deck":["Zap+1","Dualcast+1","Defragment+1","Darkness+1","Leap+1","Doom and Gloom+1","Conserve Battery+1","Lockon+1","Conserve Battery+1","Redo+1","Defragment+1","Darkness+1","Loop+1","Ball Lightning+1","Fusion+1","Hologram+1","Conserve Battery+1","Undo+1","Redo+1","Conserve Battery+1","Leap+1"],"relics":["Cracked Core","Hammer of Thor","Seething Fire","Anvil of the Gods","Strawberry","Toxic Egg 2","HornCleat","InkBottle","PreservedInsect","SacredBark","Oddly Smooth Stone","Sundial","Pen Nib","Vajra","Ice Cream","Fusion Hammer","Gremlin Horn","Nunchaku","Letter Opener","Girya","Toy Ornithopter"],"acts_visited":["Exordium","TheCity","TheBeyond","TheEnding"],"potions_floor_usage":[6,13,16,21,28,42,44,50,55,55],"damage_taken":[{"damage":0,"enemies":"2 Louse","floor":1,"turns":2},{"damage":0,"enemies":"Jaw Worm","floor":3,"turns":3},{"damage":0,"enemies":"Cultist","floor":4,"turns":2},{"damage":0,"enemies":"Exordium Wildlife","floor":5,"turns":3},{"damage":2,"enemies":"3 Sentries","floor":6,"turns":4},{"damage":13,"enemies":"Exordium Thugs","floor":10,"turns":3},{"damage":0,"enemies":"Gremlin Nob","floor":11,"turns":4},{"damage":4,"enemies":"Red Slaver","floor":12,"turns":3},{"damage":0,"enemies":"3 Sentries","floor":13,"turns":3},{"damage":0,"enemies":"Hexaghost","floor":16,"turns":6},{"damage":4,"enemies":"2 Thieves","floor":18,"turns":4},{"damage":0,"enemies":"Shell Parasite","floor":19,"turns":3},{"damage":5,"enemies":"3 Cultists","floor":21,"turns":4},{"damage":21,"enemies":"Slavers","floor":24,"turns":3},{"damage":22,"enemies":"Sentry and Sphere","floor":27,"turns":4},{"damage":7,"enemies":"Snake Plant","floor":28,"turns":4},{"damage":0,"enemies":"Gremlin Leader","floor":29,"turns":4},{"damage":8,"enemies":"Champ","floor":33,"turns":6},{"damage":35,"enemies":"3 Darklings","floor":35,"turns":3},{"damage":0,"enemies":"3 Shapes","floor":36,"turns":3},{"damage":7,"enemies":"Maw","floor":38,"turns":5},{"damage":3,"enemies":"Jaw Worm Horde","floor":39,"turns":4},{"damage":0,"enemies":"Reptomancer","floor":42,"turns":5},{"damage":0,"enemies":"3 Darklings","floor":44,"turns":3},{"damage":0,"enemies":"Transient","floor":46,"turns":5},{"damage":7,"enemies":"Nemesis","floor":47,"turns":3},{"damage":10,"enemies":"4 Shapes","floor":48,"turns":4},{"damage":29,"enemies":"Awakened One","floor":50,"turns":7},{"damage":24,"enemies":"Shield and Spear","floor":54,"turns":5},{"damage":86,"enemies":"The Heart","floor":55,"turns":8}],"seed_played":"7150593948920055569","potions_obtained":[{"floor":5,"key":"LiquidBronze"},{"floor":6,"key":"SteroidPotion"},{"floor":10,"key":"Explosive Potion"},{"floor":21,"key":"EssenceOfSteel"},{"floor":27,"key":"GamblersBrew"},{"floor":28,"key":"FairyPotion"},{"floor":36,"key":"EssenceOfSteel"},{"floor":46,"key":"Weak Potion"},{"floor":48,"key":"LiquidBronze"}],"is_trial":false,"path_per_floor":["M","$","M","M","M","E","?","R","T","M","E","M","E","?","R","B",null,"M","M","$","M","?","R","E","R","T","M","M","E","$","?","R","B",null,"M","M","?","M","M","R","$","E","T","M","$","M","E","M","R","B",null,"R","$","E","B",null],"character_chosen":"DEFECT","items_purchased":["Strawberry","Energy Potion","Oddly Smooth Stone","Dexterity Potion","Ice Cream","Gremlin Horn","Block Potion","Block Potion","Conserve Battery+1"],"campfire_rested":4,"item_purchase_floors":[2,2,20,20,30,41,45,53,53],"current_hp_per_floor":[72,79,79,79,79,79,67,79,79,66,76,79,79,79,79,79,79,75,79,79,74,74,74,63,79,79,67,70,79,79,79,79,79,79,54,64,64,67,74,79,79,79,79,79,79,79,79,79,79,60,79,79,79,65,37],"gold":64,"neow_bonus":"TWO_FIFTY_GOLD","is_daily":false,"chose_seed":false,"campfire_upgraded":1,"win_rate":0.0,"timestamp":1613248125,"path_taken":["M","$","M","M","M","E","?","R","T","M","E","M","E","?","R","BOSS","M","M","$","M","?","R","E","R","T","M","?","E","$","?","R","BOSS","M","M","?","M","M","R","$","E","T","?","$","M","E","M","R","BOSS","R","$","E","BOSS"],"items_purchased_type":["Relic","Potion","Relic","Potion","Relic","Relic","Potion","Potion","Card"],"build_version":"2020-12-22","purchased_purges":0,"victory":true,"max_hp_per_floor":[72,79,79,79,79,79,79,79,79,79,79,79,79,79,79,79,79,79,79,79,79,79,79,79,79,79,79,79,79,79,79,79,79,79,79,79,79,79,79,79,79,79,79,79,79,79,79,79,79,79,79,79,79,79,79],"card_choices":[{"not_picked":["Gash","Chill","Stack"],"picked":"SKIP","floor":1},{"not_picked":["Turbo","Rebound"],"picked":"Lockon","floor":3},{"not_picked":["Beam Cell","Coolheaded","BootSequence"],"picked":"SKIP","floor":4},{"not_picked":["Go for the Eyes","Turbo"],"picked":"Conserve Battery","floor":5},{"not_picked":["Barrage","Stack+1","All For One"],"picked":"SKIP","floor":6},{"not_picked":["Go for the Eyes","Sweeping Beam","Cold Snap"],"picked":"SKIP","floor":10},{"not_picked":["White Noise+1","Lockon"],"picked":"Redo+1","floor":11},{"not_picked":["Heatsinks","Hologram+1"],"picked":"White Noise+1","floor":12},{"not_picked":["Rip and Tear","Turbo+1"],"picked":"Defragment","floor":13},{"not_picked":["Core Surge","Fission+1"],"picked":"Amplify+1","floor":16},{"not_picked":["Barrage","Sweeping Beam","Steam+1"],"picked":"SKIP","floor":18},{"not_picked":["Sweeping Beam","Turbo+1"],"picked":"Darkness+1","floor":19},{"not_picked":["Leap+1","Reprogram+1"],"picked":"Loop","floor":21},{"not_picked":["Leap+1","BootSequence+1"],"picked":"Ball Lightning","floor":24},{"not_picked":["Conserve Battery+1","Sweeping Beam"],"picked":"Fusion+1","floor":27},{"not_picked":["Auto Shields+1","Rebound","Storm+1"],"picked":"SKIP","floor":28},{"not_picked":["Streamline+1","Biased Cognition","Leap+1"],"picked":"SKIP","floor":29},{"not_picked":["Stack+1","Go for the Eyes"],"picked":"Hologram+1","floor":35},{"not_picked":["Chill+1","Consume+1"],"picked":"Conserve Battery+1","floor":36},{"not_picked":["Leap+1","Hyperbeam","Stack+1"],"picked":"SKIP","floor":38},{"not_picked":["Heatsinks+1","Coolheaded+1","Conserve Battery+1"],"picked":"SKIP","floor":39},{"not_picked":["Steam+1","Reboot+1","Consume+1"],"picked":"SKIP","floor":42},{"not_picked":["Undo+1","Static Discharge+1","Ball Lightning"],"picked":"SKIP","floor":44},{"not_picked":["Rip and Tear","Compile Driver","Streamline"],"picked":"SKIP","floor":46},{"not_picked":["Compile Driver+1","Genetic Algorithm+1","Leap+1"],"picked":"SKIP","floor":47},{"not_picked":["Turbo+1","Melter+1"],"picked":"Undo+1","floor":48},{"not_picked":["Steam+1","Tempest+1"],"picked":"Leap+1","floor":54}],"player_experience":56274,"relics_obtained":[{"floor":6,"key":"Toxic Egg 2"},{"floor":11,"key":"InkBottle"},{"floor":13,"key":"PreservedInsect"},{"floor":24,"key":"Sundial"},{"floor":26,"key":"Pen Nib"},{"floor":29,"key":"Vajra"},{"floor":42,"key":"Nunchaku"},{"floor":43,"key":"Letter Opener"},{"floor":47,"key":"Girya"},{"floor":54,"key":"Toy Ornithopter"}],"event_choices":[{"damage_healed":0,"gold_gain":0,"player_choice":"Success","damage_taken":12,"relics_obtained":["HornCleat"],"max_hp_gain":0,"max_hp_loss":0,"event_name":"Scrap Ooze","floor":7,"gold_loss":0},{"damage_healed":0,"gold_gain":0,"player_choice":"Ignored","damage_taken":0,"max_hp_gain":0,"max_hp_loss":0,"event_name":"Shining Light","floor":14,"gold_loss":0},{"damage_healed":0,"gold_gain":0,"player_choice":"Forge","damage_taken":0,"max_hp_gain":0,"max_hp_loss":0,"event_name":"Accursed Blacksmith","floor":22,"gold_loss":0,"cards_upgraded":["Loop"]},{"cards_removed":["Defend_B"],"damage_healed":0,"gold_gain":0,"player_choice":"Offered Basic","damage_taken":0,"max_hp_gain":0,"max_hp_loss":0,"event_name":"Bonfire Elementals","floor":31,"gold_loss":0},{"damage_healed":0,"gold_gain":0,"player_choice":"Ignored","damage_taken":0,"max_hp_gain":0,"max_hp_loss":0,"event_name":"Upgrade Shrine","floor":37,"gold_loss":0}],"is_beta":false,"boss_relics":[{"not_picked":["Tiny House","FrozenCore"],"picked":"SacredBark"},{"not_picked":["Black Star","Inserter"],"picked":"Fusion Hammer"}],"items_purged_floors":[],"is_endless":false,"potions_floor_spawned":[5,6,10,21,27,28,35,36,39,46,47,48],"ascension_level":2}}