{"host":"kh6fvhxn285ncg0o","time":1613246730,"event":{"mods":["Act Like it!","BaseMod","Colored Map","Friendly Minions","Keyboard Shortcuts","Minty Spire (QoL Compilation)","Quick Restart","Relic Stats","StSLib","SuperFastMode","UnlockEverythingMod"],"gold_per_floor":[112,112,37,53,53,84,84,113,136,136,147,166,195,222,222,295,295,311,311,311,311],"floor_reached":20,"language":"KOR","playtime":346,"items_purged":["Strike_R"],"score":430,"play_id":"a13eac53-de5f-413b-a07d-745f7b224926","local_time":"20210214050530","is_ascension_mode":true,"campfire_choices":[{"data":"Carnage","floor":7.0,"key":"SMITH"},{"floor":10.0,"key":"REST"},{"data":"Power Through","floor":15.0,"key":"SMITH"}],"circlet_count":0,"master_deck":["AscendersBane","Strike_R","Strike_R","Defend_R","Defend_R","Defend_R","Defend_R","Bash","Carnage+1","Decay","Pommel Strike","Power Through+1","Shockwave+1","True Grit+1","Offering+1","Evolve","Barricade"],"relics":["Burning Blood","NeowsBlessing","Boot","Toxic Egg 2","Smiling Mask","Strawberry","Odd Mushroom","Empty Cage"],"acts_visited":["Exordium","TheCity"],"potions_floor_usage":[16],"damage_taken":[{"damage":0.0,"enemies":"2 Louse","floor":1.0,"turns":1.0},{"damage":0.0,"enemies":"Cultist","floor":4.0,"turns":1.0},{"damage":0.0,"enemies":"Lagavulin","floor":6.0,"turns":1.0},{"damage":57.0,"enemies":"Gremlin Nob","floor":8.0,"turns":5.0},{"damage":4.0,"enemies":"Jaw Worm","floor":11.0,"turns":3.0},{"damage":1.0,"enemies":"Exordium Thugs","floor":12.0,"turns":5.0},{"damage":31.0,"enemies":"3 Sentries","floor":13.0,"turns":10.0},{"damage":8.0,"enemies":"The Mushroom Lair","floor":14.0,"turns":3.0},{"damage":18,"enemies":"The Guardian","floor":16,"turns":10},{"damage":62,"enemies":"Spheric Guardian","floor":18,"turns":10},{"damage":13,"enemies":"Chosen","floor":20,"turns":6}],"seed_played":"-5848829496936684151","potions_obtained":[{"floor":1.0,"key":"CultistPotion"},{"floor":12.0,"key":"PowerPotion"},{"floor":13.0,"key":"LiquidMemories"},{"floor":14.0,"key":"Strength Potion"},{"floor":18,"key":"SteroidPotion"}],"is_trial":false,"path_per_floor":["M","?","$","M","$","E","R","E","T","R","M","M","E","?","R","B",null,"M","?","M"],"character_chosen":"IRONCLAD","items_purchased":[],"campfire_rested":1,"item_purchase_floors":[],"current_hp_per_floor":[74,74,74,75,75,75,75,24,24,46,48,53,35,33,33,21,67,11,11,0,0],"gold":311,"neow_bonus":"THREE_ENEMY_KILL","is_daily":false,"chose_seed":false,"campfire_upgraded":2,"win_rate":0.0,"timestamp":1613246730,"path_taken":["M","?","$","M","?","E","R","E","T","R","M","M","E","?","R","BOSS","M","?","M"],"items_purchased_type":[],"build_version":"2020-12-22","purchased_purges":1,"victory":false,"max_hp_per_floor":[75,75,75,75,75,75,75,75,75,75,75,75,82,82,82,82,82,82,82,82,82],"relic_stats":{"counters":[11,55],"Boot":[0],"Smiling Mask":0,"obtain_stats":[{"NeowsBlessing":0,"Strawberry":13,"Toxic Egg 2":8,"Odd Mushroom":14,"Boot":6,"Smiling Mask":9,"Empty Cage":17,"Burning Blood":0},{"NeowsBlessing":0,"Strawberry":7,"Toxic Egg 2":4,"Odd Mushroom":8,"Boot":3,"Smiling Mask":4,"Empty Cage":9,"Burning Blood":0},{"NeowsBlessing":0,"Strawberry":26,"Toxic Egg 2":8,"Odd Mushroom":29,"Boot":3,"Smiling Mask":8,"Empty Cage":39,"Burning Blood":0}],"Burning Blood":49},"card_choices":[{"not_picked":["Searing Blow","Headbutt"],"picked":"Carnage","floor":1.0},{"not_picked":["Carnage","Anger"],"picked":"Pommel Strike","floor":4.0},{"not_picked":["Sword Boomerang","Clothesline"],"picked":"Power Through","floor":6.0},{"not_picked":["Headbutt","Bloodletting+1"],"picked":"Shockwave+1","floor":8.0},{"not_picked":["Flex+1","Anger"],"picked":"True Grit+1","floor":11.0},{"not_picked":["Sword Boomerang","Infernal Blade+1"],"picked":"Offering+1","floor":12.0},{"not_picked":["Shockwave+1","True Grit+1"],"picked":"Evolve","floor":14.0},{"not_picked":["Limit Break+1","Brutality"],"picked":"Barricade","floor":16},{"not_picked":["Rampage","Flex+1","Perfected Strike+1"],"picked":"SKIP","floor":18}],"player_experience":1389982,"relics_obtained":[{"floor":6.0,"key":"Boot"},{"floor":8.0,"key":"Toxic Egg 2"},{"floor":9.0,"key":"Smiling Mask"},{"floor":13.0,"key":"Strawberry"},{"floor":14.0,"key":"Odd Mushroom"}],"event_choices":[{"damage_healed":0.0,"max_hp_gain":0.0,"max_hp_loss":0.0,"gold_gain":0.0,"event_name":"Wheel of Change","player_choice":"Cursed","floor":2.0,"gold_loss":0.0,"damage_taken":0.0,"cards_obtained":["Decay"]},{"damage_healed":0.0,"max_hp_gain":0.0,"max_hp_loss":0.0,"gold_gain":0.0,"event_name":"Mushrooms","player_choice":"Fought Mushrooms","floor":14.0,"gold_loss":0.0,"damage_taken":0.0},{"damage_healed":0,"gold_gain":0,"player_choice":"Ignored","damage_taken":0,"max_hp_gain":0,"max_hp_loss":0,"event_name":"Vampires","floor":19,"gold_loss":0}],"is_beta":false,"boss_relics":[{"not_picked":["Black Blood","Busted Crown"],"picked":"Empty Cage"}],"items_purged_floors":[3],"is_endless":false,"potions_floor_spawned":[1,12,13,14,18],"killed_by":"Chosen","ascension_level":20}}