{"host":"y13mj1mxwnd5xx1x","time":1613189084,"event":{"mods":["AchievementEnabler","BaseMod","Minty Spire (QoL Compilation)"],"gold_per_floor":[219,238,257,270,280,280,312,57,82,115,75,110,110,128,128,229,229,240,46,62,12,27,27,126,155,178,197,197,227,227,227],"floor_reached":30,"language":"ENG","playtime":2060,"items_purged":["Strike_P"],"score":305,"play_id":"c0f9fbed-4a9a-4ce2-87b3-6ea4a0e5e232","local_time":"20210212220444","is_ascension_mode":true,"campfire_choices":[{"data":"Scrawl","floor":6,"key":"SMITH"},{"data":"WaveOfTheHand","floor":13,"key":"SMITH"},{"floor":15,"key":"REST"},{"data":"DevaForm","floor":23,"key":"SMITH"},{"floor":28,"key":"REST"}],"circlet_count":0,"master_deck":["Strike_P","Strike_P","Strike_P","Defend_P","Defend_P","Defend_P","Defend_P","Eruption","Vigilance","FearNoEvil","FlurryOfBlows","EmptyFist","Protect","Scrawl+1","Wallop","WaveOfTheHand+1","WheelKick","Tantrum","ThirdEye","TalkToTheHand","Blasphemy","EmptyBody+1","DevaForm+1","ClearTheMind+1","Fasting2+1","Crescendo+1","InnerPeace","Consecrate+1"],"relics":["PureWater","Omamori","Orichalcum","Regal Pillow","Dream Catcher","Strawberry","VioletLotus","Toy Ornithopter","Juzu Bracelet","Eternal Feather"],"acts_visited":["Exordium","TheCity"],"potions_floor_usage":[12,16,16,25,25,25,27],"damage_taken":[{"damage":0,"enemies":"Cultist","floor":1,"turns":4},{"damage":5,"enemies":"Small Slimes","floor":2,"turns":3},{"damage":1,"enemies":"Jaw Worm","floor":3,"turns":2},{"damage":8,"enemies":"3 Louse","floor":4,"turns":2},{"damage":12,"enemies":"Exordium Thugs","floor":5,"turns":5},{"damage":12,"enemies":"Gremlin Nob","floor":7,"turns":3},{"damage":4,"enemies":"Lagavulin","floor":10,"turns":6},{"damage":11,"enemies":"3 Sentries","floor":12,"turns":6},{"damage":0,"enemies":"Blue Slaver","floor":14,"turns":3},{"damage":21,"enemies":"Hexaghost","floor":16,"turns":9},{"damage":0,"enemies":"Chosen","floor":18,"turns":4},{"damage":7,"enemies":"Shell Parasite","floor":20,"turns":6},{"damage":13,"enemies":"Centurion and Healer","floor":22,"turns":5},{"damage":44,"enemies":"Slavers","floor":25,"turns":12},{"damage":0,"enemies":"Snake Plant","floor":27,"turns":2},{"damage":52,"enemies":"Book of Stabbing","floor":29,"turns":8},{"damage":14,"enemies":"Masked Bandits","floor":30,"turns":2}],"seed_played":"-2299351720923172017","potions_obtained":[{"floor":1,"key":"Swift Potion"},{"floor":3,"key":"Weak Potion"},{"floor":4,"key":"Explosive Potion"},{"floor":12,"key":"BottledMiracle"},{"floor":18,"key":"Fire Potion"},{"floor":20,"key":"BottledMiracle"},{"floor":25,"key":"AttackPotion"},{"floor":27,"key":"SteroidPotion"}],"is_trial":false,"path_per_floor":["M","M","M","M","M","R","E","$","T","E","$","E","R","M","R","B",null,"M","$","M","?","M","R","?","E","T","M","R","E","?"],"character_chosen":"WATCHER","items_purchased":["WaveOfTheHand","Orichalcum","Tantrum","DevaForm","Swift Potion"],"campfire_rested":2,"item_purchase_floors":[8,8,11,19,19],"current_hp_per_floor":[72,67,66,58,46,46,34,34,34,30,30,26,26,26,64,43,79,79,79,72,72,59,59,59,15,15,20,58,6,0,0],"gold":227,"neow_bonus":"HUNDRED_GOLD","is_daily":false,"chose_seed":false,"campfire_upgraded":3,"win_rate":0.0,"timestamp":1613189084,"path_taken":["M","M","M","M","M","R","E","$","T","E","$","E","R","M","R","BOSS","M","?","M","?","?","R","?","E","T","M","R","E","?"],"items_purchased_type":["Card","Relic","Card","Card","Potion"],"build_version":"2020-12-22","purchased_purges":1,"victory":false,"max_hp_per_floor":[72,72,72,72,72,72,72,72,72,72,72,79,79,79,79,79,79,79,79,79,79,79,79,79,79,79,79,79,79,79,79],"card_choices":[{"not_picked":["ReachHeaven","PathToVictory"],"picked":"FearNoEvil","floor":1},{"not_picked":["FollowUp","Swivel"],"picked":"FlurryOfBlows","floor":2},{"not_picked":["EmptyBody","Crescendo"],"picked":"EmptyFist","floor":3},{"not_picked":["Swivel","Worship"],"picked":"Protect","floor":4},{"not_picked":["WaveOfTheHand","MentalFortress"],"picked":"Scrawl","floor":5},{"not_picked":["Sanctity","SashWhip"],"picked":"Wallop","floor":7},{"not_picked":["ThirdEye","EmptyBody"],"picked":"WheelKick","floor":10},{"not_picked":["Study","BowlingBash","WaveOfTheHand"],"picked":"SKIP","floor":12},{"not_picked":["CutThroughFate","FearNoEvil"],"picked":"ThirdEye","floor":14},{"not_picked":["Protect","FlyingSleeves"],"picked":"TalkToTheHand","floor":15},{"not_picked":["Ragnarok","Omniscience"],"picked":"Blasphemy","floor":16},{"not_picked":["Halt+1","CutThroughFate"],"picked":"EmptyBody+1","floor":18},{"not_picked":["FollowUp","Protect+1"],"picked":"ClearTheMind+1","floor":20},{"not_picked":["PathToVictory+1","JustLucky"],"picked":"Fasting2+1","floor":22},{"not_picked":["Meditate","JustLucky"],"picked":"Crescendo+1","floor":25},{"not_picked":["Weave","FlyingSleeves","JustLucky"],"picked":"SKIP","floor":27},{"not_picked":["Devotion","Halt"],"picked":"InnerPeace","floor":28},{"not_picked":["Meditate","Evaluate"],"picked":"Consecrate+1","floor":29}],"player_experience":161163,"relics_obtained":[{"floor":7,"key":"Omamori"},{"floor":9,"key":"Regal Pillow"},{"floor":10,"key":"Dream Catcher"},{"floor":12,"key":"Strawberry"},{"floor":25,"key":"Toy Ornithopter"},{"floor":26,"key":"Juzu Bracelet"},{"floor":29,"key":"Eternal Feather"}],"event_choices":[{"damage_healed":0,"gold_gain":0,"player_choice":"Bet on Murderer","damage_taken":0,"max_hp_gain":0,"max_hp_loss":0,"event_name":"The Joust","floor":21,"gold_loss":50},{"damage_healed":0,"gold_gain":99,"player_choice":"Stole From Cult","damage_taken":0,"max_hp_gain":0,"max_hp_loss":0,"event_name":"Nest","floor":24,"gold_loss":0},{"damage_healed":0,"gold_gain":0,"player_choice":"Fought Bandits","damage_taken":0,"max_hp_gain":0,"max_hp_loss":0,"event_name":"Masked Bandits","floor":30,"gold_loss":0}],"is_beta":false,"boss_relics":[{"not_picked":["Astrolabe","Tiny House"],"picked":"VioletLotus"}],"items_purged_floors":[8],"is_endless":false,"potions_floor_spawned":[1,3,4,5,12,14,18,20,25,27],"killed_by":"Masked Bandits","ascension_level":1}}