{"host":"n43wxkei7kulhi8o","time":1613243591,"event":{"mods":["BaseMod","Bestiary","Block Reminder","Colored Map","Colored Powertips","Curses Come First","Custom Start","Dark Map","Highlight Path","Minty Spire (QoL Compilation)","Relic Stats","StSLib"],"gold_per_floor":[114,128,203,48,63,63,92,92,118,129,140,114,114,126,126,224,224,242,242,242,89,89,89,107,119,143,143,159,159,5,21,21,123,123,137,155,167,14,64,64,84,84,84,99,117,37,37,57,57,57],"floor_reached":51,"language":"ENG","playtime":2076,"items_purged":[],"score":676,"play_id":"da472d74-c048-4ac9-ba77-95e509ab14ab","local_time":"20210213141311","is_ascension_mode":false,"campfire_choices":[{"data":"Noxious Fumes","floor":6,"key":"SMITH"},{"floor":13,"key":"REST"},{"floor":15,"key":"REST"},{"data":"Dash","floor":23,"key":"SMITH"},{"floor":27,"key":"REST"},{"data":"Crippling Poison","floor":32,"key":"SMITH"},{"data":"Adrenaline","floor":40,"key":"SMITH"},{"floor":42,"key":"REST"},{"data":"Footwork","floor":49,"key":"SMITH"}],"circlet_count":0,"master_deck":["Defend_G","Defend_G","Defend_G","Defend_G","Defend_G","Survivor","Neutralize","Noxious Fumes+1","Backflip","Bane","Crippling Poison+1","Flying Knee","Bouncing Flask","Die Die Die","Deadly Poison+1","Dash+1","PiercingWail+1","Bite","Bite","Bite","Bite","Bite","Terror+1","Adrenaline+1","Blur+1","Backflip","Blur+1","Expertise+1","Footwork+1"],"relics":["Ring of the Serpent","NeowsBlessing","Lantern","Bag of Marbles","Potion Belt","Cursed Key","Omamori","Ancient Tea Set","ClockworkSouvenir","Bronze Scales","Lizard Tail","Dream Catcher"],"acts_visited":["Exordium","TheCity","TheBeyond"],"potions_floor_usage":[16,33,50,50,50,50,50,50],"damage_taken":[{"damage":0,"enemies":"Cultist","floor":1,"turns":1},{"damage":0,"enemies":"Small Slimes","floor":2,"turns":1},{"damage":0,"enemies":"Jaw Worm","floor":5,"turns":1},{"damage":19,"enemies":"Lagavulin","floor":7,"turns":8},{"damage":14,"enemies":"Large Slime","floor":10,"turns":7},{"damage":18,"enemies":"Lots of Slimes","floor":11,"turns":4},{"damage":1,"enemies":"Red Slaver","floor":14,"turns":3},{"damage":31,"enemies":"The Guardian","floor":16,"turns":8},{"damage":10,"enemies":"2 Thieves","floor":18,"turns":3},{"damage":7,"enemies":"Spheric Guardian","floor":24,"turns":3},{"damage":5,"enemies":"3 Cultists","floor":25,"turns":4},{"damage":10,"enemies":"Snake Plant","floor":28,"turns":3},{"damage":6,"enemies":"Centurion and Healer","floor":31,"turns":5},{"damage":62,"enemies":"Automaton","floor":33,"turns":11},{"damage":2,"enemies":"3 Shapes","floor":35,"turns":5},{"damage":17,"enemies":"3 Darklings","floor":36,"turns":4},{"damage":13,"enemies":"Spire Growth","floor":37,"turns":5},{"damage":2,"enemies":"Mind Bloom Boss Battle","floor":39,"turns":6},{"damage":23,"enemies":"Writhing Mass","floor":41,"turns":5},{"damage":9,"enemies":"4 Shapes","floor":44,"turns":4},{"damage":0,"enemies":"Jaw Worm Horde","floor":45,"turns":4},{"damage":8,"enemies":"Writhing Mass","floor":48,"turns":6},{"damage":32,"enemies":"Awakened One","floor":50,"turns":17}],"seed_played":"2740426672992269589","potions_obtained":[{"floor":2,"key":"Dexterity Potion"},{"floor":11,"key":"Weak Potion"},{"floor":14,"key":"Strength Potion"},{"floor":16,"key":"LiquidBronze"},{"floor":18,"key":"LiquidBronze"},{"floor":31,"key":"FairyPotion"},{"floor":33,"key":"EntropicBrew"},{"floor":36,"key":"PowerPotion"},{"floor":37,"key":"EntropicBrew"},{"floor":45,"key":"DistilledChaos"}],"is_trial":false,"path_per_floor":["M","M","?","$","M","R","E","?","T","M","M","$","R","M","R","B",null,"M","?","?","$","?","R","M","M","T","R","M","?","$","M","R","B",null,"M","M","M","$","?","R","M","R","T","M","M","$","?","M","R","B",null],"character_chosen":"THE_SILENT","items_purchased":["Lantern","Flying Knee","Omamori","ClockworkSouvenir","Bronze Scales","Footwork"],"campfire_rested":4,"item_purchase_floors":[4,12,21,30,38,46],"current_hp_per_floor":[70,70,59,59,59,59,40,40,40,26,8,8,29,28,49,18,70,60,60,60,60,51,51,44,39,39,60,50,49,49,49,49,9,49,49,36,33,33,37,37,22,36,36,35,41,41,41,41,41,25],"gold":57,"neow_bonus":"THREE_ENEMY_KILL","is_daily":false,"chose_seed":false,"campfire_upgraded":5,"win_rate":0.0,"timestamp":1613243591,"path_taken":["M","?","?","?","M","R","E","?","T","?","M","?","R","M","R","BOSS","M","?","?","$","?","R","M","M","T","R","M","?","?","M","R","BOSS","M","M","M","$","?","R","M","R","T","M","M","$","?","M","R","BOSS"],"items_purchased_type":["Relic","Card","Relic","Relic","Relic","Card"],"build_version":"2020-12-22","purchased_purges":0,"victory":true,"max_hp_per_floor":[70,70,70,70,70,70,70,70,70,70,70,70,70,70,70,70,70,70,70,70,70,70,70,70,70,70,70,70,49,49,49,49,49,49,49,49,49,49,49,49,49,49,49,49,49,49,49,49,49,49],"relic_stats":{"Lizard Tail":0,"Dream Catcher":0,"counters":[23,118],"Bronze Scales":[177],"Cursed Key":2,"obtain_stats":[{"Potion Belt":9,"Lantern":4,"NeowsBlessing":0,"Omamori":21,"Cursed Key":17,"Ancient Tea Set":26,"ClockworkSouvenir":30,"Lizard Tail":39,"Dream Catcher":43,"Bronze Scales":38,"Bag of Marbles":7,"Ring of the Serpent":34,"Ring of the Snake":0},{"Potion Belt":4,"Lantern":2,"NeowsBlessing":0,"Omamori":9,"Cursed Key":8,"Ancient Tea Set":11,"ClockworkSouvenir":12,"Lizard Tail":18,"Dream Catcher":19,"Bronze Scales":17,"Bag of Marbles":4,"Ring of the Serpent":14,"Ring of the Snake":0},{"Potion Belt":11,"Lantern":2,"NeowsBlessing":0,"Omamori":36,"Cursed Key":33,"Ancient Tea Set":43,"ClockworkSouvenir":46,"Lizard Tail":82,"Dream Catcher":87,"Bronze Scales":76,"Bag of Marbles":11,"Ring of the Serpent":62,"Ring of the Snake":0}]},"card_choices":[{"not_picked":["Deflect","Dagger Throw"],"picked":"Noxious Fumes","floor":1},{"not_picked":["Sucker Punch","Dagger Spray"],"picked":"Backflip","floor":2},{"not_picked":["Outmaneuver","Slice"],"picked":"Bane","floor":5},{"not_picked":["Underhanded Strike","Prepared","Concentrate"],"picked":"SKIP","floor":7},{"not_picked":["Riddle With Holes","Eviscerate"],"picked":"Crippling Poison","floor":10},{"not_picked":["Deflect","Calculated Gamble","Doppelganger"],"picked":"SKIP","floor":11},{"not_picked":["Slice","Expertise"],"picked":"Bouncing Flask","floor":14},{"not_picked":["After Image","Wraith Form v2"],"picked":"Die Die Die","floor":16},{"not_picked":["Slice+1","Caltrops+1"],"picked":"Deadly Poison+1","floor":18},{"not_picked":["Deadly Poison","Backstab","Blade Dance+1"],"picked":"SKIP","floor":24},{"not_picked":["Masterful Stab+1","Deadly Poison","Dagger Spray"],"picked":"SKIP","floor":25},{"not_picked":["Choke+1","Heel Hook+1"],"picked":"PiercingWail+1","floor":28},{"not_picked":["Blade Dance","Cloak And Dagger"],"picked":"Terror+1","floor":31},{"not_picked":["Envenom","Tools of the Trade"],"picked":"Adrenaline","floor":33},{"not_picked":["Poisoned Stab","Deadly Poison","Dagger Throw"],"picked":"SKIP","floor":35},{"not_picked":["Distraction","Acrobatics"],"picked":"Blur+1","floor":36},{"not_picked":["Masterful Stab","Adrenaline"],"picked":"Backflip","floor":37},{"not_picked":["Backflip+1","Bane+1"],"picked":"Blur+1","floor":39},{"not_picked":["Heel Hook+1","Acrobatics","Underhanded Strike+1"],"picked":"SKIP","floor":41},{"not_picked":["Blade Dance+1","Bouncing Flask"],"picked":"Expertise+1","floor":44},{"not_picked":["Dodge and Roll","Cloak And Dagger+1","Expertise+1"],"picked":"SKIP","floor":45},{"not_picked":["All Out Attack","Acrobatics","Outmaneuver+1"],"picked":"SKIP","floor":48}],"player_experience":696133,"relics_obtained":[{"floor":7,"key":"Bag of Marbles"},{"floor":9,"key":"Potion Belt"},{"floor":26,"key":"Ancient Tea Set"},{"floor":39,"key":"Lizard Tail"},{"floor":43,"key":"Dream Catcher"}],"event_choices":[{"damage_healed":0,"gold_gain":75,"player_choice":"Gather Gold","damage_taken":11,"max_hp_gain":0,"max_hp_loss":0,"event_name":"World of Goop","floor":3,"gold_loss":0},{"damage_healed":0,"gold_gain":0,"player_choice":"Ignored","damage_taken":0,"max_hp_gain":0,"max_hp_loss":0,"event_name":"NoteForYourself","floor":8,"gold_loss":0},{"damage_healed":0,"gold_gain":0,"player_choice":"Read","damage_taken":0,"max_hp_gain":0,"max_hp_loss":0,"event_name":"The Library","floor":19,"gold_loss":0,"cards_obtained":["Dash"]},{"damage_healed":0,"gold_gain":0,"player_choice":"Ignored","damage_taken":0,"max_hp_gain":0,"max_hp_loss":0,"event_name":"Beggar","floor":20,"gold_loss":0},{"damage_healed":0,"gold_gain":0,"player_choice":"Stopped","damage_taken":9,"max_hp_gain":0,"max_hp_loss":0,"event_name":"Cursed Tome","floor":22,"gold_loss":0},{"damage_healed":0,"gold_gain":0,"player_choice":"Became a vampire","damage_taken":0,"max_hp_gain":0,"max_hp_loss":21,"event_name":"Vampires","floor":29,"gold_loss":0,"cards_obtained":["Bite","Bite","Bite","Bite","Bite"]},{"damage_healed":0,"gold_gain":0,"player_choice":"Fight","damage_taken":0,"max_hp_gain":0,"max_hp_loss":0,"event_name":"MindBloom","floor":39,"gold_loss":0},{"damage_healed":0,"gold_gain":0,"player_choice":"Ignored","damage_taken":0,"max_hp_gain":0,"max_hp_loss":0,"event_name":"Mysterious Sphere","floor":47,"gold_loss":0}],"is_beta":false,"boss_relics":[{"not_picked":["SacredBark","Tiny House"],"picked":"Cursed Key"},{"not_picked":["Coffee Dripper","Fusion Hammer"],"picked":"Ring of the Serpent"}],"items_purged_floors":[],"is_endless":false,"potions_floor_spawned":[2,11,14,16,18,31,33,36,37,44,45],"ascension_level":0}}