{"host":"04hh9gplt9wkfmr1","time":1613207219,"event":{"mods":["AchievementEnabler","BaseMod","Colored Map","KOR Keyword Fix","Minty Spire (QoL Compilation)","Rare Cards Sparkle","SuperFastMode"],"gold_per_floor":[366,379,222,242,259,259,293,293,318,352,352,352,67,82,82,179,179,200,216,216,141,56,56,56],"floor_reached":23,"language":"KOR","playtime":559,"items_purged":[],"score":344,"play_id":"7619a844-9785-4f7e-aaaf-3010b22be4c9","local_time":"20210213180659","is_ascension_mode":true,"campfire_choices":[{"data":"Eruption","floor":6.0,"key":"SMITH"},{"floor":8.0,"key":"REST"},{"floor":12.0,"key":"REST"},{"floor":15.0,"key":"REST"}],"circlet_count":0,"master_deck":["Strike_P","Strike_P","Strike_P","Strike_P","Defend_P","Defend_P","Defend_P","Eruption+1","Vigilance","CarveReality+1","Apotheosis","Prostrate","Protect","ConjureBlade","CurseOfTheBell","Pray+1"],"relics":["PureWater","Damaru","Juzu Bracelet","Pen Nib","Blood Vial","Calling Bell","CeramicFish","Eternal Feather","Pocketwatch","Pear"],"acts_visited":["Exordium","TheCity"],"potions_floor_usage":[23,23,23],"damage_taken":[{"damage":2.0,"enemies":"Cultist","floor":1.0,"turns":3.0},{"damage":1.0,"enemies":"Jaw Worm","floor":2.0,"turns":4.0},{"damage":0.0,"enemies":"Small Slimes","floor":4.0,"turns":3.0},{"damage":2.0,"enemies":"3 Louse","floor":5.0,"turns":2.0},{"damage":32.0,"enemies":"Gremlin Nob","floor":7.0,"turns":3.0},{"damage":27.0,"enemies":"Lagavulin","floor":10.0,"turns":7.0},{"damage":0.0,"enemies":"2 Fungi Beasts","floor":14.0,"turns":3.0},{"damage":16.0,"enemies":"Slime Boss","floor":16.0,"turns":7.0},{"damage":16.0,"enemies":"Spheric Guardian","floor":18.0,"turns":4.0},{"damage":31.0,"enemies":"3 Byrds","floor":19.0,"turns":5.0},{"damage":46,"enemies":"Slavers","floor":23,"turns":3}],"seed_played":"5564720163448237342","potions_obtained":[{"floor":4.0,"key":"FearPotion"},{"floor":10.0,"key":"ColorlessPotion"},{"floor":16.0,"key":"PowerPotion"},{"floor":19.0,"key":"Block Potion"}],"is_trial":false,"path_per_floor":["M","M","$","M","M","R","E","R","T","E","?","R","$","M","R","B",null,"M","M","?","?","?","E"],"character_chosen":"WATCHER","items_purchased":["Damaru","Apotheosis","Prostrate","Protect"],"campfire_rested":3,"item_purchase_floors":[3,13,13,13],"current_hp_per_floor":[49,48,48,48,46,46,14,35,35,8,8,29,29,31,52,38,72,56,27,27,27,37,0,0],"gold":56,"neow_bonus":"TWO_FIFTY_GOLD","is_daily":false,"chose_seed":false,"campfire_upgraded":1,"win_rate":0.0,"timestamp":1613207219,"path_taken":["M","?","$","M","M","R","E","R","T","E","?","R","?","M","R","BOSS","M","M","?","?","?","E"],"items_purchased_type":["Relic","Card","Card","Card"],"build_version":"2020-12-22","purchased_purges":0,"victory":false,"max_hp_per_floor":[72,72,72,72,72,72,72,72,72,72,72,72,72,72,72,72,72,72,72,72,72,82,82,82],"card_choices":[{"not_picked":["Consecrate","FollowUp","FlyingSleeves"],"picked":"SKIP","floor":1.0},{"not_picked":["SashWhip","BowlingBash","ThirdEye"],"picked":"SKIP","floor":2.0},{"not_picked":["TalkToTheHand","ThirdEye","Crescendo"],"picked":"SKIP","floor":4.0},{"not_picked":["Omniscience","ReachHeaven","SignatureMove"],"picked":"SKIP","floor":5.0},{"not_picked":["WheelKick","EmptyFist","Conclude"],"picked":"SKIP","floor":7.0},{"not_picked":["WheelKick","EmptyFist","Conclude"],"picked":"SKIP","floor":7.0},{"not_picked":["JustLucky","Evaluate"],"picked":"CarveReality","floor":10.0},{"not_picked":["EmptyFist","FollowUp","SashWhip"],"picked":"SKIP","floor":14.0},{"not_picked":["Alpha","Omniscience"],"picked":"ConjureBlade","floor":16.0},{"not_picked":["FollowUp","SandsOfTime"],"picked":"Pray+1","floor":18.0},{"not_picked":["ThirdEye+1","Consecrate+1","Nirvana"],"picked":"SKIP","floor":19.0}],"player_experience":155276,"relics_obtained":[{"floor":7.0,"key":"Juzu Bracelet"},{"floor":9.0,"key":"Pen Nib"},{"floor":10.0,"key":"Blood Vial"},{"floor":17.0,"key":"CeramicFish"},{"floor":17.0,"key":"Eternal Feather"},{"floor":17.0,"key":"Pocketwatch"}],"event_choices":[{"damage_healed":0.0,"max_hp_gain":0.0,"max_hp_loss":0.0,"gold_gain":0.0,"event_name":"Upgrade Shrine","player_choice":"Upgraded","floor":11.0,"gold_loss":0.0,"damage_taken":0.0,"cards_upgraded":["CarveReality"]},{"damage_healed":0.0,"max_hp_gain":0.0,"max_hp_loss":0.0,"gold_gain":0.0,"event_name":"Cursed Tome","player_choice":"Ignored","floor":20.0,"gold_loss":0.0,"damage_taken":0.0},{"cards_removed":["Defend_P"],"damage_healed":0.0,"max_hp_gain":0.0,"max_hp_loss":0.0,"gold_gain":0.0,"event_name":"Beggar","player_choice":"Gave Gold","floor":21.0,"gold_loss":75.0,"damage_taken":0.0},{"damage_healed":0.0,"max_hp_gain":0.0,"max_hp_loss":0.0,"gold_gain":0.0,"event_name":"Addict","player_choice":"Obtained Relic","floor":22.0,"gold_loss":85.0,"damage_taken":0.0,"relics_obtained":["Pear"]}],"is_beta":false,"boss_relics":[{"not_picked":["Pandora\u0027s Box","SacredBark"],"picked":"Calling Bell"}],"items_purged_floors":[],"is_endless":false,"potions_floor_spawned":[4,10,16,19],"killed_by":"Slavers","ascension_level":3}}