{"host":"m4pe905ae9bldoe7","time":1613248051,"event":{"mods":["BaseMod","Bestiary","Block Reminder","Downfall","Minty Spire (QoL Compilation)","StSLib"],"gold_per_floor":[115,115,190,190,203,203,234,234,261,281,297,297,332,366,366,460,460,475,475,475,9,30,30,30,30],"floor_reached":24,"language":"ENG","playtime":898,"items_purged":["Strike_R"],"score":384,"play_id":"0e7bfcf5-d535-4161-97a6-d8461c60bf13","local_time":"20210213212731","is_ascension_mode":true,"campfire_choices":[{"floor":6.0,"key":"REST"},{"data":"Shrug It Off","floor":8.0,"key":"SMITH"},{"floor":12.0,"key":"REST"},{"floor":15,"key":"REST"},{"data":"Apotheosis","floor":23,"key":"SMITH"}],"circlet_count":0,"master_deck":["AscendersBane","Strike_R","Strike_R","Strike_R+1","Strike_R","Defend_R","Defend_R+1","Defend_R","Defend_R","Bash","Shrug It Off+1","Shrug It Off","Disarm","Metallicize","Berserk","Shockwave","Ghostly","Ghostly","Ghostly","Apotheosis+1","Entrench"],"relics":["Burning Blood","Orichalcum","Golden Idol","Bronze Scales","MealTicket","Lantern","Odd Mushroom","bronze:MakeshiftBattery","Membership Card","Magic Flower"],"acts_visited":["Exordium","TheCity"],"potions_floor_usage":[13,13,16],"damage_taken":[{"damage":7.0,"enemies":"2 Louse","floor":1.0,"turns":2.0},{"damage":10.0,"enemies":"Small Slimes","floor":5.0,"turns":4.0},{"damage":30.0,"enemies":"3 Sentries","floor":7.0,"turns":16.0},{"damage":1.0,"enemies":"Jaw Worm","floor":10.0,"turns":4.0},{"damage":10.0,"enemies":"2 Fungi Beasts","floor":11.0,"turns":3.0},{"damage":29,"enemies":"Gremlin Nob","floor":13,"turns":5},{"damage":13,"enemies":"The Mushroom Lair","floor":14,"turns":7},{"damage":22,"enemies":"The Guardian","floor":16,"turns":13},{"damage":18,"enemies":"Chosen","floor":18,"turns":7},{"damage":9,"enemies":"2 Thieves","floor":22,"turns":5},{"damage":45,"enemies":"Gremlin Leader","floor":24,"turns":6}],"seed_played":"-2718525384335439379","potions_obtained":[{"floor":5.0,"key":"ElixirPotion"},{"floor":10.0,"key":"BlessingOfTheForge"},{"floor":11.0,"key":"EssenceOfSteel"},{"floor":14,"key":"ColorlessPotion"}],"is_trial":false,"path_per_floor":["M","?","?","?","M","R","E","R","T","M","M","R","E","?","R","B",null,"M","?","?","$","M","R","E"],"character_chosen":"IRONCLAD","items_purchased":["Membership Card","Apotheosis","Magic Flower"],"campfire_rested":3,"item_purchase_floors":[21,21,21],"current_hp_per_floor":[67,44,33,33,29,49,25,25,25,30,26,46,23,16,36,20,56,44,44,34,34,34,34,0,0],"gold":30,"neow_bonus":"RANDOM_COMMON_RELIC","is_daily":false,"chose_seed":false,"campfire_upgraded":2,"win_rate":0.0,"timestamp":1613248051,"path_taken":["M","?","?","?","M","R","E","R","T","M","M","R","E","?","R","BOSS","M","?","?","$","M","R","E"],"items_purchased_type":["Relic","Card","Relic"],"build_version":"2020-12-22","purchased_purges":1,"victory":false,"max_hp_per_floor":[75,75,75,68,68,68,68,68,68,68,68,68,68,68,68,68,68,68,68,34,34,34,34,34,34],"card_choices":[{"not_picked":["Wild Strike","Iron Wave"],"picked":"Shrug It Off","floor":1.0},{"not_picked":["Dark Embrace","Clash"],"picked":"Shrug It Off","floor":5.0},{"not_picked":["Clash","Sword Boomerang","Carnage"],"picked":"SKIP","floor":7.0},{"not_picked":["Flame Barrier","Clothesline"],"picked":"Disarm","floor":10.0},{"not_picked":["Clothesline","Clash","Iron Wave"],"picked":"SKIP","floor":11.0},{"not_picked":["Cleave","Infernal Blade"],"picked":"Metallicize","floor":13},{"not_picked":["Demon Form","Double Tap"],"picked":"Berserk","floor":16},{"not_picked":["Clothesline","Twin Strike"],"picked":"Shockwave","floor":18},{"not_picked":["Evolve","Pommel Strike"],"picked":"Entrench","floor":22}],"player_experience":595923,"relics_obtained":[{"floor":7.0,"key":"Bronze Scales"},{"floor":9.0,"key":"MealTicket"},{"floor":13,"key":"Lantern"},{"floor":14,"key":"Odd Mushroom"}],"event_choices":[{"damage_healed":0.0,"max_hp_gain":0.0,"max_hp_loss":0.0,"gold_gain":0.0,"event_name":"Shining Light","player_choice":"Entered Light","floor":2.0,"gold_loss":0.0,"damage_taken":23.0,"cards_upgraded":["Defend_R","Strike_R"]},{"damage_healed":0.0,"max_hp_gain":0.0,"max_hp_loss":0.0,"gold_gain":75.0,"event_name":"World of Goop","player_choice":"Gather Gold","floor":3.0,"gold_loss":0.0,"damage_taken":11.0},{"damage_healed":0.0,"max_hp_gain":0.0,"max_hp_loss":7.0,"gold_gain":0.0,"event_name":"Golden Idol","player_choice":"Lose Max HP","floor":4.0,"gold_loss":0.0,"damage_taken":0.0,"relics_obtained":["Golden Idol"]},{"damage_healed":0,"gold_gain":0,"player_choice":"Fought Mushrooms","damage_taken":0,"max_hp_gain":0,"max_hp_loss":0,"event_name":"Mushrooms","floor":14,"gold_loss":0},{"damage_healed":0,"gold_gain":0,"player_choice":"Ignored","damage_taken":0,"max_hp_gain":0,"max_hp_loss":0,"event_name":"Vampires","floor":19,"gold_loss":0},{"damage_healed":0,"gold_gain":0,"player_choice":"Became a Ghost","damage_taken":0,"max_hp_gain":0,"max_hp_loss":34,"event_name":"Ghosts","floor":20,"gold_loss":0,"cards_obtained":["Ghostly","Ghostly","Ghostly"]}],"is_beta":false,"boss_relics":[{"not_picked":["Cursed Key","Snecko Eye"],"picked":"bronze:MakeshiftBattery"}],"items_purged_floors":[21],"is_endless":false,"potions_floor_spawned":[5,10,11,14],"killed_by":"Gremlin Leader","ascension_level":18}}