{"host":"bvp2uifzy1c463d9","time":1613196893,"event":{"mods":["AchievementEnabler","BaseMod","Block Reminder","Bossed Relics","ChefMod","Colored Map","Colored Powertips","Energized Spire","Hermit","Highlight Path","Hubris","Infinite Spire","Minty Spire (QoL Compilation)","Random Character Button","Relic Sorter","Relic Stats","Reliquary","Replay The Spire","StSLib","The Blue Laboratory","The Jungle","The Servant 0.9.4","Wandering Minibosses"],"gold_per_floor":[118,10,85,85,100,100,127,127,127,140,160,176,176,191,191,294,294,305,305,305,305],"floor_reached":20,"language":"ENG","playtime":806,"items_purged":[],"score":199,"play_id":"769ba48d-4371-4b19-b9bb-484e38c531f3","local_time":"20210213001453","is_ascension_mode":false,"campfire_choices":[{"data":"chefmod:NoSoupForYou","floor":6,"key":"SMITH"},{"data":"chefmod:HotSoup","floor":8,"key":"SMITH"},{"data":"chefmod:AlooGobi","floor":15,"key":"SMITH"}],"circlet_count":0,"master_deck":["chefmod:Strike","chefmod:Strike","chefmod:Strike","chefmod:QuickThaw+1","chefmod:Defend","chefmod:Defend","chefmod:Defend","chefmod:TodaysSpecial","chefmod:Chop","chefmod:Granita","chefmod:HotSoup+1","chefmod:NoSoupForYou+1","chefmod:BleedOut","chefmod:TwoForOne","chefmod:FullBurn","chefmod:Sorbet","chefmod:AlooGobi+1","chefmod:IceCreamCone"],"relics":["chefmod:TrustyPot","NeowsBlessing","infinitespire:Lucky Rock","Tiny Chest","Empty Cage"],"acts_visited":["Exordium","TheCity"],"potions_floor_usage":[],"damage_taken":[{"damage":0,"enemies":"Jaw Worm","floor":1,"turns":1},{"damage":0,"enemies":"Cultist","floor":5,"turns":1},{"damage":0,"enemies":"3 Sentries","floor":7,"turns":2},{"damage":2,"enemies":"2 Louse","floor":10,"turns":3},{"damage":0,"enemies":"Looter","floor":11,"turns":3},{"damage":0,"enemies":"Blue Slaver","floor":12,"turns":4},{"damage":18,"enemies":"Lots of Slimes","floor":14,"turns":6},{"damage":23,"enemies":"Hexaghost","floor":16,"turns":13},{"damage":33,"enemies":"3 Byrds","floor":18,"turns":7},{"damage":35,"enemies":"Masked Bandits","floor":20,"turns":3}],"seed_played":"2065231670871522645","potions_obtained":[{"floor":5,"key":"blueLaboratory:FruitPreserves"},{"floor":10,"key":"SpeedPotion"},{"floor":11,"key":"blueLaboratory:TrueEctoplasm"}],"is_trial":false,"path_per_floor":["M","$","?","?","M","R","E","R","T","M","M","M","?","M","R_BF","B",null,"M","?","?"],"character_chosen":"THE_CHEF","items_purchased":["chefmod:Granita","chefmod:HotSoup"],"campfire_rested":0,"item_purchase_floors":[2,2],"current_hp_per_floor":[76,76,65,65,65,65,65,65,65,63,63,63,68,50,50,27,81,48,33,0,0],"gold":305,"neow_bonus":"THREE_ENEMY_KILL","is_daily":false,"chose_seed":false,"campfire_upgraded":3,"win_rate":0.0,"timestamp":1613196893,"path_taken":["M","$","?","?","?","R","E","R","T","M","M","M","?","M","R_BF","BOSS","M","?","?"],"items_purchased_type":["Card","Card"],"build_version":"2020-12-22","purchased_purges":0,"victory":false,"max_hp_per_floor":[76,76,76,76,76,76,76,76,76,76,76,76,81,81,81,81,81,81,86,86,86],"relic_stats":{"counters":[10,43],"Tiny Chest":0,"obtain_stats":[{"chefmod:TrustyPot":0,"NeowsBlessing":0,"Tiny Chest":9,"infinitespire:Lucky Rock":7,"Empty Cage":17},{"chefmod:TrustyPot":0,"NeowsBlessing":0,"Tiny Chest":3,"infinitespire:Lucky Rock":3,"Empty Cage":8},{"chefmod:TrustyPot":0,"NeowsBlessing":0,"Tiny Chest":4,"infinitespire:Lucky Rock":4,"Empty Cage":33}]},"card_choices":[{"not_picked":["chefmod:PotatoGratin","chefmod:Granita"],"picked":"chefmod:Chop","floor":1},{"not_picked":["chefmod:SliceAndDice","chefmod:Sorbet"],"picked":"chefmod:NoSoupForYou","floor":5},{"not_picked":["chefmod:FreshProduce","chefmod:FryPan"],"picked":"chefmod:BleedOut","floor":7},{"not_picked":["chefmod:FarmersMarket","chefmod:Defrost"],"picked":"chefmod:TwoForOne","floor":10},{"not_picked":["chefmod:FarmersMarket","chefmod:FryPan"],"picked":"chefmod:FullBurn","floor":11},{"not_picked":["chefmod:BaoBuns","chefmod:SearedScallops"],"picked":"chefmod:Sorbet","floor":12},{"not_picked":["chefmod:CuttingBoard","chefmod:FireUp"],"picked":"chefmod:AlooGobi","floor":14},{"not_picked":["chefmod:Gelato","chefmod:AlooGobi+1"],"picked":"chefmod:IceCreamCone","floor":18}],"player_experience":327698,"relics_obtained":[{"floor":7,"key":"infinitespire:Lucky Rock"},{"floor":9,"key":"Tiny Chest"}],"event_choices":[{"damage_healed":0,"gold_gain":75,"player_choice":"Gather Gold","damage_taken":11,"max_hp_gain":0,"max_hp_loss":0,"event_name":"World of Goop","floor":3,"gold_loss":0},{"damage_healed":0,"gold_gain":0,"player_choice":"Forge","damage_taken":0,"max_hp_gain":0,"max_hp_loss":0,"event_name":"Accursed Blacksmith","floor":4,"gold_loss":0,"cards_upgraded":["chefmod:QuickThaw"]},{"damage_healed":0,"gold_gain":0,"player_choice":"Donut","damage_taken":0,"max_hp_gain":5,"max_hp_loss":0,"event_name":"Big Fish","floor":13,"gold_loss":0},{"damage_healed":0,"gold_gain":0,"player_choice":"Shed Blood","damage_taken":20,"max_hp_gain":5,"max_hp_loss":0,"event_name":"Forgotten Altar","floor":19,"gold_loss":0},{"damage_healed":0,"gold_gain":0,"player_choice":"Fought Bandits","damage_taken":0,"max_hp_gain":0,"max_hp_loss":0,"event_name":"Masked Bandits","floor":20,"gold_loss":0}],"is_beta":false,"boss_relics":[{"not_picked":["energizedSpire:CursedPentagram","Velvet Choker"],"picked":"Empty Cage"}],"items_purged_floors":[],"is_endless":false,"potions_floor_spawned":[5,10,11,14],"killed_by":"Masked Bandits","ascension_level":0}}