{"host":"5aybe1nma5c8fep7","time":1613256847,"event":{"mods":["BaseMod","Conspire","Downfall","Friendly Minions","Minty Spire (QoL Compilation)","Replay The Spire","SacredBarkPlus","StSLib"],"gold_per_floor":[182,192,207,221,321,321,321,351,351,351],"floor_reached":8,"language":"ENG","playtime":395,"items_purged":[],"score":56,"play_id":"c62c03a5-a4b5-4dc9-ac8f-b46468551844","local_time":"20210213145407","is_ascension_mode":false,"campfire_choices":[],"circlet_count":0,"master_deck":["sneckomod:Strike","sneckomod:Strike","sneckomod:Strike","sneckomod:Defend","sneckomod:Defend","sneckomod:Defend","sneckomod:TailWhip","sneckomod:SnekBite","sneckomod:Unknown","sneckomod:UnknownCommonAttack","sneckomod:DiceBlock","sneckomod:UnknownStrike","Undo","sneckomod:Nope+1"],"relics":["sneckomod:SneckoSoul","Toxic Egg 2","Pen Nib"],"acts_visited":["Exordium"],"potions_floor_usage":[],"damage_taken":[{"damage":1,"enemies":"Cultist","floor":2,"turns":4},{"damage":7,"enemies":"conspire:RoseBush","floor":3,"turns":3},{"damage":6,"enemies":"Jaw Worm","floor":4,"turns":3},{"damage":28,"enemies":"3 Sentries","floor":8,"turns":10}],"seed_played":"-6884819932036517475","potions_obtained":[{"floor":3,"key":"BlessingOfTheForge"},{"floor":8,"key":"Dexterity Potion"}],"is_trial":false,"path_per_floor":["R","M","M","M","?","R","T","E"],"character_chosen":"THE_SNECKO","items_purchased":[],"campfire_rested":0,"item_purchase_floors":[],"current_hp_per_floor":[99,98,91,85,85,85,85,57,57,57],"gold":351,"neow_bonus":"TEN_PERCENT_HP_BONUS","is_daily":false,"chose_seed":false,"campfire_upgraded":0,"win_rate":0.0,"timestamp":1613256847,"path_taken":["R","M","M","M","?","R","T","E"],"items_purchased_type":[],"build_version":"2020-12-22","purchased_purges":0,"victory":false,"max_hp_per_floor":[99,99,99,99,99,99,99,99,99,99],"card_choices":[{"not_picked":["sneckomod:UnknownWeak","sneckomod:RainOfDice"],"picked":"sneckomod:UnknownCommonAttack","floor":2},{"not_picked":["sneckomod:WideSting","sneckomod:QuickMove"],"picked":"sneckomod:DiceBlock","floor":3},{"not_picked":["sneckomod:DiceBlock","sneckomod:DefensiveFlair"],"picked":"sneckomod:UnknownStrike","floor":4},{"not_picked":["sneckomod:UnknownDraw+1","sneckomod:IronFang"],"picked":"sneckomod:Nope+1","floor":8}],"player_experience":456521,"relics_obtained":[{"floor":7,"key":"Toxic Egg 2"},{"floor":8,"key":"Pen Nib"}],"event_choices":[],"is_beta":false,"boss_relics":[],"items_purged_floors":[],"is_endless":false,"potions_floor_spawned":[3,8],"killed_by":"3 Sentries","ascension_level":0}}