{"host":"o3b7ow6d1xe49css","time":1613196385,"event":{"mods":["Act Like it!","Aspiration","BaseMod","Bestiary","Better Altar","Better Match","Better Note","Better Sensory Stone","Better Skull","Better Third Choice","Colored Powertips","Conspire","Energized Spire","Force Act Four","GifTheSpireLib","Halation","Hermit","Hubris","Infinite Spire","Lobotomy","Marisa????????","Minty Spire (QoL Compilation)","Quick Restart","Rare Cards Sparkle","Relic Filter Mod","Reliquary","Replay The Spire","Spicy Shops","Spikes Relics","Spire Arcade","StSLib","Stuff the Spire","The Blue Laboratory","Wandering Minibosses"],"gold_per_floor":[119,130,148,140,155,155,181,244,244,311,368,368,384,396,396,560,560,1321,948,338,350,350,417,477,538,538,600,600,631,631,631,631,805,905,930,930,944,944,944,1011,1011,1076,1100,1168,1168,684,748,810,810,989,989,989,841,903,903],"floor_reached":56,"language":"ENG","playtime":2338,"items_purged":["hermit:Strike_Hermit","hermit:Strike_Hermit","hermit:Strike_Hermit"],"score":2319,"play_id":"09ad41b9-3365-4fec-b3e5-b40422c0edad","local_time":"20210212210625","daily_mods":["Heirloom","Flight"],"is_ascension_mode":true,"campfire_choices":[{"data":"hermit:Snipe","floor":6,"key":"SMITH"},{"data":"hermit:DeadOrAlive","floor":12,"key":"SMITH"},{"data":"hermit:WideOpen","floor":15,"key":"SMITH"},{"floor":28,"key":"RECALL"},{"data":"infinitespire:SevenWalls","floor":32,"key":"SMITH"},{"data":"BlessedFruit","floor":41,"key":"SMITH"},{"data":"hermit:Determination","floor":49,"key":"SMITH"},{"data":"BlessedFruit","floor":52,"key":"SMITH"}],"circlet_count":0,"master_deck":["hermit:Strike_Hermit","hermit:Defend_Hermit","hermit:Defend_Hermit","hermit:Defend_Hermit","hermit:Defend_Hermit","hermit:Snapshot","hermit:Covet+1","hermit:Snipe+1","Scorched","UniverseFragment","hermit:HoleUp+1","hermit:DeadOrAlive+1","hermit:WideOpen+1","hermit:Roughhouse","hermit:Dive+1","infinitespire:SevenWalls+1","hermit:PistolWhip","BlessedFruit+1","BlessedFruit+1","hermit:Magnum","hermit:Determination+1","hermit:Determination"],"relics":["hermit:Momento","Ring of Chaos","Durian","CogitoBucket","infinitespire:Satchel","conspire:BottledYoYo","Kunai","Vajra","StuffTheSpire:Mouthbags","Odd Mushroom","energizedSpire:SpiderWeb","wanderingMiniBosses:MasterThiefsPresence","aspiration:Nostalgia","halation:Thesaurus","Replay:M_StaffOfTheSnake","halation:TrafficLight","MealTicket","StuffTheSpire:Tea","Mummified Hand","reliquary:PorcupineQuills","Darkstone Periapt","Pantograph","hubris:MysteriousPyramids","halation:PinkSoulGem","Replay:Wanted Poster","HeavenlyBonsai","Incense Burner","Pen Nib","War Paint","Simple Rune","hubris:Towel","PreservedInsect","ClockworkSouvenir","Omamori","hubris:Metronome","Ancient Tea Set","Calling Bell","aspiration:AnachronicSnailShell","Snack Pack","Juzu Bracelet","Ring of Chaos","Chemical X","Bag of Marbles"],"acts_visited":["Exordium","TheCity","TheBeyond","Exordium","TheEnding"],"potions_floor_usage":[5,7,7,7,8,8,55,55,55,55,55],"damage_taken":[{"damage":0,"enemies":"infinitespire:Voidling","floor":1,"turns":3},{"damage":5,"enemies":"Small Slimes","floor":2,"turns":3},{"damage":0,"enemies":"conspire:RoseBush","floor":3,"turns":2},{"damage":0,"enemies":"Exordium Wildlife","floor":4,"turns":5},{"damage":9,"enemies":"Red Slaver","floor":5,"turns":2},{"damage":16,"enemies":"Gremlin Nob","floor":7,"turns":4},{"damage":0,"enemies":"Lagavulin","floor":8,"turns":3},{"damage":2,"enemies":"Gremlin Nob","floor":10,"turns":3},{"damage":13,"enemies":"Lagavulin","floor":11,"turns":5},{"damage":0,"enemies":"2 Fungi Beasts","floor":13,"turns":3},{"damage":0,"enemies":"The Mushroom Lair","floor":14,"turns":5},{"damage":21,"enemies":"Hexaghost","floor":16,"turns":9},{"damage":10,"enemies":"3 Byrds","floor":18,"turns":4},{"damage":0,"enemies":"Shell Parasite","floor":21,"turns":2},{"damage":0,"enemies":"Replay:Snechameleon","floor":23,"turns":1},{"damage":0,"enemies":"conspire:Head Lice","floor":24,"turns":2},{"damage":0,"enemies":"Gremlin Leader","floor":25,"turns":2},{"damage":0,"enemies":"conspire:Head Lice","floor":27,"turns":2},{"damage":0,"enemies":"Nightmare","floor":29,"turns":5},{"damage":0,"enemies":"Automaton","floor":33,"turns":6},{"damage":0,"enemies":"3 Shapes","floor":35,"turns":3},{"damage":0,"enemies":"Orb Walker","floor":37,"turns":1},{"damage":0,"enemies":"Reptomancer","floor":40,"turns":2},{"damage":0,"enemies":"R_Hoarder","floor":42,"turns":2},{"damage":0,"enemies":"Nemesis","floor":44,"turns":3},{"damage":0,"enemies":"Nightmare","floor":47,"turns":1},{"damage":0,"enemies":"Reptomancer","floor":48,"turns":1},{"damage":5,"enemies":"conspire:OrnateMirror","floor":50,"turns":2},{"damage":0,"enemies":"Shield and Spear","floor":54,"turns":1},{"damage":0,"enemies":"The Heart","floor":55,"turns":5}],"seed_played":"-3397275615720504312","potions_obtained":[{"floor":1,"key":"Dexterity Potion"},{"floor":2,"key":"EntropicBrew"},{"floor":4,"key":"blueLaboratory:PolymorphPotion"},{"floor":11,"key":"blueLaboratory:ArtificerPotion"},{"floor":21,"key":"blueLaboratory:Moonshine"},{"floor":37,"key":"ColorlessPotion"}],"is_trial":true,"path_per_floor":["M","M","M","M","M","R","E","E","T","E","E","R","M","?","R","B",null,"M","$","$","M","AVR","E","E","E","T","E","R","NM","?","?","R","B",null,"M","?","M","$","AVR","E","R","E","T","E","?","$","NM","E","R","B",null,"R","$","E","B",null],"character_chosen":"HERMIT","items_purchased":["aspiration:Nostalgia","halation:Thesaurus","halation:TrafficLight","MealTicket","LiquidMemories","PreservedInsect","ClockworkSouvenir","hermit:Determination","Omamori","Chemical X"],"campfire_rested":0,"item_purchase_floors":[19,19,20,20,20,46,46,46,46,53],"current_hp_per_floor":[80,75,75,75,66,66,50,50,50,48,35,35,35,35,35,14,64,54,54,54,54,54,54,54,54,54,54,54,54,54,80,80,80,80,80,80,80,80,80,81,81,84,84,87,87,87,87,87,87,82,87,87,87,87,91],"gold":903,"neow_bonus":"","is_daily":false,"chose_seed":false,"campfire_upgraded":7,"win_rate":0.0,"timestamp":1613196385,"path_taken":["M","M","M","M","?","R","E","E","T","E","E","R","M","?","R","BOSS","M","$","$","M","AVR","E","E","E","T","E","R","NM","?","?","R","BOSS","M","?","M","$","AVR","E","R","E","T","E","?","$","NM","E","R","BOSS","R","$","E","BOSS"],"items_purchased_type":["Relic","Relic","Relic","Relic","Potion","Relic","Relic","Card","Relic","Relic"],"build_version":"2020-12-22","purchased_purges":3,"victory":true,"max_hp_per_floor":[80,80,80,80,80,80,80,80,80,80,80,80,80,80,80,80,80,80,80,80,80,80,80,80,80,80,80,80,80,80,80,80,80,80,80,80,80,80,80,81,81,84,84,87,87,87,87,87,87,87,87,87,87,87,91],"card_choices":[{"not_picked":["hermit:ShadowCloak","hermit:SprayPray"],"picked":"hermit:Snipe","floor":1},{"not_picked":["QueenBee","MHz"],"picked":"Scorched","floor":1},{"not_picked":["OldLady","BeautyBeast","MHz"],"picked":"Singing Bowl","floor":2},{"not_picked":["hermit:Cheat","hermit:CalledShot","hermit:Glare"],"picked":"SKIP","floor":2},{"not_picked":["MHz","FieryBird"],"picked":"UniverseFragment","floor":3},{"not_picked":["hermit:Desperado","hermit:CalledShot","hermit:Enervate"],"picked":"SKIP","floor":3},{"not_picked":["hermit:Midnight","hermit:Quickdraw","hermit:Coalescence"],"picked":"SKIP","floor":4},{"not_picked":["hermit:Showdown","hermit:Manifest","hermit:Roulette"],"picked":"SKIP","floor":5},{"not_picked":["hermit:Ricochet","hermit:Headshot"],"picked":"hermit:DeadOrAlive","floor":7},{"not_picked":["hermit:GhostlyPresence","hermit:ShadowCloak"],"picked":"hermit:HoleUp","floor":8},{"not_picked":["Scarecrow","WallGazer","SingingMachine"],"picked":"Singing Bowl","floor":10},{"not_picked":["hermit:FinalCanter","hermit:GhostlyPresence","hermit:ItchyTrigger"],"picked":"SKIP","floor":10},{"not_picked":["Murderer","Variant","MeatLantern"],"picked":"Singing Bowl","floor":11},{"not_picked":["hermit:Manifest","hermit:Dissolve","hermit:HighCaliber"],"picked":"SKIP","floor":11},{"not_picked":["hermit:BigShot","hermit:Headshot","hermit:ItchyTrigger"],"picked":"SKIP","floor":13},{"not_picked":["hermit:Horror","hermit:Spite"],"picked":"hermit:WideOpen","floor":14},{"not_picked":["hermit:EternalForm","hermit:HighNoon"],"picked":"hermit:Roughhouse","floor":16},{"not_picked":["SpiderBud","GreedKing","OldLady"],"picked":"Singing Bowl","floor":16},{"not_picked":["hermit:FlashPowder","hermit:Gambit"],"picked":"hermit:Dive+1","floor":18},{"not_picked":["hermit:HighCaliber","WeaponsOverheat","EmptyMind+1"],"picked":"SKIP","floor":21},{"not_picked":["hermit:ShadowCloak","hermit:LuckOfTheDraw+1"],"picked":"hermit:PistolWhip","floor":23},{"not_picked":["Dagger Throw","Fire Breathing","Barricade"],"picked":"SKIP","floor":24},{"not_picked":["Dual Wield","hermit:Horror+1","Outmaneuver"],"picked":"SKIP","floor":25},{"not_picked":["hermit:NoHoldsBarred","hermit:Desperado+1","hermit:Misfire"],"picked":"SKIP","floor":27},{"not_picked":["hermit:CursedWeapon+1","ThirdEye+1","Recycle"],"picked":"SKIP","floor":29},{"not_picked":["hermit:Deadeye","hermit:Feint+1","hermit:BodyArmor"],"picked":"SKIP","floor":35},{"not_picked":["hermit:BodyArmor+1","hermit:NoHoldsBarred+1","hermit:WideOpen+1"],"picked":"SKIP","floor":37},{"not_picked":["hermit:Combo","hermit:WideOpen+1"],"picked":"hermit:Magnum","floor":40},{"not_picked":["hermit:LowProfile+1","hermit:Manifest+1","hermit:BodyArmor+1"],"picked":"SKIP","floor":42},{"not_picked":["hermit:Feint","hermit:Roulette+1","hermit:Vantage"],"picked":"SKIP","floor":44},{"not_picked":["hermit:Desperado+1","hermit:LowProfile+1","hermit:PistolWhip"],"picked":"SKIP","floor":47},{"not_picked":["hermit:FlashPowder+1","hermit:TrackingShot","hermit:Malice"],"picked":"SKIP","floor":48},{"not_picked":["hermit:BigShot","hermit:Roulette+1"],"picked":"hermit:Determination","floor":54}],"player_experience":1389176,"relics_obtained":[{"floor":7,"key":"infinitespire:Satchel"},{"floor":8,"key":"conspire:BottledYoYo"},{"floor":9,"key":"Kunai"},{"floor":10,"key":"Vajra"},{"floor":11,"key":"StuffTheSpire:Mouthbags"},{"floor":14,"key":"Odd Mushroom"},{"floor":18,"key":"wanderingMiniBosses:MasterThiefsPresence"},{"floor":23,"key":"Mummified Hand"},{"floor":24,"key":"reliquary:PorcupineQuills"},{"floor":25,"key":"Darkstone Periapt"},{"floor":27,"key":"Pantograph"},{"floor":29,"key":"hubris:MysteriousPyramids"},{"floor":40,"key":"Incense Burner"},{"floor":42,"key":"Pen Nib"},{"floor":43,"key":"War Paint"},{"floor":44,"key":"Simple Rune"},{"floor":47,"key":"hubris:Metronome"},{"floor":48,"key":"Ancient Tea Set"},{"floor":51,"key":"aspiration:AnachronicSnailShell"},{"floor":51,"key":"Snack Pack"},{"floor":51,"key":"Juzu Bracelet"},{"floor":54,"key":"Bag of Marbles"}],"event_choices":[{"damage_healed":0,"gold_gain":0,"player_choice":"Fought Mushrooms","damage_taken":0,"max_hp_gain":0,"max_hp_loss":0,"event_name":"Mushrooms","floor":14,"gold_loss":0},{"damage_healed":26,"gold_gain":0,"player_choice":"Full Heal","damage_taken":0,"max_hp_gain":0,"max_hp_loss":0,"event_name":"Wheel of Change","floor":31,"gold_loss":0},{"damage_healed":0,"gold_gain":0,"player_choice":"Ignored","damage_taken":0,"max_hp_gain":0,"max_hp_loss":0,"event_name":"Tomb of Lord Red Mask","floor":36,"gold_loss":0}],"is_beta":false,"boss_relics":[{"not_picked":["ChewingGum","hubris:Backtick"],"picked":"energizedSpire:SpiderWeb"},{"not_picked":["conspire:RoyalGoblet","Kintsugi"],"picked":"Replay:Wanted Poster"},{"not_picked":["aspiration:RunicSpoon","aspiration:IroncladSkillbook"],"picked":"Calling Bell"}],"items_purged_floors":[19,22,39],"is_endless":true,"potions_floor_spawned":[1,2,4,11,21,25,27,29,35,37,40,54],"ascension_level":5}}