{"host":"tr12w2fixbnujl15","time":1613244862,"event":{"mods":["100% Spire Juice","2.2 Compatiblity","A Penny For Your Troubles","BaseMod","Better Skull","Better Vampires","BetterRewards","CapriCore","Clockwork Mod","Colored Powertips","Evolution","Gremlin Skip","Hermit","Hubris","Infinite Spire","JesterMod","Kalas","KinomotoSakuraMod(????)","Koishi","Mad Scientist","Magitek Elite","Mathematician","Minty Spire (QoL Compilation)","Permanent Neow","Quick Restart","Reimu??????","Relic Filter","Remilia_Scarlet Moed?????·?????3.3.5","Replay The Spire","Shop Mod","StSLib","SuperFastMode","The Accelerator","The Bug Knight","The Construct","The Cursed","The Hayseed","The Hierophant","The Immortal","The Mystic","The Necromancer","The Runesmith","The Sage","The Senshi","The Servant 0.9.4","The Spell Scribe","The Vixen","TheFirefly","TheSwordswoman","TheVelvet","Transform Curses","WarShipGirlsR/????R mod","Yakumo Yukari mod","[IsaacMod]????"],"gold_per_floor":[114,162,182,182,195,195,208,208,208,208,208,208,208],"floor_reached":12,"language":"ENG","playtime":479,"items_purged":[],"score":68,"play_id":"107c3980-3e5b-4be6-9d52-6bd6a3085243","local_time":"20210213143422","is_ascension_mode":false,"campfire_choices":[{"floor":6,"key":"REST"},{"data":"theScribe:MagicMissiles","floor":8,"key":"SMITH"}],"circlet_count":0,"master_deck":["theScribe:FocusingBlow","theScribe:StarterAttack","theScribe:LightningStrike","theScribe:LightningStrike","theScribe:StarterDefend","theScribe:StarterDefend","theScribe:StarterDefend","theScribe:IcyDefend","theScribe:IcyDefend","theScribe:StarterModifier","Enlightenment","theScribe:TelumSpellstone","theScribe:Thunder","theScribe:StaticSeries","Bomb","theScribe:MagicMissiles+1"],"relics":["theScribe:StarterRelic1","EVO:Axolotl","HushsDoor","GuppysTail","Guard_Bracelet","construct:RocketBooster"],"acts_visited":["Exordium"],"potions_floor_usage":[3],"damage_taken":[{"damage":0,"enemies":"Small Slimes","floor":1,"turns":4},{"damage":5,"enemies":"2 Louse","floor":3,"turns":3},{"damage":13,"enemies":"Cultist","floor":5,"turns":5},{"damage":0,"enemies":"3 Louse","floor":7,"turns":1},{"damage":27,"enemies":"Gremlin Nob","floor":12,"turns":4}],"seed_played":"-2073317731916824823","potions_obtained":[{"floor":2,"key":"MagicPotion:ReiMu"},{"floor":3,"key":"Fruit Juice"}],"is_trial":false,"path_per_floor":["M","?","M","?","M","R","M","R","T","?","?","E"],"character_chosen":"THE_SCRIBE","items_purchased":[],"campfire_rested":1,"item_purchase_floors":[],"current_hp_per_floor":[75,57,57,57,44,68,68,68,68,68,68,41,41],"gold":208,"neow_bonus":"RANDOM_COLORLESS","is_daily":false,"chose_seed":false,"campfire_upgraded":1,"win_rate":0.0,"timestamp":1613244862,"path_taken":["M","?","M","?","M","R","M","R","T","?","?","E"],"items_purchased_type":[],"build_version":"2020-12-22","purchased_purges":0,"victory":false,"max_hp_per_floor":[75,75,80,80,80,80,80,80,80,80,80,80,80],"card_choices":[{"not_picked":[],"picked":"ChaosCard","floor":0},{"not_picked":["Deep Breath","Mind Blast"],"picked":"Enlightenment","floor":0},{"not_picked":["theScribe:GatherComponents","theScribe:CripplingCharge"],"picked":"theScribe:TelumSpellstone","floor":1},{"not_picked":["theScribe:ArcaneBarrier","theScribe:QuickStudy"],"picked":"theScribe:Thunder","floor":2},{"not_picked":["Bomb","theScribe:InvigoratingStrike"],"picked":"theScribe:StaticSeries","floor":2},{"not_picked":["theScribe:CripplingCharge","theScribe:Meditate"],"picked":"Bomb","floor":3},{"not_picked":["theScribe:Focused","theScribe:Insight"],"picked":"Bomb","floor":5},{"not_picked":["theScribe:Thunder","theScribe:Meditate"],"picked":"theScribe:MagicMissiles","floor":7}],"player_experience":108052,"relics_obtained":[{"floor":2,"key":"Guard_Bracelet"},{"floor":9,"key":"construct:RocketBooster"}],"event_choices":[],"is_beta":false,"boss_relics":[],"items_purged_floors":[],"is_endless":false,"potions_floor_spawned":[3],"killed_by":"Gremlin Nob","ascension_level":0}}