{"host":"5m2js577gj4e7pak","time":1613204332,"event":{"mods":["AchievementEnabler","BaseMod","Better Match","Better Note","Better Third Choice","BetterRewards","Colored Map","Colored Powertips","Highlight Path","Lobotomy","LobotomyExtend","Minty Spire (QoL Compilation)","Quick Restart","Relic Filter","Spicy Shops","StSLib"],"gold_per_floor":[114,42,0,0,13,13,43,43,97,97,127,142,217,252,252,348,348,363,363,363,363,363],"floor_reached":21,"language":"ENG","playtime":997,"items_purged":[],"score":192,"play_id":"edc6a616-5d67-4a07-957a-dc1a6f67c652","local_time":"20210213091852","is_ascension_mode":true,"campfire_choices":[],"circlet_count":0,"master_deck":["DespairKnight","SpecialBullet","SpecialBullet","SpecialBullet","SpecialBullet","SpecialBullet","SpecialBullet","SpecialBullet","SpecialBullet","InformationCode","SecurityCode","WelfareCode","CENSORED_ego","BeautyBeast","Spore+1","Enlightenment+1","ShyLook","WristCuter","Penitence","WallGazer","Regret_ego","FrostShard","RedEyes","ControlCode","TheSmile","LittleHelper","RapturousDream","ShedSkin"],"relics":["CogitoBucket","RabbitCall","LetterFromLob","Whetstone","War Paint","Bag of Preparation","Odd Mushroom","Juzu Bracelet","SwordSharpenedByTears_r","Fusion Hammer","Theresia"],"acts_visited":["Exordium","TheCity"],"potions_floor_usage":[14,16,16,18],"damage_taken":[{"damage":6,"enemies":"Jaw Worm","floor":1,"turns":3},{"damage":3,"enemies":"2 Louse","floor":5,"turns":3},{"damage":15,"enemies":"Gremlin Nob","floor":7,"turns":5},{"damage":6,"enemies":"The Mushroom Lair","floor":11,"turns":4},{"damage":8,"enemies":"Cultist","floor":12,"turns":3},{"damage":35,"enemies":"3 Sentries","floor":14,"turns":8},{"damage":44,"enemies":"Slime Boss","floor":16,"turns":42},{"damage":32,"enemies":"3 Byrds","floor":18,"turns":9},{"damage":48,"enemies":"Shell Parasite","floor":21,"turns":4}],"seed_played":"-4873764052403809061","potions_obtained":[{"floor":1,"key":"LiquidBronze"},{"floor":12,"key":"SteroidPotion"},{"floor":14,"key":"BlessingOfTheForge"},{"floor":16,"key":"Ancient Potion"}],"is_trial":false,"path_per_floor":["M","$","?","?","M","R","E","R","T","R","?","M","?","E","R","B",null,"M","?","?","M"],"character_chosen":"Angela","items_purchased":["Whetstone"],"campfire_rested":0,"item_purchase_floors":[2],"current_hp_per_floor":[51,51,57,57,62,62,55,55,55,55,64,74,63,46,46,20,76,62,48,48,0,0],"gold":363,"neow_bonus":"THREE_RARE_CARDS","is_daily":false,"chose_seed":false,"campfire_upgraded":0,"win_rate":0.0,"timestamp":1613204332,"path_taken":["M","$","?","?","?","R","E","R","T","R","?","M","?","E","R","BOSS","M","?","?","M"],"items_purchased_type":["Relic"],"build_version":"2020-12-22","purchased_purges":0,"victory":false,"max_hp_per_floor":[70,70,76,76,76,76,76,76,76,76,76,76,76,76,76,76,76,76,81,81,81,81],"card_choices":[{"not_picked":["TheSmile","ParadiseLost"],"picked":"CENSORED_ego","floor":0},{"not_picked":["PunishingBird","Murderer"],"picked":"BeautyBeast","floor":1},{"not_picked":["Regret_ego"],"picked":"Spore","floor":1},{"not_picked":["Scorched","UniverseFragment"],"picked":"ShyLook","floor":5},{"not_picked":["CUTE"],"picked":"WristCuter","floor":5},{"not_picked":["Soda"],"picked":"Penitence","floor":7},{"not_picked":["FairyFestival","OldLady"],"picked":"WallGazer","floor":11},{"not_picked":["Beak"],"picked":"Regret_ego","floor":11},{"not_picked":["FairyFestival","Murderer"],"picked":"DespairKnight","floor":12},{"not_picked":["Penitence"],"picked":"FrostShard","floor":12},{"not_picked":["Loneliness"],"picked":"RedEyes","floor":14},{"not_picked":["SoundOfStar"],"picked":"TheSmile","floor":16},{"not_picked":["MeatLantern","Rudolta"],"picked":"LittleHelper","floor":18},{"not_picked":["MagicBullet+1"],"picked":"RapturousDream","floor":18}],"player_experience":73150,"relics_obtained":[{"floor":1,"key":"LetterFromLob"},{"floor":7,"key":"War Paint"},{"floor":9,"key":"Bag of Preparation"},{"floor":11,"key":"Odd Mushroom"},{"floor":14,"key":"Juzu Bracelet"}],"event_choices":[{"damage_healed":0,"gold_gain":0,"player_choice":"RENOUNCE","damage_taken":42,"max_hp_gain":0,"max_hp_loss":0,"event_name":"betterThird:BetterSerpent","floor":3,"gold_loss":42,"cards_obtained":["Enlightenment"]},{"cards_removed":["CENSORED_ego"],"damage_healed":0,"gold_gain":0,"player_choice":"Give","damage_taken":0,"max_hp_gain":0,"max_hp_loss":0,"event_name":"betterNote:BetterNote","floor":4,"gold_loss":0,"cards_obtained":["InformationCode"]},{"damage_healed":0,"gold_gain":0,"player_choice":"Fought Mushrooms","damage_taken":0,"max_hp_gain":0,"max_hp_loss":0,"event_name":"Mushrooms","floor":11,"gold_loss":0},{"damage_healed":0,"gold_gain":75,"player_choice":"Gold","damage_taken":11,"max_hp_gain":1,"max_hp_loss":0,"event_name":"betterThird:BetterGoop","floor":13,"gold_loss":0},{"damage_healed":0,"gold_gain":0,"player_choice":"Shed Blood","damage_taken":19,"max_hp_gain":5,"max_hp_loss":0,"event_name":"Forgotten Altar","floor":19,"gold_loss":0},{"damage_healed":0,"gold_gain":0,"player_choice":"Read","damage_taken":0,"max_hp_gain":0,"max_hp_loss":0,"event_name":"The Library","floor":20,"gold_loss":0,"cards_obtained":["ShedSkin"]}],"is_beta":false,"boss_relics":[{"not_picked":["Ectoplasm","Runic Pyramid"],"picked":"Fusion Hammer"}],"items_purged_floors":[],"is_endless":false,"potions_floor_spawned":[1,12,14,16],"killed_by":"Shell Parasite","ascension_level":1}}