{"host":"9eblolo89h1d1ypp","time":1613208017,"event":{"mods":["BaseMod","Downfall","Highlight Path","Minty Spire (QoL Compilation)","StSLib"],"gold_per_floor":[113,113,129,5,60,89,37,68,68,128,128,128],"floor_reached":11,"language":"FRA","playtime":389,"items_purged":[],"score":95,"play_id":"84429206-b07a-4d27-aa91-1a731afd3a29","local_time":"20210213102017","is_ascension_mode":true,"campfire_choices":[],"circlet_count":0,"master_deck":["Strike_P","Strike_P","Strike_P+1","Defend_P","Defend_P","Defend_P","Defend_P","Eruption","Vigilance","PathToVictory","CutThroughFate","Prostrate","ReachHeaven+1","Pray","FlurryOfBlows","Worship","PathToVictory"],"relics":["PureWater","Whetstone","Frozen Egg 2","PreservedInsect","Yang","Orichalcum"],"acts_visited":["Exordium"],"potions_floor_usage":[1,6,8,10],"damage_taken":[{"damage":2,"enemies":"Jaw Worm","floor":1,"turns":3},{"damage":2,"enemies":"Cultist","floor":3,"turns":3},{"damage":26,"enemies":"Lagavulin","floor":6,"turns":4},{"damage":16,"enemies":"3 Sentries","floor":8,"turns":6},{"damage":16,"enemies":"Gremlin Nob","floor":10,"turns":3},{"damage":15,"enemies":"Lagavulin","floor":11,"turns":2}],"seed_played":"-3032749880976684916","potions_obtained":[{"floor":0,"key":"champ:CounterPotion"},{"floor":0,"key":"Strength Potion"},{"floor":0,"key":"CultistPotion"},{"floor":1,"key":"SpeedPotion"},{"floor":8,"key":"FearPotion"}],"is_trial":false,"path_per_floor":["M","?","M","$","T","E","$","E","T","?","E"],"character_chosen":"WATCHER","items_purchased":["Prostrate","ReachHeaven","FlurryOfBlows"],"campfire_rested":0,"item_purchase_floors":[4,4,7],"current_hp_per_floor":[70,70,68,68,68,42,42,26,26,10,0,0],"gold":128,"neow_bonus":"THREE_SMALL_POTIONS","is_daily":false,"chose_seed":false,"campfire_upgraded":0,"win_rate":0.0,"timestamp":1613208017,"path_taken":["M","?","M","$","?","E","$","E","T","?","E"],"items_purchased_type":["Card","Card","Card"],"build_version":"2020-12-22","purchased_purges":0,"victory":false,"max_hp_per_floor":[72,72,72,72,72,72,72,72,72,72,72,72],"card_choices":[{"not_picked":["Crescendo","DeceiveReality"],"picked":"PathToVictory","floor":1},{"not_picked":["EmptyBody","Evaluate"],"picked":"CutThroughFate","floor":3},{"not_picked":["Nirvana+1","EmptyMind"],"picked":"Pray","floor":6},{"not_picked":["LikeWater+1","Meditate"],"picked":"Worship","floor":8},{"not_picked":["LikeWater+1","Fasting2+1"],"picked":"PathToVictory","floor":10}],"player_experience":1572393,"relics_obtained":[{"floor":5,"key":"Whetstone"},{"floor":6,"key":"Frozen Egg 2"},{"floor":8,"key":"PreservedInsect"},{"floor":9,"key":"Yang"},{"floor":10,"key":"Orichalcum"}],"event_choices":[{"cards_removed":["Strike_P"],"damage_healed":0,"gold_gain":0,"player_choice":"Purged","damage_taken":0,"max_hp_gain":0,"max_hp_loss":0,"event_name":"Purifier","floor":2,"gold_loss":0},{"damage_healed":0,"gold_gain":0,"player_choice":"Searched \u00272\u0027 times","damage_taken":0,"max_hp_gain":0,"max_hp_loss":0,"event_name":"Dead Adventurer","floor":10,"gold_loss":0}],"is_beta":false,"boss_relics":[],"items_purged_floors":[],"is_endless":false,"potions_floor_spawned":[1,3,8],"killed_by":"Lagavulin","ascension_level":4}}