{"host":"bvp2uifzy1c463d9","time":1613204101,"event":{"mods":["AchievementEnabler","BaseMod","Block Reminder","Bossed Relics","ChefMod","Colored Map","Colored Powertips","Energized Spire","Hermit","Highlight Path","Hubris","Infinite Spire","Minty Spire (QoL Compilation)","Random Character Button","Relic Sorter","Relic Stats","Reliquary","Replay The Spire","StSLib","The Blue Laboratory","The Jungle","The Servant 0.9.4","Wandering Minibosses"],"gold_per_floor":[114,132,152,152,164,198,39,64,64,80,80,97,37,56,56,155,155,165,181,63,63,63,63,63],"floor_reached":23,"language":"ENG","playtime":994,"items_purged":["chefmod:Strike"],"score":203,"play_id":"f66d9aca-5e8f-44f9-b7f0-d6f422629059","local_time":"20210213021501","is_ascension_mode":false,"campfire_choices":[{"floor":11,"key":"REST"}],"circlet_count":0,"master_deck":["chefmod:Strike","chefmod:Strike","chefmod:QuickThaw","chefmod:Defend","chefmod:Defend","chefmod:Defend","chefmod:TodaysSpecial","chefmod:IcePick","chefmod:FreezerBurn","chefmod:ColdSteel","chefmod:Fillet","chefmod:Granita+1","chefmod:FreezeSolid","chefmod:IceCreamCone","chefmod:IcePick","chefmod:Chop","chefmod:Fillet","chefmod:HotSoup","chefmod:DeepFreeze","chefmod:VegetableTart","chefmod:ZaruSoba","chefmod:BaoBuns","chefmod:CapreseSalad"],"relics":["chefmod:TrustyPot","Anchor","ReplayTheSpireMod:Shallot","Boot","The Courier","hubris:TerracottaHorce","Gremlin Food","hubris:Towel"],"acts_visited":["Exordium","TheCity"],"potions_floor_usage":[5,8,19],"damage_taken":[{"damage":1,"enemies":"Small Slimes","floor":1,"turns":4},{"damage":5,"enemies":"Jaw Worm","floor":2,"turns":4},{"damage":1,"enemies":"2 Louse","floor":3,"turns":3},{"damage":3,"enemies":"Exordium Wildlife","floor":5,"turns":6},{"damage":5,"enemies":"Lagavulin","floor":6,"turns":7},{"damage":31,"enemies":"Gremlin Nob","floor":8,"turns":3},{"damage":14,"enemies":"2 Fungi Beasts","floor":10,"turns":4},{"damage":0,"enemies":"Red Slaver","floor":12,"turns":3},{"damage":0,"enemies":"Blue Slaver","floor":14,"turns":2},{"damage":40,"enemies":"Fading Forest","floor":16,"turns":11},{"damage":0,"enemies":"2 Thieves","floor":18,"turns":5},{"damage":45,"enemies":"Chosen","floor":19,"turns":5},{"damage":25,"enemies":"Book of Stabbing","floor":23,"turns":8}],"seed_played":"-670148426508396959","potions_obtained":[{"floor":1,"key":"Adrenaline Potion"},{"floor":3,"key":"ColorlessPotion"},{"floor":6,"key":"Swift Potion"},{"floor":14,"key":"Elixir"},{"floor":16,"key":"blueLaboratory:TrueEctoplasm"}],"is_trial":false,"path_per_floor":["M","M","M","?","M","E","$","E","T","M","R","M","$","M","R_BF","B",null,"M","M","$","?","?","E"],"character_chosen":"THE_CHEF","items_purchased":["chefmod:FreezeSolid","chefmod:IceCreamCone","Gremlin Food"],"campfire_rested":1,"item_purchase_floors":[7,7,20],"current_hp_per_floor":[75,70,69,74,71,66,66,35,35,21,45,45,45,45,69,29,68,68,23,23,23,23,0,0],"gold":63,"neow_bonus":"RANDOM_COMMON_RELIC","is_daily":false,"chose_seed":false,"campfire_upgraded":0,"win_rate":0.0,"timestamp":1613204101,"path_taken":["M","M","M","?","M","E","$","E","T","M","R","M","$","M","R_BF","BOSS","M","M","$","?","?","E"],"items_purchased_type":["Card","Card","Relic"],"build_version":"2020-12-22","purchased_purges":1,"victory":false,"max_hp_per_floor":[76,76,76,81,81,81,81,81,81,81,81,81,81,81,81,81,81,81,81,81,81,81,81,81],"relic_stats":{"counters":[13,65],"Boot":[28],"obtain_stats":[{"Gremlin Food":20,"chefmod:TrustyPot":0,"Anchor":0,"ReplayTheSpireMod:Shallot":6,"The Courier":9,"hubris:Towel":21,"Boot":8,"hubris:TerracottaHorce":17},{"Gremlin Food":12,"chefmod:TrustyPot":0,"Anchor":0,"ReplayTheSpireMod:Shallot":5,"The Courier":6,"hubris:Towel":12,"Boot":6,"hubris:TerracottaHorce":10},{"Gremlin Food":57,"chefmod:TrustyPot":0,"Anchor":0,"ReplayTheSpireMod:Shallot":24,"The Courier":27,"hubris:Towel":57,"Boot":27,"hubris:TerracottaHorce":47}]},"card_choices":[{"not_picked":["chefmod:CleanHouse","chefmod:FarmersMarket"],"picked":"chefmod:IcePick","floor":1},{"not_picked":["chefmod:MonsterBait","chefmod:Gelato"],"picked":"chefmod:FreezerBurn","floor":2},{"not_picked":["chefmod:FryPan","chefmod:FreezerBurn"],"picked":"chefmod:ColdSteel","floor":3},{"not_picked":["chefmod:CayenneCloud","chefmod:IceCreamCone"],"picked":"chefmod:Fillet","floor":5},{"not_picked":["chefmod:CuttingBoard","chefmod:ZaruSoba"],"picked":"chefmod:Granita","floor":6},{"not_picked":["chefmod:DoubleChop","chefmod:SaveForLater"],"picked":"chefmod:IcePick","floor":8},{"not_picked":["chefmod:Flambe","chefmod:DinoKale"],"picked":"chefmod:Chop","floor":10},{"not_picked":["chefmod:SearedScallops","chefmod:IcePick"],"picked":"chefmod:Fillet","floor":12},{"not_picked":["chefmod:Omelette","chefmod:Cleavers"],"picked":"chefmod:HotSoup","floor":14},{"not_picked":["chefmod:CandyBowl","chefmod:CapreseSalad"],"picked":"chefmod:DeepFreeze","floor":16},{"not_picked":["chefmod:Gelato+1","chefmod:DinoKale+1"],"picked":"chefmod:VegetableTart","floor":18},{"not_picked":["chefmod:Fillet","chefmod:Gelato"],"picked":"chefmod:ZaruSoba","floor":19}],"player_experience":334599,"relics_obtained":[{"floor":6,"key":"ReplayTheSpireMod:Shallot"},{"floor":8,"key":"Boot"},{"floor":9,"key":"The Courier"}],"event_choices":[{"damage_healed":0,"gold_gain":0,"player_choice":"Donut","damage_taken":0,"max_hp_gain":5,"max_hp_loss":0,"event_name":"Big Fish","floor":4,"gold_loss":0},{"damage_healed":0,"gold_gain":0,"cards_transformed":["chefmod:Defend","chefmod:Strike"],"player_choice":"Became Test Subject","damage_taken":0,"max_hp_gain":0,"max_hp_loss":0,"event_name":"Drug Dealer","floor":22,"gold_loss":0,"cards_obtained":["chefmod:BaoBuns","chefmod:CapreseSalad"]}],"is_beta":false,"boss_relics":[{"not_picked":["chefmod:PepperMill","Black Star"],"picked":"hubris:TerracottaHorce"}],"items_purged_floors":[13],"is_endless":false,"potions_floor_spawned":[1,3,6,14,16,18],"killed_by":"Book of Stabbing","ascension_level":0}}