{"host":"kg61lsvem4dxoat8","time":1613191643,"event":{"mods":["AchievementEnabler","BaseMod","Better Altar","Better Match","Better Sensory Stone","Better Skull","Block Reminder","Highlight Path","Minty Spire (QoL Compilation)","Quick Restart","Rare Cards Sparkle","Relic Sorter","Relic Stats","StSLib","Synergy Search","slay the spire mod where everything is the same but ironclad has a cowboy hat"],"gold_per_floor":[115,85,101,115,115,115,115,190,190,190,218,218,245,257,257,257,257],"floor_reached":16,"language":"ENG","playtime":409,"items_purged":[],"score":196,"play_id":"607deabb-9c98-4455-bf56-1639d3a30598","local_time":"20210213124723","is_ascension_mode":true,"campfire_choices":[{"data":"Crippling Poison","floor":6,"key":"SMITH"},{"data":"Deadly Poison","floor":10,"key":"SMITH"},{"floor":12,"key":"REST"},{"data":"Envenom","floor":15,"key":"SMITH"}],"circlet_count":0,"master_deck":["AscendersBane","Strike_G","Strike_G","Strike_G","Strike_G","Strike_G","Defend_G","Defend_G","Defend_G","Defend_G","Defend_G","Survivor","Neutralize","Writhe","Dagger Spray","Crippling Poison+1","Deadly Poison+1","Footwork","Envenom+1"],"relics":["Ring of the Snake","Gambling Chip","Anchor","Bag of Marbles","Odd Mushroom","MealTicket"],"acts_visited":["Exordium"],"potions_floor_usage":[13,13],"damage_taken":[{"damage":1,"enemies":"2 Louse","floor":1,"turns":3},{"damage":10,"enemies":"Cultist","floor":3,"turns":5},{"damage":0,"enemies":"Small Slimes","floor":4,"turns":4},{"damage":0,"enemies":"The Mushroom Lair","floor":11,"turns":2},{"damage":8,"enemies":"Gremlin Nob","floor":13,"turns":3},{"damage":1,"enemies":"Looter","floor":14,"turns":4},{"damage":48,"enemies":"Hexaghost","floor":16,"turns":11}],"seed_played":"2133228598979876585","potions_obtained":[{"floor":2,"key":"Weak Potion"},{"floor":2,"key":"Poison Potion"},{"floor":3,"key":"CunningPotion"}],"is_trial":false,"path_per_floor":["M","?","M","M","T","R","?","?","T","R","?","R","E","M","R","B"],"character_chosen":"THE_SILENT","items_purchased":[],"campfire_rested":1,"item_purchase_floors":[],"current_hp_per_floor":[58,58,48,48,48,48,48,37,37,37,37,56,48,47,47,0,0],"gold":257,"neow_bonus":"ONE_RARE_RELIC","is_daily":false,"chose_seed":false,"campfire_upgraded":3,"win_rate":0.0,"timestamp":1613191643,"path_taken":["M","?","M","?","?","R","?","?","T","R","?","R","E","M","R","BOSS"],"items_purchased_type":[],"build_version":"2020-12-22","purchased_purges":0,"victory":false,"max_hp_per_floor":[66,66,66,66,66,66,66,66,66,66,66,66,66,66,66,66,66],"relic_stats":{"counters":[7,32],"Gambling Chip":[36],"MealTicket":0,"obtain_stats":[{"Anchor":5,"Gambling Chip":0,"MealTicket":13,"Bag of Marbles":9,"Odd Mushroom":11,"Ring of the Snake":0},{"Anchor":3,"Gambling Chip":0,"MealTicket":5,"Bag of Marbles":3,"Odd Mushroom":4,"Ring of the Snake":0},{"Anchor":12,"Gambling Chip":0,"MealTicket":17,"Bag of Marbles":12,"Odd Mushroom":14,"Ring of the Snake":0}],"Ring of the Snake":[14]},"card_choices":[{"not_picked":["Prepared","Noxious Fumes"],"picked":"Dagger Spray","floor":1},{"not_picked":["Setup","Dodge and Roll"],"picked":"Crippling Poison","floor":3},{"not_picked":["Well Laid Plans","Terror"],"picked":"Deadly Poison","floor":4},{"not_picked":["Backstab","Deadly Poison"],"picked":"Footwork","floor":11},{"not_picked":["Glass Knife","Escape Plan"],"picked":"Envenom","floor":13},{"not_picked":["Bane","Dodge and Roll","Deflect"],"picked":"SKIP","floor":14}],"player_experience":1524663,"relics_obtained":[{"floor":5,"key":"Anchor"},{"floor":9,"key":"Bag of Marbles"},{"floor":11,"key":"Odd Mushroom"},{"floor":13,"key":"MealTicket"}],"event_choices":[{"damage_healed":0,"gold_gain":0,"player_choice":"Bought 2 Potions","damage_taken":0,"max_hp_gain":0,"max_hp_loss":0,"event_name":"The Woman in Blue","floor":2,"gold_loss":0},{"damage_healed":0,"gold_gain":0,"player_choice":"Ignored","damage_taken":0,"max_hp_gain":0,"max_hp_loss":0,"event_name":"Golden Idol","floor":7,"gold_loss":0},{"damage_healed":0,"gold_gain":75,"player_choice":"Gather Gold","damage_taken":11,"max_hp_gain":0,"max_hp_loss":0,"event_name":"World of Goop","floor":8,"gold_loss":0},{"damage_healed":0,"gold_gain":0,"player_choice":"Fought Mushrooms","damage_taken":0,"max_hp_gain":0,"max_hp_loss":0,"event_name":"Mushrooms","floor":11,"gold_loss":0}],"is_beta":false,"boss_relics":[],"items_purged_floors":[],"is_endless":false,"potions_floor_spawned":[3,11],"killed_by":"Hexaghost","ascension_level":20}}