{"host":"a20qfyjn5xm2mdxh","time":1613200335,"event":{"mods":["BaseMod","Downfall","Minty Spire (QoL Compilation)","Relic Stats","Reliquary","Replay The Spire","StSLib"],"gold_per_floor":[99,112,122,135,235,135,135,167,179,210,229,242,316,331,346,442,442,242,92,77,89,150,178,178,278,278,307,307,321,341,366,376,473,473,473,487,498,498,498,516,516,516,516,545,545,545,561,591,606,606,626,626,626,660,262,262,262,262],"floor_reached":59,"language":"ZHS","playtime":6474,"items_purged":["champ:Strike"],"score":1396,"play_id":"dc9d8d43-5ace-4fe6-90f4-4748966ec1aa","local_time":"20210213151215","is_ascension_mode":false,"campfire_choices":[{"floor":1.0,"key":"RECALL"},{"data":"champ:FocusedBerserking","floor":6.0,"key":"SMITH"},{"data":"champ:EndlessRage","floor":18.0,"key":"SMITH"},{"data":"champ:LastStand","floor":28.0,"key":"SMITH"},{"data":"champ:StanceDance","floor":28.0,"key":"SMITH"},{"data":"champ:FaceSlap","floor":35.0,"key":"SMITH"},{"data":"champ:Taunt","floor":35.0,"key":"SMITH"},{"data":"expansioncontent:PolyBeam","floor":43.0,"key":"SMITH"},{"data":"expansioncontent:HyperBeam","floor":43.0,"key":"SMITH"},{"floor":56,"key":"REST"}],"circlet_count":0,"master_deck":["champ:Strike","champ:Strike","champ:Strike","champ:Defend","champ:Defend","champ:Defend","champ:Execute","champ:Taunt+1","champ:StanceDance+1","champ:FocusedBerserking+1","champ:RisingSlash","champ:FlashCut","champ:FaceSlap+1","champ:ShieldWall","champ:EndlessRage+1","champ:LastStand+1","champ:EndlessRage+1","champ:Lariat+1","champ:RapidStrikes+1","champ:ArenaPreparation+1","champ:StrikeOfGenius+1","champ:DancingMaster+1","champ:EnragedBash+1","expansioncontent:HyperBeam+1","expansioncontent:Chronoboost+1","expansioncontent:PolyBeam+1","champ:HoldFirm+1","champ:DancingMaster+1","expansioncontent:QuickStudy+1"],"relics":["champ:ChampionCrown","downfall:HeartBlessingRed","Incense Burner","Durian","reliquary:JackalopeAntler","Black Star","downfall:HeartBlessingGreen","downfall:HeartBlessingBlue","Replay:Accelerometer","Lizard Tail","InkBottle","Frozen Egg 2","champ:BlackKnightHelmet","Replay:Bottled Steam","reliquary:TuningFork","Bronze Scales","Replay:Arrowhead","Tiny Chest","Ornamental Fan","reliquary:Craggleroot","Ring of Fury","champ:DefensiveTrainingManual","Blue Candle","Kunai","reliquary:OuijaBoard","Pantograph","reliquary:Firecrackers","Replay:Ringing Soul","reliquary:PartyBalloon","Guide Book"],"acts_visited":["Exordium","TheCity","TheBeyond","TheEnding"],"potions_floor_usage":[54,57,58],"damage_taken":[{"damage":20.0,"enemies":"Jaw Worm","floor":2.0,"turns":4.0},{"damage":15.0,"enemies":"Cultist","floor":3.0,"turns":3.0},{"damage":21.0,"enemies":"2 Louse","floor":4.0,"turns":2.0},{"damage":33.0,"enemies":"Gremlin Nob","floor":8.0,"turns":4.0},{"damage":19.0,"enemies":"Large Slime","floor":9.0,"turns":5.0},{"damage":37.0,"enemies":"Lagavulin","floor":10.0,"turns":6.0},{"damage":19.0,"enemies":"Exordium Thugs","floor":11.0,"turns":4.0},{"damage":11.0,"enemies":"3 Louse","floor":12.0,"turns":2.0},{"damage":12.0,"enemies":"Blue Slaver","floor":14.0,"turns":2.0},{"damage":0.0,"enemies":"Exordium Wildlife","floor":15.0,"turns":2.0},{"damage":45.0,"enemies":"WA_ARCHETYPE_RETAIN","floor":16.0,"turns":6.0},{"damage":15.0,"enemies":"downfall:FleeingMerchant","floor":20.0,"turns":4.0},{"damage":35.0,"enemies":"3 Byrds","floor":21.0,"turns":6.0},{"damage":72.0,"enemies":"Replay:Snechameleon","floor":23.0,"turns":6.0},{"damage":71.0,"enemies":"Replay:Snechameleon","floor":25.0,"turns":8.0},{"damage":62.0,"enemies":"Book of Stabbing","floor":27.0,"turns":5.0},{"damage":4.0,"enemies":"Spheric Guardian","floor":29.0,"turns":3.0},{"damage":16.0,"enemies":"Snecko","floor":30.0,"turns":4.0},{"damage":59.0,"enemies":"Gremlin Leader","floor":31.0,"turns":3.0},{"damage":31.0,"enemies":"Shelled Parasite and Fungi","floor":32.0,"turns":3.0},{"damage":121.0,"enemies":"IC_MUSHROOM_ARCHETYPE","floor":33.0,"turns":6.0},{"damage":56.0,"enemies":"3 Darklings","floor":36.0,"turns":5.0},{"damage":50.0,"enemies":"3 Shapes","floor":37.0,"turns":4.0},{"damage":55.0,"enemies":"Transient","floor":40.0,"turns":5.0},{"damage":46.0,"enemies":"R_Hoarder","floor":44.0,"turns":5.0},{"damage":47.0,"enemies":"4 Shapes","floor":47.0,"turns":5.0},{"damage":38.0,"enemies":"Nemesis","floor":48.0,"turns":5.0},{"damage":50.0,"enemies":"Sphere and 2 Shapes","floor":49.0,"turns":3.0},{"damage":25.0,"enemies":"Transient","floor":51.0,"turns":5.0},{"damage":9.0,"enemies":"SI_POISON_ARCHETYPE","floor":52.0,"turns":7.0},{"damage":151,"enemies":"downfall:CharBossMerchant","floor":54,"turns":9},{"damage":42,"enemies":"downfall:NeowBoss","floor":57,"turns":10},{"damage":36,"enemies":"downfall:NeowBossFinal","floor":58,"turns":8}],"seed_played":"3994196366639148075","potions_obtained":[{"floor":4.0,"key":"Milkshake"},{"floor":11.0,"key":"SpeedPotion"},{"floor":14.0,"key":"LifebloodPotion"},{"floor":15.0,"key":"champ:TechniquePotion"},{"floor":21.0,"key":"SneckoOil"},{"floor":22.0,"key":"Milkshake"},{"floor":31.0,"key":"champ:TechniquePotion"},{"floor":36.0,"key":"Ancient Potion"},{"floor":44.0,"key":"Adrenaline Potion"},{"floor":51.0,"key":"champ:CounterPotion"},{"floor":54,"key":"SkillPotion"}],"is_trial":false,"path_per_floor":["R","M","M","M","?","R","T","E","M","E","M","M","T","M","M","B",null,"R","?","$","M","?","E","T","?","T","E","R","M","M","E","M","B",null,"R","M","M","?","?","M","T","?","R","E","PTL","PTL","M","E","M","T","M","B",null,"E","$","R","B","B",null],"character_chosen":"THE_CHAMP","items_purchased":["expansioncontent:QuickStudy","Guide Book"],"campfire_rested":1,"item_purchase_floors":[55,55],"current_hp_per_floor":[99,99,99,93,93,93,93,90,96,99,95,94,94,87,87,82,104,114,124,124,109,109,67,67,51,51,59,59,65,69,45,74,47,124,124,103,83,83,83,63,63,53,53,57,57,57,65,62,67,67,72,124,124,26,29,68,126,130],"gold":262,"neow_bonus":"TEN_PERCENT_HP_BONUS","is_daily":false,"chose_seed":false,"campfire_upgraded":8,"win_rate":0.0,"timestamp":1613200335,"path_taken":["R","M","M","M","?","R","T","E","M","E","M","?","?","M","M","BOSS","R","?","?","M","?","E","T","?","?","E","R","M","M","E","M","BOSS","R","M","M","?","?","M","T","?","R","E","PTL","PTL","M","E","M","?","M","BOSS","E","$","R","BOSS","BOSS"],"items_purchased_type":["Card","Relic"],"build_version":"2020-12-22","purchased_purges":1,"victory":true,"max_hp_per_floor":[99,99,99,99,99,99,99,104,104,104,104,104,104,104,104,104,104,114,124,124,124,124,124,124,124,124,124,124,124,124,124,124,124,124,124,124,124,124,124,124,124,124,124,124,124,124,124,124,124,124,124,124,124,127,130,130,130,130],"relic_stats":{"Lizard Tail":0,"counters":[33,159],"Ornamental Fan":[112],"Bronze Scales":[177],"Blue Candle":[8],"Pantograph":54,"Tiny Chest":1,"Black Star":6,"Kunai":[19],"obtain_stats":[{"reliquary:OuijaBoard":48,"Replay:Accelerometer":22,"champ:BlackKnightHelmet":25,"reliquary:PartyBalloon":54,"reliquary:Firecrackers":50,"champ:ChampionCrown":0,"downfall:HeartBlessingGreen":18,"Incense Burner":7,"Replay:Ringing Soul":54,"Lizard Tail":23,"downfall:HeartBlessingBlue":18,"champ:DefensiveTrainingManual":41,"Pantograph":48,"Tiny Chest":31,"Kunai":44,"InkBottle":23,"Replay:Bottled Steam":25,"downfall:HeartBlessingRed":6,"Blue Candle":44,"Guide Book":55,"Frozen Egg 2":24,"Replay:Arrowhead":27,"reliquary:JackalopeAntler":10,"Ornamental Fan":31,"Bronze Scales":27,"reliquary:Craggleroot":34,"Ring of Fury":39,"Durian":8,"Black Star":17,"reliquary:TuningFork":26},{"reliquary:OuijaBoard":27,"Replay:Accelerometer":13,"champ:BlackKnightHelmet":15,"reliquary:PartyBalloon":31,"reliquary:Firecrackers":28,"champ:ChampionCrown":0,"downfall:HeartBlessingGreen":11,"Incense Burner":3,"Replay:Ringing Soul":31,"Lizard Tail":14,"downfall:HeartBlessingBlue":11,"champ:DefensiveTrainingManual":24,"Pantograph":27,"Tiny Chest":19,"Kunai":25,"InkBottle":14,"Replay:Bottled Steam":15,"downfall:HeartBlessingRed":3,"Blue Candle":25,"Guide Book":31,"Frozen Egg 2":14,"Replay:Arrowhead":16,"reliquary:JackalopeAntler":6,"Ornamental Fan":19,"Bronze Scales":16,"reliquary:Craggleroot":21,"Ring of Fury":23,"Durian":4,"Black Star":11,"reliquary:TuningFork":15},{"reliquary:OuijaBoard":117,"Replay:Accelerometer":50,"champ:BlackKnightHelmet":64,"reliquary:PartyBalloon":141,"reliquary:Firecrackers":120,"champ:ChampionCrown":0,"downfall:HeartBlessingGreen":40,"Incense Burner":9,"Replay:Ringing Soul":141,"Lizard Tail":56,"downfall:HeartBlessingBlue":40,"champ:DefensiveTrainingManual":102,"Pantograph":117,"Tiny Chest":79,"Kunai":107,"InkBottle":56,"Replay:Bottled Steam":64,"downfall:HeartBlessingRed":9,"Blue Candle":107,"Guide Book":141,"Frozen Egg 2":56,"Replay:Arrowhead":69,"reliquary:JackalopeAntler":24,"Ornamental Fan":79,"Bronze Scales":69,"reliquary:Craggleroot":88,"Ring of Fury":97,"Durian":13,"Black Star":40,"reliquary:TuningFork":64}],"InkBottle":[43]},"card_choices":[{"not_picked":["champ:Haymaker","champ:FanOfKnives"],"picked":"champ:StanceDance","floor":2.0},{"not_picked":["champ:PerfectedStrike","champ:BringItOn"],"picked":"champ:FocusedBerserking","floor":3.0},{"not_picked":["champ:BringItOn","champ:LastStand"],"picked":"champ:RisingSlash","floor":4.0},{"not_picked":["champ:Endure","champ:StanceDance"],"picked":"champ:FlashCut","floor":8.0},{"not_picked":["champ:CrownThrow","champ:RapidStrikes","champ:FocusedBerserking"],"picked":"SKIP","floor":9.0},{"not_picked":["champ:TornadoPunch","champ:FlashCut"],"picked":"champ:FaceSlap","floor":10.0},{"not_picked":["champ:FancyFootwork","champ:GutPunch"],"picked":"champ:ShieldWall","floor":11.0},{"not_picked":["champ:Lariat","champ:CrownThrow"],"picked":"champ:EndlessRage","floor":12.0},{"not_picked":["champ:BerserkersShout","champ:PerfectedStrike","champ:Parry"],"picked":"SKIP","floor":14.0},{"not_picked":["champ:Parry","champ:PreciseThrust","champ:Shatter"],"picked":"SKIP","floor":15.0},{"not_picked":["champ:DancingMaster","champ:CheapShot"],"picked":"champ:LastStand","floor":16.0},{"not_picked":["champ:Shatter","champ:FlashCut","champ:TornadoPunch"],"picked":"SKIP","floor":20.0},{"not_picked":["champ:FalseCounter","champ:BerserkersShout+1"],"picked":"champ:EndlessRage+1","floor":21.0},{"not_picked":["champ:CrookedStrike","champ:FlashCut"],"picked":"champ:Lariat+1","floor":23.0},{"not_picked":["champ:PreciseThrust+1","champ:Shatter+1"],"picked":"champ:RapidStrikes+1","floor":27.0},{"not_picked":["champ:DefensiveShout+1","champ:Haymaker","champ:Parry"],"picked":"SKIP","floor":29.0},{"not_picked":["champ:FanOfKnives","champ:DefensiveShout"],"picked":"champ:ArenaPreparation+1","floor":30.0},{"not_picked":["champ:Backstep+1","champ:Lariat","champ:StanceDance"],"picked":"SKIP","floor":31.0},{"not_picked":["champ:StanceDance","champ:BerserkersShout"],"picked":"champ:StrikeOfGenius+1","floor":32.0},{"not_picked":["champ:CheapShot","champ:GladiatorForm+1"],"picked":"champ:DancingMaster+1","floor":33.0},{"not_picked":["champ:RecklessLeap","champ:FancyFootwork+1","champ:BerserkersShout+1"],"picked":"SKIP","floor":36.0},{"not_picked":["champ:Shatter","champ:PreemptiveStrike+1"],"picked":"champ:EnragedBash+1","floor":37.0},{"not_picked":["champ:BerserkersShout","champ:Shatter+1","champ:PerfectedStrike+1"],"picked":"SKIP","floor":40.0},{"not_picked":["expansioncontent:Hexaburn","Replay:SS_fish_1"],"picked":"expansioncontent:HyperBeam","floor":42.0},{"not_picked":["expansioncontent:PrepareCrush","Replay:SS_hec_1"],"picked":"expansioncontent:Chronoboost","floor":42.0},{"not_picked":["Replay:SS_fish_1","expansioncontent:Hexaburn"],"picked":"expansioncontent:PolyBeam","floor":42.0},{"not_picked":["champ:Shatter+1","champ:TornadoPunch"],"picked":"champ:HoldFirm","floor":44.0},{"not_picked":["champ:BerserkersShout+1","champ:BladeFlurry","champ:Duel"],"picked":"SKIP","floor":47.0},{"not_picked":["champ:PerfectedStrike","champ:DeathBlow+1","champ:Encircle+1"],"picked":"SKIP","floor":48.0},{"not_picked":["champ:TornadoPunch","champ:Circumvent+1","champ:PreciseThrust+1"],"picked":"SKIP","floor":49.0},{"not_picked":["champ:PreciseThrust+1","champ:SetATrap+1","champ:CrownThrow+1"],"picked":"SKIP","floor":51.0},{"not_picked":["champ:GutPunch","champ:EndlessRage+1"],"picked":"champ:DancingMaster+1","floor":54}],"player_experience":259675,"relics_obtained":[{"floor":7.0,"key":"Incense Burner"},{"floor":8.0,"key":"Durian"},{"floor":10.0,"key":"reliquary:JackalopeAntler"},{"floor":22.0,"key":"Replay:Accelerometer"},{"floor":23.0,"key":"Lizard Tail"},{"floor":23.0,"key":"InkBottle"},{"floor":24.0,"key":"Frozen Egg 2"},{"floor":25.0,"key":"champ:BlackKnightHelmet"},{"floor":25.0,"key":"Replay:Bottled Steam"},{"floor":26.0,"key":"reliquary:TuningFork"},{"floor":27.0,"key":"Bronze Scales"},{"floor":27.0,"key":"Replay:Arrowhead"},{"floor":31.0,"key":"Tiny Chest"},{"floor":31.0,"key":"Ornamental Fan"},{"floor":39.0,"key":"Ring of Fury"},{"floor":41.0,"key":"champ:DefensiveTrainingManual"},{"floor":44.0,"key":"Blue Candle"},{"floor":44.0,"key":"Kunai"},{"floor":48.0,"key":"reliquary:OuijaBoard"},{"floor":48.0,"key":"Pantograph"},{"floor":50.0,"key":"reliquary:Firecrackers"},{"floor":54,"key":"Replay:Ringing Soul"},{"floor":54,"key":"reliquary:PartyBalloon"}],"event_choices":[{"cards_removed":["champ:Defend"],"damage_healed":0.0,"max_hp_gain":0.0,"max_hp_loss":0.0,"gold_gain":0.0,"event_name":"Falling","player_choice":"Removed Skill","floor":38.0,"gold_loss":0.0,"damage_taken":0.0}],"is_beta":false,"boss_relics":[{"not_picked":["Coffee Dripper","Fusion Hammer"],"picked":"Black Star"},{"not_picked":["Ring of Chaos","SlaversCollar"],"picked":"reliquary:Craggleroot"}],"items_purged_floors":[55],"is_endless":false,"potions_floor_spawned":[4,11,14,15,21,25,30,31,36,44,51,54],"ascension_level":0}}