{"host":"i4d8tgqbnmcnjm0a","time":1613181093,"event":{"mods":["BaseMod","Keyboard Shortcuts","Minty Spire (QoL Compilation)"],"gold_per_floor":[119,119,119,138,157,200,22,22,48,71,71,102,102,122,122,245,245,268,288,96,117,117,161,184,184,210,228,259,259,303,327,327,452,452,471,494,238,260,285,285,328,328,353,353,393,417,116,152,152,152],"floor_reached":51,"language":"ENG","playtime":3864,"items_purged":["Strike_R","Defend_R","Strike_R"],"score":1085,"play_id":"201f346f-d981-4164-a335-68e45bfe8d86","local_time":"20210212205133","is_ascension_mode":true,"campfire_choices":[{"floor":8,"key":"REST"},{"floor":11,"key":"REST"},{"floor":15,"key":"REST"},{"floor":25,"key":"REST"},{"floor":29,"key":"REST"},{"data":"Bludgeon","floor":32,"key":"SMITH"},{"floor":40,"key":"RECALL"},{"data":"Bludgeon","floor":42,"key":"SMITH"},{"data":"Heavy Blade","floor":49,"key":"SMITH"}],"circlet_count":0,"master_deck":["Strike_R+1","Strike_R+1","Defend_R","Defend_R","Bash","Heavy Blade+1","Seeing Red","Pummel","Bludgeon+1","Battle Trance","Shrug It Off","Inflame","Headbutt","Bludgeon+1","Impervious","Battle Trance","Pommel Strike+1","Shrug It Off","Flex","Limit Break","Reaper","Heavy Blade+1","Dual Wield+1"],"relics":["Philosopher\u0027s Stone","Golden Idol","Spirit Poop","Strawberry","Membership Card","Ancient Tea Set","MealTicket","Boot","Snecko Eye","Whetstone","Dream Catcher","Art of War","CeramicFish","Centennial Puzzle","Gambling Chip","SacredBark","Brimstone","Paper Frog","Blood Vial","Juzu Bracelet","Orichalcum","Anchor","Potion Belt"],"acts_visited":["Exordium","TheCity","TheBeyond"],"potions_floor_usage":[6,6,12,19,23,24,28,36,41,50],"damage_taken":[{"damage":7,"enemies":"2 Louse","floor":1,"turns":2},{"damage":8,"enemies":"Jaw Worm","floor":4,"turns":2},{"damage":0,"enemies":"Cultist","floor":5,"turns":3},{"damage":56,"enemies":"3 Sentries","floor":6,"turns":9},{"damage":5,"enemies":"Red Slaver","floor":10,"turns":2},{"damage":34,"enemies":"Lagavulin","floor":12,"turns":4},{"damage":0,"enemies":"2 Fungi Beasts","floor":14,"turns":3},{"damage":0,"enemies":"Slime Boss","floor":16,"turns":5},{"damage":7,"enemies":"2 Thieves","floor":18,"turns":2},{"damage":11,"enemies":"3 Byrds","floor":19,"turns":3},{"damage":0,"enemies":"Snake Plant","floor":21,"turns":2},{"damage":20,"enemies":"Slavers","floor":23,"turns":5},{"damage":20,"enemies":"Shelled Parasite and Fungi","floor":24,"turns":4},{"damage":12,"enemies":"Book of Stabbing","floor":28,"turns":3},{"damage":9,"enemies":"Slavers","floor":30,"turns":3},{"damage":15,"enemies":"Centurion and Healer","floor":31,"turns":2},{"damage":30,"enemies":"Collector","floor":33,"turns":3},{"damage":0,"enemies":"3 Shapes","floor":35,"turns":1},{"damage":10,"enemies":"3 Darklings","floor":36,"turns":4},{"damage":0,"enemies":"Maw","floor":38,"turns":2},{"damage":2,"enemies":"Writhing Mass","floor":39,"turns":3},{"damage":0,"enemies":"Reptomancer","floor":41,"turns":2},{"damage":0,"enemies":"Nemesis","floor":45,"turns":2},{"damage":0,"enemies":"Jaw Worm Horde","floor":46,"turns":2},{"damage":0,"enemies":"Giant Head","floor":48,"turns":3},{"damage":41,"enemies":"Time Eater","floor":50,"turns":4}],"seed_played":"2823777726969420854","potions_obtained":[{"floor":5,"key":"EntropicBrew"},{"floor":10,"key":"BloodPotion"},{"floor":14,"key":"EssenceOfSteel"},{"floor":19,"key":"Weak Potion"},{"floor":24,"key":"BlessingOfTheForge"},{"floor":30,"key":"SneckoOil"},{"floor":33,"key":"Energy Potion"},{"floor":36,"key":"Energy Potion"}],"is_trial":false,"path_per_floor":["M","?","?","M","M","E","$","R","T","M","R","E","?","M","R","B",null,"M","M","$","M","?","E","M","R","T","?","E","R","E","M","R","B",null,"M","M","$","M","M","R","E","R","T","?","E","M","$","E","R","B",null],"character_chosen":"IRONCLAD","items_purchased":["Membership Card","Battle Trance","Whetstone","Impervious","Brimstone","Paper Frog","DuplicationPotion","EntropicBrew","Orichalcum","Anchor"],"campfire_rested":5,"item_purchase_floors":[7,7,20,20,37,37,47,47,47,47],"current_hp_per_floor":[73,73,73,65,65,16,16,42,42,37,63,46,43,43,69,69,87,80,69,84,84,84,64,44,70,70,70,58,84,75,72,72,42,87,87,77,87,87,85,85,87,87,87,83,83,83,83,83,83,70],"gold":152,"neow_bonus":"BOSS_RELIC","is_daily":false,"chose_seed":false,"campfire_upgraded":3,"win_rate":0.0,"timestamp":1613181093,"path_taken":["M","?","?","M","?","E","?","R","T","M","R","E","?","M","R","BOSS","M","M","$","M","?","E","M","R","T","?","E","R","E","M","R","BOSS","M","M","$","M","M","R","E","R","T","?","E","M","$","E","R","BOSS"],"items_purchased_type":["Relic","Card","Relic","Card","Relic","Relic","Potion","Potion","Relic","Relic"],"build_version":"2020-12-22","purchased_purges":3,"victory":true,"max_hp_per_floor":[80,80,80,80,80,87,87,87,87,87,87,87,87,87,87,87,87,87,87,87,87,87,87,87,87,87,87,87,87,87,87,87,87,87,87,87,87,87,87,87,87,87,87,83,83,83,83,83,83,83],"card_choices":[{"not_picked":["Rupture","Wild Strike"],"picked":"Heavy Blade","floor":1},{"not_picked":["Sentinel","Twin Strike"],"picked":"Seeing Red","floor":4},{"not_picked":["Heavy Blade","Clothesline"],"picked":"Pummel","floor":5},{"not_picked":["Iron Wave","Inflame"],"picked":"Bludgeon","floor":6},{"not_picked":["Blood for Blood","Heavy Blade"],"picked":"Shrug It Off","floor":10},{"not_picked":["Dropkick","Twin Strike"],"picked":"Inflame","floor":12},{"not_picked":["Combust","Fire Breathing"],"picked":"Headbutt","floor":14},{"not_picked":["Exhume","Corruption"],"picked":"Bludgeon","floor":16},{"not_picked":["Cleave","Burning Pact","Infernal Blade+1"],"picked":"SKIP","floor":18},{"not_picked":["Clash","Hemokinesis","Ghostly Armor+1"],"picked":"SKIP","floor":19},{"not_picked":["Pommel Strike","Inflame+1"],"picked":"Battle Trance","floor":21},{"not_picked":["Clothesline","Pummel"],"picked":"Pommel Strike+1","floor":23},{"not_picked":["Disarm","Combust","Heavy Blade"],"picked":"SKIP","floor":24},{"not_picked":["True Grit","Infernal Blade"],"picked":"Shrug It Off","floor":25},{"not_picked":["Iron Wave","Reckless Charge","Exhume"],"picked":"SKIP","floor":28},{"not_picked":["Rage","Flex+1"],"picked":"Reaper","floor":30},{"not_picked":["Reckless Charge+1","Sword Boomerang","Warcry+1"],"picked":"SKIP","floor":31},{"not_picked":["Armaments","Hemokinesis+1","Flex"],"picked":"SKIP","floor":35},{"not_picked":["Body Slam","Warcry","Heavy Blade"],"picked":"SKIP","floor":36},{"not_picked":["Feed","Shrug It Off+1"],"picked":"Heavy Blade+1","floor":38},{"not_picked":["Clothesline+1","Armaments"],"picked":"Dual Wield+1","floor":39},{"not_picked":["Hemokinesis+1","Feel No Pain+1","Wild Strike"],"picked":"SKIP","floor":41},{"not_picked":["Shockwave","True Grit+1","Fire Breathing"],"picked":"SKIP","floor":45},{"not_picked":["True Grit+1","Whirlwind","Rage+1"],"picked":"SKIP","floor":46},{"not_picked":["Thunderclap","Power Through","Spot Weakness+1"],"picked":"SKIP","floor":48}],"player_experience":294396,"relics_obtained":[{"floor":6,"key":"Strawberry"},{"floor":9,"key":"Ancient Tea Set"},{"floor":12,"key":"MealTicket"},{"floor":23,"key":"Art of War"},{"floor":26,"key":"CeramicFish"},{"floor":28,"key":"Centennial Puzzle"},{"floor":30,"key":"Gambling Chip"},{"floor":41,"key":"Blood Vial"},{"floor":45,"key":"Juzu Bracelet"},{"floor":48,"key":"Potion Belt"}],"event_choices":[{"damage_healed":0,"gold_gain":0,"player_choice":"Take Wound","damage_taken":0,"relics_obtained":["Golden Idol"],"max_hp_gain":0,"max_hp_loss":0,"event_name":"Golden Idol","floor":2,"gold_loss":0,"cards_obtained":["Injury"]},{"cards_removed":["Injury"],"damage_healed":0,"gold_gain":0,"player_choice":"Offered Curse","damage_taken":0,"relics_obtained":["Spirit Poop"],"max_hp_gain":0,"max_hp_loss":0,"event_name":"Bonfire Elementals","floor":3,"gold_loss":0},{"damage_healed":0,"gold_gain":0,"player_choice":"Success","damage_taken":3,"relics_obtained":["Boot"],"max_hp_gain":0,"max_hp_loss":0,"event_name":"Scrap Ooze","floor":13,"gold_loss":0},{"damage_healed":0,"gold_gain":0,"player_choice":"Opened","damage_taken":0,"relics_obtained":["Dream Catcher"],"max_hp_gain":0,"max_hp_loss":0,"event_name":"The Mausoleum","floor":22,"gold_loss":0},{"damage_healed":0,"gold_gain":0,"cards_transformed":["Strike_R","Defend_R"],"player_choice":"Became Test Subject","damage_taken":0,"max_hp_gain":0,"max_hp_loss":0,"event_name":"Drug Dealer","floor":27,"gold_loss":0,"cards_obtained":["Flex","Limit Break"]},{"damage_healed":0,"gold_gain":0,"player_choice":"Max HP","damage_taken":0,"max_hp_gain":0,"max_hp_loss":4,"event_name":"Winding Halls","floor":44,"gold_loss":0}],"is_beta":false,"boss_relics":[{"not_picked":["SlaversCollar","Runic Dome"],"picked":"Snecko Eye"},{"not_picked":["Tiny House","Cursed Key"],"picked":"SacredBark"}],"items_purged_floors":[20,37,47],"is_endless":false,"potions_floor_spawned":[5,10,14,19,24,30,33,36,38],"ascension_level":4}}