{"host":"3yynf0dn84873kbr","time":1613223739,"event":{"mods":["Act Like it!","Arknights","BaseMod","CapriCore","Gensokyo","Marisa（F雨　魔理沙）","Minty Spire (QoL Compilation)","StSLib","WarShipGirlsR/战舰少女R mod","[IsaacMod]以撒尖塔","残留之物"],"gold_per_floor":[113,113,188,201,42,42,76,76,100,100,116,195,216,232,232,351,351,380,380,380,380,399,724,724,724,724,724,195,221,236,248,248,348,348,373,373,441,279,304,304,304],"floor_reached":40,"language":"ZHS","playtime":1620,"items_purged":[],"score":1055,"play_id":"854f2901-6563-4935-9c4c-6e5cb8265eca","local_time":"20210213214219","is_ascension_mode":true,"campfire_choices":[{"data":"PlaceholderMod:EvolutionSpray","floor":6,"key":"SMITH"},{"data":"PlaceholderMod:HardStrike","floor":8,"key":"SMITH"},{"data":"PlaceholderMod:Sweep","floor":10,"key":"SMITH"},{"floor":15,"key":"REST"},{"floor":24,"key":"REST"},{"data":"PlaceholderMod:AbsorbTouch","floor":27,"key":"SMITH"},{"data":"PlaceholderMod:GrowthForm","floor":32,"key":"SMITH"}],"circlet_count":0,"master_deck":["PlaceholderMod:BaseStrike","PlaceholderMod:BaseStrike","PlaceholderMod:BaseStrike","PlaceholderMod:BaseStrike","PlaceholderMod:BaseDefend","PlaceholderMod:BaseDefend","PlaceholderMod:BaseDefend","PlaceholderMod:BaseDefend","PlaceholderMod:Crystal","PlaceholderMod:PoisonWhip","BettingIsNotGood","PlaceholderMod:CorePoison","PlaceholderMod:Sweep+1","PlaceholderMod:SeverePoisonStrike","PlaceholderMod:Crystallization","PlaceholderMod:EvolutionSpray+1","PlaceholderMod:HardStrike+1","PlaceholderMod:Package","PlaceholderMod:Eat","PlaceholderMod:AttackAsDefend","PlaceholderMod:StrongAcid","PlaceholderMod:AbsorbTouch+1","PlaceholderMod:TriggerStrike","PlaceholderMod:ThreeBenzyolStart","PlaceholderMod:Hard+1","PlaceholderMod:Colorful","PlaceholderMod:DirectingGroup+1","PlaceholderMod:GrowthForm+1","PlaceholderMod:DiffusionPoison","PlaceholderMod:ChainPoly"],"relics":["PlaceholderMod:Tancle","HushsDoor","DeadEye","Bloody Idol","Tiny Chest","Pen Nib","Empty Cage","Ornamental Fan","Old Coin","Du-Vu Doll","Gremlin Horn","MealTicket","Shuriken","HandDrill","Calipers","ChampionBelt","Question Card","SharpPlug","PlaceholderMod:FlatBlood","MoneyPower"],"acts_visited":["Exordium","TheCity","TheBeyond"],"potions_floor_usage":[12,16,16,16],"damage_taken":[{"damage":5,"enemies":"Small Slimes","floor":1,"turns":3},{"damage":0,"enemies":"ats:Genji","floor":4,"turns":5},{"damage":12,"enemies":"2 Louse","floor":7,"turns":3},{"damage":13,"enemies":"Red Slaver","floor":11,"turns":3},{"damage":16,"enemies":"3 Sentries","floor":12,"turns":7},{"damage":6,"enemies":"Large Slime","floor":13,"turns":3},{"damage":0,"enemies":"Looter","floor":14,"turns":3},{"damage":0,"enemies":"Hexaghost","floor":16,"turns":7},{"damage":18,"enemies":"Spheric Guardian","floor":18,"turns":4},{"damage":10,"enemies":"Chosen","floor":22,"turns":2},{"damage":54,"enemies":"Slavers","floor":23,"turns":6},{"damage":21,"enemies":"Book of Stabbing","floor":29,"turns":4},{"damage":8,"enemies":"Snake Plant","floor":30,"turns":3},{"damage":14,"enemies":"Centurion and Healer","floor":31,"turns":4},{"damage":23,"enemies":"Champ","floor":33,"turns":8},{"damage":48,"enemies":"Nemesis","floor":35,"turns":5},{"damage":36,"enemies":"Mind Bloom Boss Battle","floor":39,"turns":5},{"damage":36,"enemies":"Giant Head","floor":40,"turns":4}],"seed_played":"-8237519528053896014","potions_obtained":[{"floor":1,"key":"Dexterity Potion"},{"floor":4,"key":"LiquidBronze"},{"floor":11,"key":"SpeedPotion"},{"floor":13,"key":"Dexterity Potion"},{"floor":22,"key":"FearPotion"},{"floor":23,"key":"SpeedPotion"}],"is_trial":false,"path_per_floor":["M","?","?","M","$","R","M","R","T","R","M","?","M","M","R","B",null,"M","?","?","T","M","E","R","T","T","R","$","E","M","M","R","B",null,"M","?","T","$","?","E"],"character_chosen":"THE_PLACEHOLDER","items_purchased":["PlaceholderMod:Crystallization","PlaceholderMod:EvolutionSpray","MealTicket","Shuriken","HandDrill","PlaceholderMod:FlatBlood"],"campfire_rested":2,"item_purchase_floors":[5,5,28,28,28,38],"current_hp_per_floor":[73,54,43,48,48,48,36,36,36,36,23,7,5,5,28,32,78,64,64,64,64,59,19,42,42,42,42,42,30,31,26,26,12,62,19,19,24,39,12,0,0],"gold":304,"neow_bonus":"ONE_RANDOM_RARE_CARD","is_daily":false,"chose_seed":false,"campfire_upgraded":5,"win_rate":0.0,"timestamp":1613223739,"path_taken":["M","?","?","M","$","R","M","R","T","R","M","?","M","M","R","BOSS","M","?","?","?","?","E","R","?","T","R","$","E","M","M","R","BOSS","M","?","?","?","?","E"],"items_purchased_type":["Card","Card","Relic","Relic","Relic","Relic"],"build_version":"2020-12-22","purchased_purges":0,"victory":false,"max_hp_per_floor":[78,78,78,78,78,78,78,78,78,78,78,78,78,78,78,78,78,78,78,78,78,78,78,78,78,78,78,78,78,78,78,78,78,78,78,78,78,78,78,78,78],"card_choices":[{"not_picked":[],"picked":"BettingIsNotGood","floor":0},{"not_picked":["PlaceholderMod:SelectReaction","Bomb"],"picked":"PlaceholderMod:Sweep","floor":1},{"not_picked":["PlaceholderMod:Stable","PlaceholderMod:MultipleOxi"],"picked":"PlaceholderMod:SeverePoisonStrike","floor":4},{"not_picked":["PlaceholderMod:Sweep","PlaceholderMod:ConsolidateHit"],"picked":"PlaceholderMod:HardStrike","floor":7},{"not_picked":["PlaceholderMod:OHStrongAttack","PlaceholderMod:StressReaction"],"picked":"PlaceholderMod:Package","floor":11},{"not_picked":["PlaceholderMod:Internalization","PlaceholderMod:HornyBlast"],"picked":"PlaceholderMod:Eat","floor":12},{"not_picked":["PlaceholderMod:Polyp","PlaceholderMod:SprayAttack"],"picked":"PlaceholderMod:AttackAsDefend","floor":13},{"not_picked":["PlaceholderMod:EvolutionSpray","Bomb"],"picked":"PlaceholderMod:StrongAcid","floor":14},{"not_picked":["PlaceholderMod:BlastSpray","PlaceholderMod:InnerSoften"],"picked":"PlaceholderMod:AbsorbTouch","floor":16},{"not_picked":["PlaceholderMod:PoisonAbsorb","PlaceholderMod:DirectingGroup+1"],"picked":"PlaceholderMod:TriggerStrike","floor":18},{"not_picked":["PlaceholderMod:SprayAttack","PlaceholderMod:PoisonAbsorb"],"picked":"PlaceholderMod:ThreeBenzyolStart","floor":22},{"not_picked":["PlaceholderMod:SprayAttack","PlaceholderMod:UnpureUse"],"picked":"PlaceholderMod:Hard+1","floor":23},{"not_picked":["PlaceholderMod:ParasiteChange","PlaceholderMod:OHStrongAttack"],"picked":"PlaceholderMod:Colorful","floor":29},{"not_picked":["PlaceholderMod:PoisonExcitation","PlaceholderMod:DissolvingSpikes"],"picked":"PlaceholderMod:DirectingGroup+1","floor":30},{"not_picked":["PlaceholderMod:Hard","PlaceholderMod:Crystallization+1"],"picked":"PlaceholderMod:GrowthForm","floor":31},{"not_picked":["PlaceholderMod:Inner","PlaceholderMod:Assimilation"],"picked":"PlaceholderMod:DiffusionPoison","floor":33},{"not_picked":["PlaceholderMod:StrongAcid","PlaceholderMod:Hard"],"picked":"PlaceholderMod:ChainPoly","floor":35}],"player_experience":151369,"relics_obtained":[{"floor":9,"key":"Tiny Chest"},{"floor":12,"key":"Pen Nib"},{"floor":21,"key":"Ornamental Fan"},{"floor":23,"key":"Old Coin"},{"floor":25,"key":"Du-Vu Doll"},{"floor":26,"key":"Gremlin Horn"},{"floor":29,"key":"Calipers"},{"floor":35,"key":"Question Card"},{"floor":37,"key":"SharpPlug"},{"floor":39,"key":"MoneyPower"}],"event_choices":[{"damage_healed":0,"gold_gain":0,"player_choice":"Take Damage","damage_taken":19,"relics_obtained":["Golden Idol"],"max_hp_gain":0,"max_hp_loss":0,"event_name":"Golden Idol","floor":2,"gold_loss":0},{"damage_healed":0,"gold_gain":75,"player_choice":"Gather Gold","damage_taken":11,"max_hp_gain":0,"max_hp_loss":0,"event_name":"World of Goop","floor":3,"gold_loss":0},{"damage_healed":0,"gold_gain":0,"player_choice":"Searched \u00271\u0027 times","damage_taken":0,"max_hp_gain":0,"max_hp_loss":0,"event_name":"Dead Adventurer","floor":12,"gold_loss":0},{"damage_healed":0,"gold_gain":0,"player_choice":"Gave Idol","damage_taken":0,"relics_obtained":["Bloody Idol"],"max_hp_gain":0,"max_hp_loss":0,"event_name":"Forgotten Altar","floor":20,"relics_lost":["Golden Idol"],"gold_loss":0},{"damage_healed":0,"gold_gain":0,"player_choice":"Fight","damage_taken":0,"max_hp_gain":0,"max_hp_loss":0,"event_name":"MindBloom","floor":39,"gold_loss":0}],"is_beta":false,"boss_relics":[{"not_picked":["Pandora\u0027s Box","Velvet Choker"],"picked":"Empty Cage"},{"not_picked":[]},{"not_picked":["Philosopher\u0027s Stone","Tiny House"],"picked":"ChampionBelt"},{"not_picked":[]}],"items_purged_floors":[],"is_endless":false,"potions_floor_spawned":[1,4,11,13,22,23],"killed_by":"Giant Head","ascension_level":20}}