{"host":"a5lz0e76zb3fcwkm","time":1613230777,"event":{"mods":["AchievementEnabler","BaseMod","Colored Map","Colored Powertips","Minty Spire (QoL Compilation)","StSLib","SuperFastMode"],"gold_per_floor":[115,132,282,557,569,569,603,553,635,478,478,478,478],"floor_reached":12,"language":"KOR","playtime":197,"items_purged":["Regret","Doubt"],"score":152,"play_id":"603d2d36-a182-4634-a46c-402927cbbe12","local_time":"20210214003937","is_ascension_mode":true,"campfire_choices":[{"data":"Consume","floor":6,"key":"SMITH"}],"circlet_count":0,"master_deck":["AscendersBane","Strike_B","Strike_B","Strike_B","Strike_B","Defend_B","Defend_B","Defend_B","Defend_B","Zap","Dualcast","Consume+1","Sunder","Coolheaded","White Noise","Self Repair"],"relics":["Philosopher\u0027s Stone","Smiling Mask","The Courier","Golden Idol"],"acts_visited":[],"potions_floor_usage":[7,12],"damage_taken":[{"damage":8,"enemies":"Jaw Worm","floor":1,"turns":3},{"damage":9,"enemies":"Cultist","floor":2,"turns":4},{"damage":17,"enemies":"Small Slimes","floor":5,"turns":4},{"damage":20,"enemies":"3 Sentries","floor":7,"turns":8},{"damage":29,"enemies":"Lagavulin","floor":12,"turns":5}],"seed_played":"-8650988784255873445","potions_obtained":[{"floor":1,"key":"Swift Potion"},{"floor":5,"key":"DuplicationPotion"}],"is_trial":false,"path_per_floor":["M","M","?","?","M","R","E","$","T","$","?","E"],"character_chosen":"DEFECT","items_purchased":["Self Repair","Fire Potion"],"campfire_rested":0,"item_purchase_floors":[10,10],"current_hp_per_floor":[56,47,47,47,30,30,10,10,10,10,10,0,0],"gold":478,"neow_bonus":"BOSS_RELIC","is_daily":false,"chose_seed":false,"campfire_upgraded":1,"win_rate":0.0,"timestamp":1613230777,"path_taken":["M","M","?","?","?","R","E","$","T","$","?","E"],"items_purchased_type":["Card","Potion"],"build_version":"2020-12-22","purchased_purges":2,"victory":false,"max_hp_per_floor":[71,71,71,71,71,71,71,71,71,71,64,64,64],"card_choices":[{"not_picked":["Conserve Battery","Rebound"],"picked":"Consume","floor":1},{"not_picked":["Reprogram","Storm"],"picked":"Sunder","floor":2},{"not_picked":["Cold Snap","Gash"],"picked":"Coolheaded","floor":5},{"not_picked":["Chill","Sunder"],"picked":"White Noise","floor":7}],"player_experience":1885935,"relics_obtained":[{"floor":7,"key":"Smiling Mask"},{"floor":9,"key":"The Courier"}],"event_choices":[{"damage_healed":0,"gold_gain":150,"player_choice":"AGREE","damage_taken":0,"max_hp_gain":0,"max_hp_loss":0,"event_name":"Liars Game","floor":3,"gold_loss":0,"cards_obtained":["Doubt"]},{"damage_healed":0,"gold_gain":275,"player_choice":"Desecrate","damage_taken":0,"max_hp_gain":0,"max_hp_loss":0,"event_name":"Golden Shrine","floor":4,"gold_loss":0,"cards_obtained":["Regret"]},{"damage_healed":0,"gold_gain":0,"player_choice":"Lose Max HP","damage_taken":0,"relics_obtained":["Golden Idol"],"max_hp_gain":0,"max_hp_loss":7,"event_name":"Golden Idol","floor":11,"gold_loss":0}],"is_beta":false,"boss_relics":[],"items_purged_floors":[8,10],"is_endless":false,"potions_floor_spawned":[1,5],"killed_by":"Lagavulin","ascension_level":20}}