{"host":"d6wf115srx44kjxl","time":1613195525,"event":{"mods":["BaseMod","Minty Spire (QoL Compilation)","Quick Restart"],"gold_per_floor":[117,11,11,31,31,65,65,77,150,74,149,180,180,180,180],"floor_reached":14,"language":"ENG","playtime":235,"items_purged":[],"score":194,"play_id":"387e120a-4b9d-4f58-972f-a04e3a3d219e","local_time":"20210213165205","is_ascension_mode":true,"campfire_choices":[{"data":"Sunder","floor":7,"key":"SMITH"},{"data":"Defragment","floor":13,"key":"SMITH"}],"circlet_count":0,"master_deck":["AscendersBane","Strike_B+1","Strike_B+1","Strike_B","Strike_B+1","Defend_B","Defend_B","Defend_B","Defend_B","Zap+1","Dualcast","Loop","Defragment+1","Compile Driver","Tempest","Regret","Sunder+1","Hologram","Loop","Thunder Strike"],"relics":["Cracked Core","NeowsBlessing","Blood Vial","Whetstone","Meat on the Bone","Potion Belt"],"acts_visited":[],"potions_floor_usage":[12,12],"damage_taken":[{"damage":0,"enemies":"Small Slimes","floor":1,"turns":1},{"damage":0,"enemies":"2 Louse","floor":4,"turns":1},{"damage":0,"enemies":"Lagavulin","floor":6,"turns":1},{"damage":12,"enemies":"Jaw Worm","floor":8,"turns":2},{"damage":16,"enemies":"Gremlin Nob","floor":12,"turns":3},{"damage":34,"enemies":"3 Sentries","floor":14,"turns":4}],"seed_played":"-6566735984234756803","potions_obtained":[{"floor":1,"key":"SkillPotion"},{"floor":4,"key":"Weak Potion"},{"floor":8,"key":"LiquidMemories"}],"is_trial":false,"path_per_floor":["M","$","?","M","?","E","R","M","T","$","?","E","R","E"],"character_chosen":"DEFECT","items_purchased":["Defragment","Compile Driver","Loop"],"campfire_rested":0,"item_purchase_floors":[2,2,10],"current_hp_per_floor":[68,68,53,53,53,55,55,45,45,45,34,32,32,0,0],"gold":180,"neow_bonus":"THREE_ENEMY_KILL","is_daily":false,"chose_seed":false,"campfire_upgraded":2,"win_rate":0.0,"timestamp":1613195525,"path_taken":["M","$","?","M","?","E","R","M","T","$","?","E","R","E"],"items_purchased_type":["Card","Card","Card"],"build_version":"2020-12-22","purchased_purges":0,"victory":false,"max_hp_per_floor":[75,75,75,75,75,75,75,75,75,75,75,75,75,75,75],"card_choices":[{"not_picked":["Compile Driver","Beam Cell"],"picked":"Loop","floor":1},{"not_picked":["Barrage","Go for the Eyes"],"picked":"Tempest","floor":4},{"not_picked":["Heatsinks","FTL"],"picked":"Sunder","floor":6},{"not_picked":["Rebound","Reprogram"],"picked":"Hologram","floor":8},{"not_picked":["Sweeping Beam","Gash"],"picked":"Thunder Strike","floor":12}],"player_experience":481252,"relics_obtained":[{"floor":6,"key":"Whetstone"},{"floor":9,"key":"Meat on the Bone"},{"floor":12,"key":"Potion Belt"}],"event_choices":[{"damage_healed":0,"gold_gain":0,"player_choice":"Entered Light","damage_taken":15,"max_hp_gain":0,"max_hp_loss":0,"event_name":"Shining Light","floor":3,"gold_loss":0,"cards_upgraded":["Zap","Strike_B"]},{"damage_healed":0,"gold_gain":0,"player_choice":"Box","damage_taken":0,"relics_obtained":["Blood Vial"],"max_hp_gain":0,"max_hp_loss":0,"event_name":"Big Fish","floor":5,"gold_loss":0,"cards_obtained":["Regret"]},{"damage_healed":0,"gold_gain":75,"player_choice":"Gather Gold","damage_taken":11,"max_hp_gain":0,"max_hp_loss":0,"event_name":"World of Goop","floor":11,"gold_loss":0}],"is_beta":false,"boss_relics":[],"items_purged_floors":[],"is_endless":false,"potions_floor_spawned":[1,4,8],"killed_by":"3 Sentries","ascension_level":12}}