{"host":"y3tal5djvejpcno2","time":1613255194,"event":{"mods":["BaseMod","Colored Map","Colored Powertips","Hermit","Infinite Spire","Minty Spire (QoL Compilation)","Permanent Neow","Quick Restart","Relic Stats","Replay The Spire","SOS???????","StSLib","The Blue Laboratory","The Bug Knight","The Cursed","The Jungle","Wandering Minibosses"],"gold_per_floor":[253,81,81,113,113,113,175,175,255,309,347,180,180,227,227,327,327,278,278,278,278,377,96,139,139,139,139],"floor_reached":26,"language":"ENG","playtime":2223,"items_purged":["Attack_a"],"score":202,"play_id":"cda4e7d0-677a-48a3-b9fe-94b72bc040fc","local_time":"20210213202634","is_ascension_mode":false,"campfire_choices":[{"data":"Gunslinger","floor":6,"key":"SMITH"},{"data":"Greenorb","floor":8,"key":"SMITH"},{"data":"Redorb","floor":13,"key":"SMITH"},{"floor":15,"key":"REST"},{"floor":25,"key":"REST"}],"circlet_count":0,"master_deck":["Shoot+1","Shoot","Provocation","Defend_Dante","Defend_Dante","Defend_Dante+1","Defend_Dante","Redorb+1","Gunslinger+1","Greenorb+1","Shock+1","Doubleshoot","Greenorb","Royalguard+1","Doubleshoot+1","Purpleorb","Chargeshoot2+1","Doubleshoot"],"relics":["SSS","Combocheck","infinitespire:PuzzleCube","Odd Mushroom","Chameleon Ring","Ancient Tea Set","War Paint","Empty Cage","Whetstone"],"acts_visited":["Exordium","TheCity"],"potions_floor_usage":[11,16,26],"damage_taken":[{"damage":6,"enemies":"2 Louse","floor":1,"turns":3},{"damage":17,"enemies":"Small Slimes","floor":4,"turns":7},{"damage":0,"enemies":"The Mushroom Lair","floor":7,"turns":3},{"damage":6,"enemies":"Jaw Worm","floor":10,"turns":3},{"damage":23,"enemies":"Gremlin Nob","floor":11,"turns":5},{"damage":8,"enemies":"3 Louse","floor":14,"turns":2},{"damage":46,"enemies":"Fading Forest","floor":16,"turns":11},{"damage":69,"enemies":"2 Thieves","floor":18,"turns":11},{"damage":3,"enemies":"Shell Parasite","floor":24,"turns":5},{"damage":63,"enemies":"Nightmare","floor":26,"turns":9}],"seed_played":"7920859616057968823","potions_obtained":[{"floor":7,"key":"LifebloodPotion"},{"floor":11,"key":"AttackPotion"},{"floor":16,"key":"blueLaboratory:NullPotion"}],"is_trial":false,"path_per_floor":["M","$","?","M","?","R","?","R","T","M","E","$","R","M","R","B",null,"M","AVR","PTL","PTL","?","$","M","R","NM"],"character_chosen":"DANTE","items_purchased":["Greenorb","infinitespire:PuzzleCube","Doubleshoot","War Paint","Doubleshoot","Whetstone"],"campfire_rested":2,"item_purchase_floors":[2,2,12,12,23,23],"current_hp_per_floor":[74,74,74,65,65,65,66,66,66,65,46,46,46,40,64,20,80,27,27,27,27,27,27,34,58,0,0],"gold":139,"neow_bonus":"HUNDRED_GOLD","is_daily":false,"chose_seed":false,"campfire_upgraded":3,"win_rate":0.0,"timestamp":1613255194,"path_taken":["M","$","?","M","?","R","?","R","T","M","E","?","R","M","R","BOSS","M","AVR","PTL","PTL","?","$","M","R","NM"],"items_purchased_type":["Card","Relic","Card","Relic","Card","Relic"],"build_version":"2020-12-22","purchased_purges":1,"victory":false,"max_hp_per_floor":[80,80,80,80,80,80,80,80,80,80,80,80,80,80,80,80,80,80,80,80,80,80,80,80,80,80,80],"relic_stats":{"counters":[10,59],"Whetstone":["Doubleshoot","Shoot"],"War Paint":["Defend_Dante","Royalguard"],"obtain_stats":[{"SSS":0,"Chameleon Ring":9,"Whetstone":23,"Odd Mushroom":7,"War Paint":12,"Ancient Tea Set":11,"Empty Cage":17,"infinitespire:PuzzleCube":2,"Combocheck":0},{"SSS":0,"Chameleon Ring":3,"Whetstone":8,"Odd Mushroom":3,"War Paint":5,"Ancient Tea Set":5,"Empty Cage":7,"infinitespire:PuzzleCube":1,"Combocheck":0},{"SSS":0,"Chameleon Ring":13,"Whetstone":45,"Odd Mushroom":13,"War Paint":21,"Ancient Tea Set":21,"Empty Cage":34,"infinitespire:PuzzleCube":3,"Combocheck":0}]},"card_choices":[{"not_picked":["Unrisingdragon","Honeycombofire"],"picked":"Gunslinger","floor":1},{"not_picked":["Gunstinger","Weaponchange"],"picked":"Shock","floor":4},{"not_picked":["BeastUppercut","LucifercomboB"],"picked":"Doubleshoot","floor":7},{"not_picked":["SSScard","Stinger"],"picked":"Greenorb","floor":10},{"not_picked":["VitalstarS","Millionstab"],"picked":"Royalguard","floor":11},{"not_picked":["Rebellion","Swordmaster","Kick13"],"picked":"SKIP","floor":14},{"not_picked":["Trickster","Royalguard"],"picked":"Purpleorb","floor":16},{"not_picked":["Royaldefend+1","Straight"],"picked":"Chargeshoot2+1","floor":18},{"not_picked":["Straight+1","Hightime","Holywater"],"picked":"SKIP","floor":24}],"player_experience":39795,"relics_obtained":[{"floor":7,"key":"Odd Mushroom"},{"floor":9,"key":"Chameleon Ring"},{"floor":11,"key":"Ancient Tea Set"}],"event_choices":[{"damage_healed":0,"gold_gain":0,"player_choice":"Ignored","damage_taken":0,"max_hp_gain":0,"max_hp_loss":0,"event_name":"Golden Idol","floor":3,"gold_loss":0},{"damage_healed":0,"gold_gain":0,"player_choice":"Fought Mushrooms","damage_taken":0,"max_hp_gain":0,"max_hp_loss":0,"event_name":"Mushrooms","floor":7,"gold_loss":0},{"damage_healed":0,"gold_gain":99,"player_choice":"Stole From Cult","damage_taken":0,"max_hp_gain":0,"max_hp_loss":0,"event_name":"Nest","floor":22,"gold_loss":0}],"is_beta":false,"boss_relics":[{"not_picked":["ReplayTheSpireMod:DimensionalGlitch","Tiny House"],"picked":"Empty Cage"}],"items_purged_floors":[23],"is_endless":false,"potions_floor_spawned":[7,11,16],"killed_by":"Nightmare","ascension_level":0}}