{"host":"6fh0uvaoh3e0g6do","time":1613231995,"event":{"mods":["AchievementEnabler","BaseMod","Downfall","Minty Spire (QoL Compilation)","Replay The Spire","StSLib"],"gold_per_floor":[115,126,146,74,94,94,124,299,324,324,55,55,55,23,23,128,128,139,155,430,430,430,430,430,430,430,463,477,491,506,525,525,525,525],"floor_reached":33,"language":"ENG","playtime":1386,"items_purged":[],"score":342,"play_id":"d71690fe-f901-4b04-9bc3-13029c293159","local_time":"20210213085955","is_ascension_mode":true,"campfire_choices":[{"data":"Metallicize","floor":6,"key":"SMITH"},{"data":"Metallicize","floor":13,"key":"SMITH"},{"data":"Sword Boomerang","floor":15,"key":"SMITH"},{"data":"Inflame","floor":23,"key":"SMITH"},{"data":"ReplayTheSpireMod:Limb From Limb","floor":25,"key":"SMITH"},{"data":"Metallicize","floor":32,"key":"SMITH"}],"circlet_count":0,"master_deck":["Strike_R","Strike_R","Strike_R","Strike_R","Strike_R","Defend_R+1","Defend_R","Defend_R","Defend_R","Bash+1","ReplayTheSpireMod:Limb From Limb+1","Metallicize+1","Flex","Sword Boomerang+1","Metallicize+1","Flex","Headbutt","Reaper","Heavy Blade+1","Heavy Blade+1","Regret","downfall:Bewildered","Inflame+1","Flex","Headbutt","Metallicize+1","Demon Form"],"relics":["Burning Blood","Nunchaku","Juzu Bracelet","Vajra","Velvet Choker","sneckomod:BabySnecko","Torii","Red Mask"],"acts_visited":["Exordium","TheCity"],"potions_floor_usage":[7,13,19,31,33,33],"damage_taken":[{"damage":3,"enemies":"Jaw Worm","floor":1,"turns":5},{"damage":5,"enemies":"2 Louse","floor":2,"turns":3},{"damage":3,"enemies":"Small Slimes","floor":3,"turns":4},{"damage":12,"enemies":"Exordium Wildlife","floor":5,"turns":5},{"damage":0,"enemies":"Gremlin Nob","floor":7,"turns":2},{"damage":19,"enemies":"Exordium Thugs","floor":14,"turns":5},{"damage":33,"enemies":"Hexaghost","floor":16,"turns":7},{"damage":0,"enemies":"Spheric Guardian","floor":18,"turns":2},{"damage":19,"enemies":"3 Byrds","floor":19,"turns":5},{"damage":34,"enemies":"Masked Bandits","floor":27,"turns":5},{"damage":10,"enemies":"Centurion and Healer","floor":28,"turns":4},{"damage":5,"enemies":"Chosen and Byrds","floor":29,"turns":3},{"damage":13,"enemies":"Snake Plant","floor":30,"turns":3},{"damage":2,"enemies":"Snecko","floor":31,"turns":4},{"damage":57,"enemies":"Champ","floor":33,"turns":7}],"seed_played":"-3020528408059169468","potions_obtained":[{"floor":2,"key":"ElixirPotion"},{"floor":3,"key":"BloodPotion"},{"floor":5,"key":"SteroidPotion"},{"floor":18,"key":"AttackPotion"},{"floor":29,"key":"Milkshake"},{"floor":31,"key":"Toxic Potion"}],"is_trial":false,"path_per_floor":["M","M","M","$","M","R","E","?","T","?","$","?","R","M","R","B",null,"M","M","?","?","?","R","?","R","T","?","M","M","M","M","R","B"],"character_chosen":"IRONCLAD","items_purchased":["Metallicize","Vajra","Metallicize","Flex"],"campfire_rested":0,"item_purchase_floors":[4,11,11,11],"current_hp_per_floor":[88,88,88,88,82,82,88,88,88,88,88,70,87,74,74,47,88,88,75,75,75,75,75,58,58,58,33,43,44,37,41,41,0,0],"gold":525,"neow_bonus":"TEN_PERCENT_HP_BONUS","is_daily":false,"chose_seed":false,"campfire_upgraded":6,"win_rate":0.0,"timestamp":1613231995,"path_taken":["M","M","M","$","M","R","E","?","T","?","?","?","R","M","R","BOSS","M","M","?","?","?","R","?","R","T","?","M","M","M","M","R","BOSS"],"items_purchased_type":["Card","Relic","Card","Card"],"build_version":"2020-12-22","purchased_purges":0,"victory":false,"max_hp_per_floor":[88,88,88,88,88,88,88,88,88,88,88,88,88,88,88,88,88,88,88,88,88,88,88,93,93,93,93,93,93,93,93,93,93,93],"card_choices":[{"not_picked":["Run Through","Thunderclap"],"picked":"ReplayTheSpireMod:Limb From Limb","floor":1},{"not_picked":["Anger","Body Slam","ReplayReversal"],"picked":"SKIP","floor":2},{"not_picked":["Power Through","Havoc","Body Slam"],"picked":"SKIP","floor":3},{"not_picked":["Intimidate","Clash"],"picked":"Flex","floor":5},{"not_picked":["Feel No Pain","Corruption"],"picked":"Sword Boomerang","floor":7},{"not_picked":["Wild Strike","Run Through"],"picked":"Headbutt","floor":14},{"not_picked":["Eclipse","Offering"],"picked":"Reaper","floor":16},{"not_picked":["Havoc","Armaments"],"picked":"Heavy Blade+1","floor":18},{"not_picked":["True Grit+1","Shrug It Off"],"picked":"Heavy Blade+1","floor":19},{"not_picked":["Intimidate","Havoc"],"picked":"Flex","floor":27},{"not_picked":["Cleave","Anger"],"picked":"Headbutt","floor":28},{"not_picked":["Run Through","Feel No Pain","ReplayTheSpireMod:Strike From Hell"],"picked":"SKIP","floor":29},{"not_picked":["Havoc","Warcry"],"picked":"Metallicize","floor":30},{"not_picked":["Shrug It Off+1","Cleave"],"picked":"Demon Form","floor":31}],"player_experience":23558,"relics_obtained":[{"floor":7,"key":"Nunchaku"},{"floor":9,"key":"Juzu Bracelet"},{"floor":26,"key":"Torii"},{"floor":27,"key":"Red Mask"}],"event_choices":[{"damage_healed":0,"gold_gain":175,"player_choice":"AGREE","damage_taken":0,"max_hp_gain":0,"max_hp_loss":0,"event_name":"Liars Game","floor":8,"gold_loss":0,"cards_obtained":["Doubt"]},{"cards_removed":["Doubt"],"damage_healed":0,"gold_gain":0,"player_choice":"Forget","damage_taken":0,"max_hp_gain":0,"max_hp_loss":0,"event_name":"Living Wall","floor":10,"gold_loss":0},{"damage_healed":0,"gold_gain":0,"player_choice":"Entered Light","damage_taken":18,"max_hp_gain":0,"max_hp_loss":0,"event_name":"Shining Light","floor":12,"gold_loss":0,"cards_upgraded":["Bash","Defend_R"]},{"damage_healed":0,"gold_gain":275,"player_choice":"Desecrate","damage_taken":0,"max_hp_gain":0,"max_hp_loss":0,"event_name":"Golden Shrine","floor":20,"gold_loss":0,"cards_obtained":["Regret"]},{"damage_healed":0,"gold_gain":0,"player_choice":"Read","damage_taken":0,"max_hp_gain":0,"max_hp_loss":0,"event_name":"The Library","floor":22,"gold_loss":0,"cards_obtained":["Inflame"]},{"damage_healed":0,"gold_gain":0,"player_choice":"Shed Blood","damage_taken":22,"max_hp_gain":5,"max_hp_loss":0,"event_name":"Forgotten Altar","floor":24,"gold_loss":0},{"damage_healed":0,"gold_gain":0,"player_choice":"Fought Bandits","damage_taken":0,"max_hp_gain":0,"max_hp_loss":0,"event_name":"Masked Bandits","floor":27,"gold_loss":0}],"is_beta":false,"boss_relics":[{"not_picked":["Runic Dome","Busted Crown"],"picked":"Velvet Choker"}],"items_purged_floors":[],"is_endless":false,"potions_floor_spawned":[2,3,5,18,29,31],"killed_by":"Champ","ascension_level":3}}