{"host":"cijwx898anu8dehj","time":1613222917,"event":{"mods":["AchievementEnabler","AlwaysNeverKeys","BaseMod","Colored Map","Colored Powertips","Highlight Path","Minty Spire (QoL Compilation)","Rare Cards Sparkle","Relic Stats","Slay-I"],"gold_per_floor":[114,129,129,129,144,174,103,103,128,158,158,173,173,203,203,303,303,318,333,333,348,198,228,228,258,258,288,288,0,30,45,45,145,145,160,160,175,189,114,114,164,164,164,194,209,239,239,239,239,239],"floor_reached":51,"language":"ENG","playtime":4283,"items_purged":[],"score":1002,"play_id":"3519b568-8daa-4464-991d-f501c2d0d745","local_time":"20210213112837","daily_mods":["SealedDeck","Colorless Cards","Elite Swarm"],"is_ascension_mode":false,"campfire_choices":[{"data":"Heavy Blade","floor":8,"key":"SMITH"},{"data":"Iron Wave","floor":11,"key":"SMITH"},{"data":"Flame Barrier","floor":15,"key":"SMITH"},{"data":"Good Instincts","floor":24,"key":"SMITH"},{"data":"Iron Wave","floor":32,"key":"SMITH"},{"data":"True Grit","floor":40,"key":"SMITH"},{"data":"Metamorphosis","floor":42,"key":"SMITH"},{"data":"Inflame","floor":49,"key":"SMITH"}],"circlet_count":0,"master_deck":["Iron Wave+1","Iron Wave+1","Twin Strike","Inflame+1","Good Instincts+1","Flex","Heavy Blade+1","Shrug It Off","Shrug It Off","Inflame","Metamorphosis+1","Flame Barrier+1","Master of Strategy","The Bomb+1","Deep Breath+1","Immolate","Impervious","Panache","Inflame","Shrug It Off+1","Pummel+1","True Grit+1","Panache"],"relics":["Burning Blood","Ornamental Fan","Bag of Preparation","Letter Opener","Bottled Lightning","Thread and Needle","Coffee Dripper","Enchiridion","Bag of Marbles","StoneCalendar","Orichalcum","PreservedInsect","Calipers","Paper Frog","Smiling Mask","Busted Crown","Lizard Tail","Nunchaku","War Paint","Magic Flower","Blood Vial","Bronze Scales"],"acts_visited":["Exordium","TheCity","TheBeyond"],"potions_floor_usage":[30,33,50],"damage_taken":[{"damage":0,"enemies":"Jaw Worm","floor":1,"turns":2},{"damage":0,"enemies":"Cultist","floor":2,"turns":3},{"damage":0,"enemies":"Small Slimes","floor":5,"turns":3},{"damage":9,"enemies":"Lagavulin","floor":6,"turns":7},{"damage":10,"enemies":"3 Sentries","floor":10,"turns":7},{"damage":0,"enemies":"Exordium Wildlife","floor":12,"turns":2},{"damage":2,"enemies":"Lagavulin","floor":14,"turns":3},{"damage":1,"enemies":"The Guardian","floor":16,"turns":7},{"damage":0,"enemies":"Shell Parasite","floor":18,"turns":3},{"damage":0,"enemies":"2 Thieves","floor":19,"turns":3},{"damage":0,"enemies":"Sentry and Sphere","floor":21,"turns":4},{"damage":0,"enemies":"Book of Stabbing","floor":23,"turns":5},{"damage":0,"enemies":"Gremlin Leader","floor":25,"turns":5},{"damage":0,"enemies":"Book of Stabbing","floor":27,"turns":4},{"damage":6,"enemies":"Slavers","floor":30,"turns":3},{"damage":0,"enemies":"Snecko","floor":31,"turns":3},{"damage":9,"enemies":"Collector","floor":33,"turns":7},{"damage":0,"enemies":"3 Darklings","floor":35,"turns":3},{"damage":0,"enemies":"3 Shapes","floor":37,"turns":3},{"damage":11,"enemies":"2 Orb Walkers","floor":38,"turns":5},{"damage":3,"enemies":"Reptomancer","floor":41,"turns":3},{"damage":0,"enemies":"Giant Head","floor":44,"turns":5},{"damage":0,"enemies":"Writhing Mass","floor":45,"turns":7},{"damage":15,"enemies":"Reptomancer","floor":46,"turns":5},{"damage":0,"enemies":"Donu and Deca","floor":50,"turns":4}],"seed_played":"6099103822572544471","potions_obtained":[{"floor":1,"key":"Swift Potion"},{"floor":5,"key":"Regen Potion"},{"floor":6,"key":"BlessingOfTheForge"},{"floor":14,"key":"LiquidMemories"},{"floor":25,"key":"Regen Potion"},{"floor":30,"key":"EssenceOfSteel"},{"floor":33,"key":"Explosive Potion"},{"floor":38,"key":"SteroidPotion"}],"is_trial":false,"path_per_floor":["M","M","?","?","M","E","$","R","T","E","R","M","T","E","R","B",null,"M","M","?","M","$","E","R","E","T","E","?","$","E","M","R","B",null,"M","?","M","?","?","R","E","R","T","E","M","E","$","?","R","B",null],"character_chosen":"IRONCLAD","items_purchased":["Flame Barrier","Bag of Marbles","Paper Frog","Inflame"],"campfire_rested":0,"item_purchase_floors":[7,22,29,29],"current_hp_per_floor":[80,80,85,85,85,82,82,82,82,78,78,84,84,85,85,85,85,85,85,69,75,75,81,81,85,85,85,85,85,85,85,85,82,85,85,75,81,76,76,76,79,79,79,85,85,79,79,79,79,85],"gold":239,"neow_bonus":"","is_daily":true,"chose_seed":false,"campfire_upgraded":8,"win_rate":0.0,"timestamp":1613222917,"path_taken":["M","M","?","?","M","E","$","R","T","E","R","?","?","E","R","BOSS","M","?","?","M","$","E","R","E","T","E","?","?","E","M","R","BOSS","M","?","M","?","?","R","E","R","T","E","?","E","$","?","R","BOSS"],"items_purchased_type":["Card","Relic","Relic","Card"],"build_version":"2020-12-22","purchased_purges":0,"victory":true,"max_hp_per_floor":[80,80,85,85,85,85,85,85,85,85,85,85,85,85,85,85,85,85,85,85,85,85,85,85,85,85,85,85,85,85,85,85,85,85,85,85,85,85,85,85,85,85,85,85,85,85,85,85,85,85],"relic_stats":{"counters":[25,106],"Magic Flower":[4],"StoneCalendar":[64],"PreservedInsect":328,"Bag of Preparation":[42],"Letter Opener":[225],"Orichalcum":[24],"War Paint":["The Bomb","Shrug It Off"],"Smiling Mask":0,"Burning Blood":86,"Blood Vial":3,"Lizard Tail":0,"Nunchaku":[3],"Busted Crown":20,"Ornamental Fan":[56],"Bronze Scales":[12],"obtain_stats":[{"Calipers":27,"Enchiridion":20,"Magic Flower":43,"Thread and Needle":14,"StoneCalendar":23,"PreservedInsect":26,"Bag of Preparation":9,"Letter Opener":10,"Orichalcum":25,"War Paint":41,"Smiling Mask":30,"Burning Blood":0,"Blood Vial":44,"Lizard Tail":38,"Nunchaku":39,"Busted Crown":34,"Ornamental Fan":6,"Bronze Scales":46,"Coffee Dripper":17,"Bag of Marbles":22,"Bottled Lightning":13,"Paper Frog":29},{"Calipers":14,"Enchiridion":10,"Magic Flower":21,"Thread and Needle":7,"StoneCalendar":12,"PreservedInsect":13,"Bag of Preparation":4,"Letter Opener":5,"Orichalcum":13,"War Paint":21,"Smiling Mask":15,"Burning Blood":0,"Blood Vial":22,"Lizard Tail":20,"Nunchaku":20,"Busted Crown":17,"Ornamental Fan":4,"Bronze Scales":24,"Coffee Dripper":8,"Bag of Marbles":11,"Bottled Lightning":6,"Paper Frog":14},{"Calipers":58,"Enchiridion":40,"Magic Flower":85,"Thread and Needle":27,"StoneCalendar":49,"PreservedInsect":54,"Bag of Preparation":15,"Letter Opener":22,"Orichalcum":54,"War Paint":85,"Smiling Mask":61,"Burning Blood":0,"Blood Vial":90,"Lizard Tail":82,"Nunchaku":82,"Busted Crown":71,"Ornamental Fan":15,"Bronze Scales":102,"Coffee Dripper":34,"Bag of Marbles":44,"Bottled Lightning":24,"Paper Frog":58}]},"card_choices":[{"not_picked":["Purity","Panacea"],"picked":"Inflame","floor":1},{"not_picked":["Finesse","Headbutt","Dual Wield"],"picked":"SKIP","floor":2},{"not_picked":["True Grit","Wild Strike","Warcry"],"picked":"SKIP","floor":5},{"not_picked":["Exhume","Secret Technique"],"picked":"Metamorphosis","floor":6},{"not_picked":["Mayhem","Juggernaut","Reaper"],"picked":"SKIP","floor":10},{"not_picked":["Flex","Carnage","Heavy Blade"],"picked":"SKIP","floor":12},{"not_picked":["Magnetism","Chrysalis"],"picked":"Master of Strategy","floor":14},{"not_picked":["Chrysalis","Fiend Fire"],"picked":"The Bomb","floor":16},{"not_picked":["Whirlwind","Twin Strike","Clash"],"picked":"SKIP","floor":18},{"not_picked":["Impatience+1","Jack Of All Trades"],"picked":"Deep Breath+1","floor":19},{"not_picked":["Carnage+1","Bandage Up","Bloodletting"],"picked":"SKIP","floor":21},{"not_picked":["Juggernaut","Feed"],"picked":"Immolate","floor":23},{"not_picked":["Berserk","Sadistic Nature"],"picked":"Impervious","floor":25},{"not_picked":["Demon Form","Impervious"],"picked":"Panache","floor":27},{"not_picked":["Reaper","Fiend Fire","Metamorphosis"],"picked":"SKIP","floor":30},{"not_picked":["Panacea","Discovery"],"picked":"Shrug It Off","floor":31},{"not_picked":[],"picked":"Pummel+1","floor":35},{"not_picked":["Headbutt"],"picked":"SKIP","floor":37},{"not_picked":[],"picked":"True Grit","floor":38},{"not_picked":["Secret Weapon"],"picked":"SKIP","floor":41},{"not_picked":[],"picked":"Panache","floor":44},{"not_picked":["True Grit+1"],"picked":"SKIP","floor":45},{"not_picked":["Juggernaut"],"picked":"SKIP","floor":46}],"player_experience":1144183,"relics_obtained":[{"floor":6,"key":"Ornamental Fan"},{"floor":9,"key":"Bag of Preparation"},{"floor":10,"key":"Letter Opener"},{"floor":13,"key":"Bottled Lightning"},{"floor":14,"key":"Thread and Needle"},{"floor":20,"key":"Enchiridion"},{"floor":23,"key":"StoneCalendar"},{"floor":25,"key":"Orichalcum"},{"floor":26,"key":"PreservedInsect"},{"floor":27,"key":"Calipers"},{"floor":30,"key":"Smiling Mask"},{"floor":38,"key":"Lizard Tail"},{"floor":41,"key":"War Paint"},{"floor":43,"key":"Magic Flower"},{"floor":44,"key":"Blood Vial"},{"floor":46,"key":"Bronze Scales"}],"event_choices":[{"damage_healed":0,"gold_gain":0,"player_choice":"Donut","damage_taken":0,"max_hp_gain":5,"max_hp_loss":0,"event_name":"Big Fish","floor":3,"gold_loss":0},{"cards_removed":["Flex"],"damage_healed":5,"gold_gain":0,"player_choice":"Offered Common","damage_taken":0,"max_hp_gain":0,"max_hp_loss":0,"event_name":"Bonfire Elementals","floor":4,"gold_loss":0},{"cards_removed":["Flex"],"damage_healed":5,"gold_gain":0,"player_choice":"Offered Special","damage_taken":0,"max_hp_gain":0,"max_hp_loss":0,"event_name":"Bonfire Elementals","floor":4,"gold_loss":0},{"damage_healed":0,"gold_gain":0,"player_choice":"Obtained Book","damage_taken":16,"max_hp_gain":0,"max_hp_loss":0,"event_name":"Cursed Tome","floor":20,"gold_loss":0},{"damage_healed":0,"gold_gain":0,"player_choice":"Ignored","damage_taken":0,"max_hp_gain":0,"max_hp_loss":0,"event_name":"The Mausoleum","floor":28,"gold_loss":0},{"damage_healed":0,"gold_gain":0,"player_choice":"Memory 3","damage_taken":10,"max_hp_gain":0,"max_hp_loss":0,"event_name":"SensoryStone","floor":36,"gold_loss":0},{"damage_healed":0,"gold_gain":0,"player_choice":"Fight","damage_taken":0,"max_hp_gain":0,"max_hp_loss":0,"event_name":"Mysterious Sphere","floor":38,"gold_loss":0},{"damage_healed":0,"gold_gain":0,"player_choice":"Paid Gold","damage_taken":0,"relics_obtained":["Nunchaku"],"max_hp_gain":0,"max_hp_loss":0,"event_name":"WeMeetAgain","floor":39,"gold_loss":75},{"damage_healed":0,"gold_gain":0,"player_choice":"0 cards matched","damage_taken":0,"max_hp_gain":0,"max_hp_loss":0,"event_name":"Match and Keep!","floor":48,"gold_loss":0,"cards_obtained":[]}],"is_beta":false,"boss_relics":[{"not_picked":["Runic Pyramid","Mark of Pain"],"picked":"Coffee Dripper"},{"not_picked":["Black Star","Velvet Choker"],"picked":"Busted Crown"}],"items_purged_floors":[],"is_endless":false,"potions_floor_spawned":[1,5,6,14,21,25,30,33,38,41,46],"ascension_level":0}}