{"host":"zrerxgu8lagrk16e","time":1613188367,"event":{"mods":["AchievementEnabler","BaseMod","Better Altar","Better Match","Better Note","Better Sensory Stone","Better Skull","Better Third Choice","BetterRewards","Colored Map","Colored Powertips","Minty Spire (QoL Compilation)","Quick Restart","Relic Stats","StSLib","slay the spire mod where everything is the same but ironclad has a cowboy hat"],"gold_per_floor":[114,86,49,49,49,78,96,129,175,175,255,274,309,336,336,336,336],"floor_reached":16,"language":"ENG","playtime":852,"items_purged":[],"score":186,"play_id":"451f1061-7bc1-40cf-b31b-3daf2d846d97","local_time":"20210212225247","is_ascension_mode":true,"campfire_choices":[{"data":"Trip","floor":10,"key":"SMITH"},{"data":"Dual Wield","floor":15,"key":"SMITH"}],"circlet_count":0,"master_deck":["Strike_R","Strike_R","Strike_R","Strike_R","Strike_R","Defend_R","Defend_R","Defend_R","Defend_R","Bash","Pummel","Spot Weakness","Trip+1","True Grit","Blood for Blood","Spot Weakness","Bludgeon","Dual Wield+1"],"relics":["Burning Blood","NeowsBlessing","betterThird:SlimedRelic","Smiling Mask","Toy Ornithopter","PreservedInsect","CeramicFish"],"acts_visited":["Exordium"],"potions_floor_usage":[8,13,14],"damage_taken":[{"damage":0,"enemies":"Jaw Worm","floor":1,"turns":1},{"damage":0,"enemies":"3 Sentries","floor":6,"turns":2},{"damage":0,"enemies":"2 Louse","floor":7,"turns":1},{"damage":37,"enemies":"Gremlin Nob","floor":8,"turns":4},{"damage":5,"enemies":"Small Slimes","floor":12,"turns":2},{"damage":23,"enemies":"Lagavulin","floor":13,"turns":6},{"damage":11,"enemies":"Exordium Thugs","floor":14,"turns":3},{"damage":38,"enemies":"Hexaghost","floor":16,"turns":9}],"seed_played":"1706557672483612020","potions_obtained":[{"floor":1,"key":"Swift Potion"},{"floor":6,"key":"Strength Potion"},{"floor":13,"key":"LiquidBronze"}],"is_trial":false,"path_per_floor":["M","?","$","?","?","E","M","E","T","R","?","M","E","M","R","B"],"character_chosen":"IRONCLAD","items_purchased":["Spot Weakness"],"campfire_rested":0,"item_purchase_floors":[3],"current_hp_per_floor":[78,67,67,67,67,73,79,48,48,48,48,49,37,37,37,0,0],"gold":336,"neow_bonus":"THREE_ENEMY_KILL","is_daily":false,"chose_seed":false,"campfire_upgraded":2,"win_rate":0.0,"timestamp":1613188367,"path_taken":["M","?","$","?","?","E","M","E","T","R","?","M","E","M","R","BOSS"],"items_purchased_type":["Card"],"build_version":"2020-12-22","purchased_purges":0,"victory":false,"max_hp_per_floor":[80,80,80,80,80,80,80,80,80,80,80,80,80,80,80,80,80],"relic_stats":{"counters":[8,28],"CeramicFish":18,"PreservedInsect":28,"Smiling Mask":0,"obtain_stats":[{"NeowsBlessing":0,"betterThird:SlimedRelic":2,"CeramicFish":13,"PreservedInsect":9,"Smiling Mask":6,"Burning Blood":0,"Toy Ornithopter":8},{"NeowsBlessing":0,"betterThird:SlimedRelic":1,"CeramicFish":6,"PreservedInsect":4,"Smiling Mask":2,"Burning Blood":0,"Toy Ornithopter":4},{"NeowsBlessing":0,"betterThird:SlimedRelic":1,"CeramicFish":16,"PreservedInsect":8,"Smiling Mask":3,"Burning Blood":0,"Toy Ornithopter":8}],"Burning Blood":42,"Toy Ornithopter":10},"card_choices":[{"not_picked":["Perfected Strike","Twin Strike"],"picked":"Pummel","floor":1},{"not_picked":["Blind","Good Instincts"],"picked":"Trip","floor":5},{"not_picked":["Intimidate","Clothesline"],"picked":"True Grit","floor":6},{"not_picked":["Havoc","Sword Boomerang"],"picked":"Blood for Blood","floor":7},{"not_picked":["Anger","Dropkick","Power Through"],"picked":"SKIP","floor":8},{"not_picked":["Entrench","Blood for Blood"],"picked":"Spot Weakness","floor":12},{"not_picked":["Cleave","Rampage"],"picked":"Bludgeon","floor":13},{"not_picked":["Disarm","Fire Breathing"],"picked":"Dual Wield","floor":14}],"player_experience":220110,"relics_obtained":[{"floor":6,"key":"Smiling Mask"},{"floor":8,"key":"Toy Ornithopter"},{"floor":9,"key":"PreservedInsect"},{"floor":13,"key":"CeramicFish"}],"event_choices":[{"damage_healed":0,"gold_gain":0,"player_choice":"Slimed","damage_taken":11,"max_hp_gain":0,"max_hp_loss":0,"event_name":"betterThird:BetterGoop","floor":2,"gold_loss":28},{"damage_healed":0,"gold_gain":0,"player_choice":"Leave","damage_taken":0,"max_hp_gain":0,"max_hp_loss":0,"event_name":"The Cleric","floor":4,"gold_loss":0},{"damage_healed":0,"gold_gain":1,"player_choice":"1","damage_taken":0,"max_hp_gain":0,"max_hp_loss":0,"event_name":"betterStone:BetterStone","floor":5,"gold_loss":0},{"damage_healed":0,"gold_gain":80,"player_choice":"Gained Gold","damage_taken":0,"max_hp_gain":0,"max_hp_loss":0,"event_name":"Golden Wing","floor":11,"gold_loss":0}],"is_beta":false,"boss_relics":[],"items_purged_floors":[],"is_endless":false,"potions_floor_spawned":[1,6,13],"killed_by":"Hexaghost","ascension_level":6}}