{"host":"fbdlh90rovbiajun","time":1613239941,"event":{"mods":["AchievementEnabler","BaseMod","Colored Map","Keyboard Shortcuts","Minty Spire (QoL Compilation)","SuperFastMode"],"gold_per_floor":[109,120,220,236,236,161,161,161,161,171,189,264,116,141,141,239,289,300,330,205,220,236,236,12,12,12],"floor_reached":25,"language":"KOR","playtime":1252,"items_purged":["Strike_G","Strike_G","Strike_G"],"score":201,"play_id":"4b261f39-e75d-4112-82f2-147fa3a9de28","local_time":"20210214031221","is_ascension_mode":false,"campfire_choices":[{"data":"Poisoned Stab","floor":7,"key":"SMITH"},{"data":"Neutralize","floor":15,"key":"SMITH"},{"data":"Acrobatics","floor":23,"key":"SMITH"}],"circlet_count":0,"master_deck":["Strike_G","Defend_G","Defend_G+1","Defend_G","Defend_G","Defend_G","Survivor","Neutralize+1","Poisoned Stab+1","Acrobatics+1","Footwork+1","Flechettes","Bane","Deflect+1","Deadly Poison+1","Deadly Poison+1","Catalyst+1","Backflip+1","Deadly Poison+1","Footwork"],"relics":["Ring of the Snake","Snake Skull","Toxic Egg 2","Juzu Bracelet","Tiny House","Red Mask","Happy Flower"],"acts_visited":["Exordium","TheCity"],"potions_floor_usage":[16],"damage_taken":[{"damage":0,"enemies":"Small Slimes","floor":1,"turns":6},{"damage":0,"enemies":"Cultist","floor":2,"turns":4},{"damage":0,"enemies":"Jaw Worm","floor":4,"turns":4},{"damage":4,"enemies":"Large Slime","floor":10,"turns":8},{"damage":3,"enemies":"Lots of Slimes","floor":11,"turns":6},{"damage":9,"enemies":"3 Sentries","floor":14,"turns":10},{"damage":7,"enemies":"Slime Boss","floor":16,"turns":17},{"damage":11,"enemies":"Spheric Guardian","floor":18,"turns":4},{"damage":17,"enemies":"Masked Bandits","floor":19,"turns":5},{"damage":5,"enemies":"Shell Parasite","floor":21,"turns":4},{"damage":0,"enemies":"Centurion and Healer","floor":22,"turns":8},{"damage":49,"enemies":"Slavers","floor":25,"turns":4}],"seed_played":"-5553723404894548626","potions_obtained":[{"floor":1,"key":"GamblersBrew"},{"floor":16,"key":"AttackPotion"},{"floor":17,"key":"Regen Potion"},{"floor":18,"key":"SpeedPotion"},{"floor":22,"key":"GamblersBrew"}],"is_trial":false,"path_per_floor":["M","M","?","M","?","$","R","?","T","M","M","?","$","E","R","B",null,"M","?","$","M","M","R","$","E"],"character_chosen":"THE_SILENT","items_purchased":["Deadly Poison+1","Footwork","Happy Flower"],"campfire_rested":0,"item_purchase_floors":[13,24,24],"current_hp_per_floor":[70,70,70,70,70,70,70,70,70,66,63,52,52,43,43,36,75,64,47,47,42,42,42,42,0,0],"gold":12,"neow_bonus":"RANDOM_COMMON_RELIC","is_daily":false,"chose_seed":false,"campfire_upgraded":3,"win_rate":0.0,"timestamp":1613239941,"path_taken":["M","M","?","?","?","$","R","?","T","M","?","?","?","E","R","BOSS","M","?","$","M","M","R","$","E"],"items_purchased_type":["Card","Card","Relic"],"build_version":"2020-12-22","purchased_purges":3,"victory":false,"max_hp_per_floor":[70,70,70,70,70,70,70,70,70,70,70,70,70,70,70,70,75,75,75,75,75,75,75,75,75,75],"card_choices":[{"not_picked":["Caltrops","Outmaneuver"],"picked":"Poisoned Stab","floor":1},{"not_picked":["PiercingWail","All Out Attack"],"picked":"Acrobatics","floor":2},{"not_picked":["Blade Dance","Deadly Poison"],"picked":"Footwork","floor":4},{"not_picked":["Unload","Eviscerate"],"picked":"Bane","floor":10},{"not_picked":["Flechettes","Blade Dance+1"],"picked":"Deflect+1","floor":11},{"not_picked":["Acrobatics+1","Slice"],"picked":"Deadly Poison+1","floor":14},{"not_picked":["All Out Attack","Infinite Blades"],"picked":"Catalyst+1","floor":17},{"not_picked":["Predator","Escape Plan+1","Masterful Stab+1"],"picked":"SKIP","floor":18},{"not_picked":["Slice","Sucker Punch"],"picked":"Backflip+1","floor":19},{"not_picked":["Expertise+1","Backstab","Escape Plan+1"],"picked":"SKIP","floor":21},{"not_picked":["Dodge and Roll+1","Slice"],"picked":"Deadly Poison+1","floor":22}],"player_experience":25434,"relics_obtained":[{"floor":9,"key":"Toxic Egg 2"},{"floor":14,"key":"Juzu Bracelet"},{"floor":19,"key":"Red Mask"}],"event_choices":[{"damage_healed":0,"gold_gain":100,"player_choice":"Pray","damage_taken":0,"max_hp_gain":0,"max_hp_loss":0,"event_name":"Golden Shrine","floor":3,"gold_loss":0},{"damage_healed":0,"gold_gain":0,"player_choice":"Grow","damage_taken":0,"max_hp_gain":0,"max_hp_loss":0,"event_name":"Living Wall","floor":5,"gold_loss":0,"cards_upgraded":["Footwork"]},{"damage_healed":0,"gold_gain":0,"cards_transformed":["Strike_G"],"player_choice":"Transformed","damage_taken":0,"max_hp_gain":0,"max_hp_loss":0,"event_name":"Transmorgrifier","floor":8,"gold_loss":0,"cards_obtained":["Flechettes"]},{"damage_healed":0,"gold_gain":75,"player_choice":"Gather Gold","damage_taken":11,"max_hp_gain":0,"max_hp_loss":0,"event_name":"World of Goop","floor":12,"gold_loss":0},{"damage_healed":0,"gold_gain":0,"player_choice":"Fought Bandits","damage_taken":0,"max_hp_gain":0,"max_hp_loss":0,"event_name":"Masked Bandits","floor":19,"gold_loss":0}],"is_beta":false,"boss_relics":[{"not_picked":["Snecko Eye","SacredBark"],"picked":"Tiny House"}],"items_purged_floors":[6,13,20],"is_endless":false,"potions_floor_spawned":[1,16,18,22],"killed_by":"Slavers","ascension_level":0}}