{"host":"q0qnzbgdx8oqogg9","time":1613178595,"event":{"mods":["BaseMod","Minty Spire (QoL Compilation)","StSLib"],"gold_per_floor":[109,128,141,66,36,36,51,51,51,63,63,73,106,122,122,122,122],"floor_reached":16,"language":"ENG","playtime":471,"items_purged":[],"score":182,"play_id":"b9bf9d0d-47da-48ff-be35-c96ff4f8c545","local_time":"20210212200955","is_ascension_mode":true,"campfire_choices":[{"data":"Dagger Spray","floor":6,"key":"SMITH"},{"data":"Flechettes","floor":11,"key":"SMITH"},{"data":"Dash","floor":15,"key":"SMITH"}],"circlet_count":0,"master_deck":["AscendersBane","Strike_G","Strike_G","Strike_G","Strike_G","Defend_G","Defend_G","Defend_G","Defend_G","Defend_G","Survivor","Neutralize","Slice","Dagger Spray+1","Escape Plan","Blade Dance","Flechettes+1","Grand Finale","Dash+1","Backflip"],"relics":["Ring of the Snake","NeowsBlessing","Pear","Tiny Chest"],"acts_visited":["Exordium"],"potions_floor_usage":[13],"damage_taken":[{"damage":0.0,"enemies":"2 Louse","floor":1.0,"turns":1.0},{"damage":0.0,"enemies":"Jaw Worm","floor":2.0,"turns":1.0},{"damage":0.0,"enemies":"Cultist","floor":3.0,"turns":1.0},{"damage":3.0,"enemies":"Looter","floor":5.0,"turns":4.0},{"damage":3,"enemies":"Large Slime","floor":7,"turns":9},{"damage":0,"enemies":"Exordium Wildlife","floor":10,"turns":3},{"damage":11,"enemies":"Looter","floor":12,"turns":3},{"damage":16,"enemies":"Gremlin Nob","floor":13,"turns":4},{"damage":0,"enemies":"3 Louse","floor":14,"turns":2},{"damage":47,"enemies":"The Guardian","floor":16,"turns":8}],"seed_played":"6466024783027990300","potions_obtained":[{"floor":2.0,"key":"Weak Potion"},{"floor":10,"key":"Block Potion"},{"floor":12,"key":"EntropicBrew"},{"floor":14,"key":"Strength Potion"}],"is_trial":false,"path_per_floor":["M","M","M","?","M","R","M","?","T","M","R","M","E","M","R","B"],"character_chosen":"THE_SILENT","items_purchased":[],"campfire_rested":0,"item_purchase_floors":[],"current_hp_per_floor":[59,59,59,59,56,56,53,53,63,63,63,52,36,36,36,0,0],"gold":122,"neow_bonus":"THREE_ENEMY_KILL","is_daily":false,"chose_seed":false,"campfire_upgraded":3,"win_rate":0.0,"timestamp":1613178595,"path_taken":["M","M","M","?","M","R","M","?","T","M","R","M","E","M","R","BOSS"],"items_purchased_type":[],"build_version":"2020-12-22","purchased_purges":0,"victory":false,"max_hp_per_floor":[66,66,66,66,66,66,66,66,76,76,76,76,76,76,76,76,76],"card_choices":[{"not_picked":["Outmaneuver","Bane"],"picked":"Slice","floor":1.0},{"not_picked":["Tactician","Acrobatics"],"picked":"Dagger Spray","floor":2.0},{"not_picked":["Sucker Punch","Cloak And Dagger"],"picked":"Escape Plan","floor":3.0},{"not_picked":["Caltrops","Deadly Poison"],"picked":"Blade Dance","floor":5},{"not_picked":["Underhanded Strike","Bane"],"picked":"Flechettes","floor":7},{"not_picked":["Dodge and Roll","Deflect","Dagger Spray"],"picked":"SKIP","floor":10},{"not_picked":["Backflip","Deadly Poison"],"picked":"Grand Finale","floor":12},{"not_picked":["Dodge and Roll","Eviscerate"],"picked":"Dash","floor":13},{"not_picked":["Deflect","Blade Dance"],"picked":"Backflip","floor":14}],"player_experience":369663,"relics_obtained":[{"floor":9,"key":"Pear"},{"floor":13,"key":"Tiny Chest"}],"event_choices":[{"cards_removed":["Strike_G"],"damage_healed":0.0,"max_hp_gain":0.0,"max_hp_loss":0.0,"gold_gain":0.0,"event_name":"The Cleric","player_choice":"Card Removal","floor":4.0,"gold_loss":75.0,"damage_taken":0.0},{"damage_healed":0,"gold_gain":0,"player_choice":"0 cards matched","damage_taken":0,"max_hp_gain":0,"max_hp_loss":0,"event_name":"Match and Keep!","floor":8,"gold_loss":0,"cards_obtained":[]}],"is_beta":false,"boss_relics":[],"items_purged_floors":[],"is_endless":false,"potions_floor_spawned":[2,10,12,14],"killed_by":"The Guardian","ascension_level":15}}