{"host":"pgm1p3lvdjflie30","time":1613194467,"event":{"mods":["AchievementEnabler","Alarm Clock","Aspiration","BaseMod","Challenge The Spire","Colored Map","Colored Powertips","Conspire","Dark Map","Energized Spire","GungeonMod","Hermit","HornydragonMod","Minty Spire (QoL Compilation)","Quarter Circle Forward PUNCH!","Quick Restart","Reimu（博???）","Relic Stats","Reliquary","Replay The Spire","Robot Space Explorer","Spicy Shops","StSLib","The Blackbeard","The Bug Knight","The Cursed","The Hayseed","The IronCluck","The Runesmith","Waifu the Spire","Yakumo Yukari mod","【功能Mod】混沌之?修复?丁","篝火指南"],"gold_per_floor":[111,111,126,177,194,194,194,229,279,279,293,312,312,212,212,307,307,325,325,325],"floor_reached":19,"language":"ZHS","playtime":1137,"items_purged":[],"score":257,"play_id":"ac32667d-3cd8-46a0-82fb-6f1b50906825","local_time":"20210213133427","is_ascension_mode":false,"campfire_choices":[{"data":"Zap","floor":6.0,"key":"SMITH"},{"data":"Gash","floor":10.0,"key":"SMITH"},{"data":"Gash","floor":13.0,"key":"SMITH"},{"data":"Ghostly","floor":15.0,"key":"SMITH"}],"circlet_count":0,"master_deck":["Strike_B","Strike_B","Strike_B","Strike_B","Defend_B","Defend_B","Defend_B","Defend_B","Zap+1","Dualcast","Gash+1","Sweeping Beam","Stack","TheSimpletonMod:Spoilage","Beam Cell","Redo","Gash+1","Ghostly+1","Fission","Go for the Eyes+1"],"relics":["Cracked Core"],"acts_visited":["Exordium","TheCity"],"potions_floor_usage":[16,16],"damage_taken":[{"damage":0.0,"enemies":"Small Slimes","floor":1.0,"turns":3.0},{"damage":5.0,"enemies":"Jaw Worm","floor":3.0,"turns":3.0},{"damage":6.0,"enemies":"2 Louse","floor":5.0,"turns":2.0},{"damage":8.0,"enemies":"Looter","floor":8.0,"turns":11.0},{"damage":5.0,"enemies":"Looter","floor":11.0,"turns":3.0},{"damage":0.0,"enemies":"Large Slime","floor":12.0,"turns":3.0},{"damage":50,"enemies":"Hexaghost","floor":16,"turns":11},{"damage":60,"enemies":"Shell Parasite","floor":18,"turns":9},{"damage":34,"enemies":"Chosen","floor":19,"turns":5}],"seed_played":"2125286388199228709","potions_obtained":[{"floor":1.0,"key":"SteroidPotion"},{"floor":5.0,"key":"DemoMod:LeadSkinPotion"},{"floor":11.0,"key":"AttackPotion"},{"floor":12.0,"key":"Swift Potion"}],"is_trial":false,"path_per_floor":["M","?","M","T","M","R","?","?","T","R","M","M","R","?","R","B",null,"M","M"],"character_chosen":"DEFECT","items_purchased":[],"campfire_rested":0,"item_purchase_floors":[],"current_hp_per_floor":[75,75,70,70,64,64,73,65,65,65,60,60,60,60,60,10,84,24,0,0],"gold":325,"neow_bonus":"RANDOM_COLORLESS","is_daily":false,"chose_seed":false,"campfire_upgraded":4,"win_rate":0.0,"timestamp":1613194467,"path_taken":["M","?","M","?","M","R","?","?","T","R","M","M","R","?","R","BOSS","M","M"],"items_purchased_type":[],"build_version":"2020-12-22","purchased_purges":0,"victory":false,"max_hp_per_floor":[75,75,75,75,75,75,84,84,84,84,84,84,84,84,84,84,84,84,84,84],"relic_stats":{"counters":[9,50],"obtain_stats":[{"DemoMod:GlassGuonStoneRelic":1,"Cracked Core":0},{"DemoMod:GlassGuonStoneRelic":1,"Cracked Core":0},{"DemoMod:GlassGuonStoneRelic":3,"Cracked Core":0}]},"card_choices":[{"not_picked":["Bandage Up","Purity"],"picked":"Swift Strike","floor":0.0},{"not_picked":["ReplaySort","Sunder"],"picked":"Gash","floor":1.0},{"not_picked":["Steam","ReplayTheSpireMod:Reroute Power"],"picked":"Sweeping Beam","floor":3.0},{"not_picked":["Reinforced Body","Coolheaded"],"picked":"Stack","floor":5.0},{"not_picked":["Cold Snap","Rebound"],"picked":"Beam Cell","floor":8.0},{"not_picked":["Streamline","Panic Button"],"picked":"Redo","floor":11.0},{"not_picked":["Barrage","Double Energy"],"picked":"Gash","floor":12.0},{"not_picked":["Core Surge","Meteor Strike"],"picked":"Fission","floor":16},{"not_picked":["Compile Driver+1","conspire:Rain"],"picked":"Go for the Eyes+1","floor":18}],"player_experience":491594,"relics_obtained":[],"event_choices":[{"damage_healed":0.0,"max_hp_gain":0.0,"max_hp_loss":0.0,"gold_gain":0.0,"event_name":"conspire:Investor","player_choice":"Leave","floor":2.0,"gold_loss":0.0,"damage_taken":0.0},{"damage_healed":0.0,"max_hp_gain":0.0,"max_hp_loss":0.0,"gold_gain":0.0,"event_name":"conspire:LoneGhost","player_choice":"Argue","floor":14.0,"gold_loss":0.0,"damage_taken":0.0}],"is_beta":false,"boss_relics":[{"not_picked":["conspire:SeveredTorchhead","energizedSpire:HugeHouse","energizedSpire:OldTV"]}],"items_purged_floors":[],"is_endless":false,"potions_floor_spawned":[1,5,11,12],"killed_by":"Chosen","ascension_level":0}}