{"host":"mvy2rmdvyttjfm6x","time":1613236425,"event":{"mods":["AchievementEnabler","BaseMod","Keyboard Shortcuts","Lobotomy","Minty Spire (QoL Compilation)","Quick Restart","StSLib"],"gold_per_floor":[119,130,9,22,22,22,40,40,40,68,80,100,119,131,131,228,228,228,228],"floor_reached":18,"language":"KOR","playtime":752,"items_purged":[],"score":156,"play_id":"13f422bd-797c-4dcd-8130-2547bbff785f","local_time":"20210214021345","is_ascension_mode":false,"campfire_choices":[{"data":"True Grit","floor":6,"key":"SMITH"},{"data":"Pommel Strike","floor":8,"key":"SMITH"},{"data":"Burning Pact","floor":15,"key":"SMITH"}],"circlet_count":0,"master_deck":["Bash","CrumblingArmor","True Grit+1","Scorched","Shrug It Off","Pommel Strike+1","Battle Trance","OSAHOGD","Bloodbath","Power Through","LittlePrince","Whirlwind","OldLady","Burning Pact+1","PunishingBird","CherryBlossoms","FieryBird","Flame Barrier","Wellcheers","Offering","Carnage","Hemokinesis","Fiend Fire","Reckless Charge","Sentinel","Seeing Red","Dropkick","Havoc","Disarm"],"relics":["Burning Blood","CogitoBucket","Du-Vu Doll","Odd Mushroom","ResearcherNote","Pandora\u0027s Box"],"acts_visited":["Exordium","TheCity"],"potions_floor_usage":[],"damage_taken":[{"damage":0,"enemies":"2 Louse","floor":1,"turns":3},{"damage":6,"enemies":"Jaw Worm","floor":2,"turns":5},{"damage":0,"enemies":"Cultist","floor":4,"turns":3},{"damage":38,"enemies":"Blue Slaver","floor":7,"turns":4},{"damage":9,"enemies":"The Mushroom Lair","floor":10,"turns":2},{"damage":0,"enemies":"Exordium Thugs","floor":11,"turns":1},{"damage":4,"enemies":"3 Louse","floor":12,"turns":4},{"damage":5,"enemies":"Red Slaver","floor":13,"turns":2},{"damage":0,"enemies":"2 Fungi Beasts","floor":14,"turns":1},{"damage":43,"enemies":"Slime Boss","floor":16,"turns":7},{"damage":46,"enemies":"Spheric Guardian","floor":18,"turns":5}],"seed_played":"4667453344862825369","potions_obtained":[{"floor":1,"key":"HeartOfIron"},{"floor":4,"key":"CultistPotion"},{"floor":11,"key":"Swift Potion"}],"is_trial":false,"path_per_floor":["M","M","$","M","?","R","M","R","T","?","M","M","M","M","R","B",null,"M"],"character_chosen":"IRONCLAD","items_purchased":["Pommel Strike","Battle Trance"],"campfire_rested":0,"item_purchase_floors":[3,3],"current_hp_per_floor":[80,80,80,80,85,85,53,53,53,50,56,59,62,68,68,35,85,46,46],"gold":228,"neow_bonus":"","is_daily":false,"chose_seed":false,"campfire_upgraded":3,"win_rate":0.0,"timestamp":1613236425,"path_taken":["M","M","$","M","?","R","M","R","T","?","?","M","?","M","R","BOSS","M"],"items_purchased_type":["Card","Card"],"build_version":"2020-12-22","purchased_purges":0,"victory":false,"max_hp_per_floor":[80,80,80,80,85,85,85,85,85,85,85,85,85,85,85,85,85,85,85],"card_choices":[{"not_picked":["MHz","GreedKing"],"picked":"CrumblingArmor","floor":1},{"not_picked":["Sentinel","Headbutt"],"picked":"True Grit","floor":1},{"not_picked":["SilentOrchestra","UniverseFragment"],"picked":"Scorched","floor":2},{"not_picked":["Anger","Iron Wave"],"picked":"Shrug It Off","floor":2},{"not_picked":["Mercenary","WallGazer"],"picked":"OSAHOGD","floor":4},{"not_picked":["True Grit","Twin Strike","Rampage"],"picked":"SKIP","floor":4},{"not_picked":["BeautyBeast","CherryBlossoms"],"picked":"Bloodbath","floor":7},{"not_picked":["Flex","Clothesline"],"picked":"Power Through","floor":7},{"not_picked":["MHz","WallGazer"],"picked":"LittlePrince","floor":10},{"not_picked":["Sword Boomerang","Bloodletting"],"picked":"Whirlwind","floor":10},{"not_picked":["Wellcheers","PunishingBird"],"picked":"OldLady","floor":11},{"not_picked":["Carnage","Dropkick"],"picked":"Burning Pact","floor":11},{"not_picked":["WhitesApple","Alriune"],"picked":"PunishingBird","floor":12},{"not_picked":["True Grit","Armaments","Flex"],"picked":"SKIP","floor":12},{"not_picked":["Porccubus","Woodsman"],"picked":"CherryBlossoms","floor":13},{"not_picked":["Heavy Blade","Shrug It Off","Pommel Strike"],"picked":"SKIP","floor":13},{"not_picked":["Heavy Blade","Shrug It Off","Pommel Strike"],"picked":"SKIP","floor":13},{"not_picked":["SnowQueen","ShyLook"],"picked":"FieryBird","floor":14},{"not_picked":["Body Slam","Thunderclap"],"picked":"Flame Barrier","floor":14},{"not_picked":["ShyLook","MeatLantern"],"picked":"Wellcheers","floor":16},{"not_picked":["Exhume","Double Tap"],"picked":"Offering","floor":16}],"player_experience":112423,"relics_obtained":[{"floor":9,"key":"Du-Vu Doll"},{"floor":10,"key":"Odd Mushroom"}],"event_choices":[{"damage_healed":0,"gold_gain":0,"player_choice":"Donut","damage_taken":0,"max_hp_gain":5,"max_hp_loss":0,"event_name":"Big Fish","floor":5,"gold_loss":0},{"damage_healed":0,"gold_gain":0,"player_choice":"Fought Mushrooms","damage_taken":0,"max_hp_gain":0,"max_hp_loss":0,"event_name":"Mushrooms","floor":10,"gold_loss":0}],"is_beta":false,"boss_relics":[{"not_picked":["Cursed Key","Philosopher\u0027s Stone"],"picked":"Pandora\u0027s Box"}],"items_purged_floors":[],"is_endless":false,"potions_floor_spawned":[1,4,11,14],"killed_by":"Spheric Guardian","ascension_level":0}}