{"host":"xp27heuvanyklt0b","time":1613225041,"event":{"mods":["100% Spire Juice","BaseMod","CapriCore","Minty Spire (QoL Compilation)","StSLib","The Immortal"],"gold_per_floor":[109,184,196,215,16,44,44,54,54,54,54,34,34,46,46,150,150,140,170,95,95,95,95],"floor_reached":22,"language":"KOR","playtime":767,"items_purged":[],"score":182,"play_id":"6b7f7b8f-7bd7-4777-b802-4cacebf28ef8","local_time":"20210213230401","is_ascension_mode":false,"campfire_choices":[{"data":"DevaForm","floor":7,"key":"SMITH"},{"data":"Eruption","floor":10,"key":"SMITH"},{"data":"Vigilance","floor":13,"key":"SMITH"},{"data":"Sanctity","floor":15,"key":"SMITH"}],"circlet_count":0,"master_deck":["Strike_P","Strike_P","Strike_P+1","Strike_P+1","Defend_P","Defend_P","Defend_P","Defend_P","Eruption+1","Vigilance+1","EmptyBody","PathToVictory","Sanctity+1","Consecrate","DevaForm+1","WindmillStrike","ReachHeaven","Alpha","CurseOfTheBell","FearNoEvil","PathToVictory"],"relics":["PureWater","NeowsBlessing","Whetstone","Frozen Egg 2","Calling Bell","Damaru","StrikeDummy","Thread and Needle","Red Mask"],"acts_visited":["Exordium","TheCity"],"potions_floor_usage":[18,18,19,19,19],"damage_taken":[{"damage":0,"enemies":"Cultist","floor":1,"turns":1},{"damage":0,"enemies":"2 Louse","floor":3,"turns":1},{"damage":0,"enemies":"Small Slimes","floor":4,"turns":1},{"damage":7,"enemies":"3 Sentries","floor":6,"turns":9},{"damage":27,"enemies":"Exordium Thugs","floor":8,"turns":2},{"damage":2,"enemies":"Blue Slaver","floor":14,"turns":4},{"damage":26,"enemies":"Hexaghost","floor":16,"turns":8},{"damage":11,"enemies":"2 Thieves","floor":18,"turns":4},{"damage":55,"enemies":"Masked Bandits","floor":19,"turns":4},{"damage":7,"enemies":"Chosen","floor":22,"turns":4}],"seed_played":"-8836884767451641807","potions_obtained":[{"floor":6,"key":"DuplicationPotion"},{"floor":12,"key":"AttackPotion"},{"floor":18,"key":"EntropicBrew"}],"is_trial":false,"path_per_floor":["M","?","M","M","$","E","R","M","T","R","?","?","R","M","R","B",null,"M","?","?","?","M"],"character_chosen":"WATCHER","items_purchased":["Sanctity","SteroidPotion","BottledMiracle","Consecrate"],"campfire_rested":0,"item_purchase_floors":[5,5,5,5],"current_hp_per_floor":[72,65,65,65,65,58,58,31,31,31,55,55,55,53,53,27,72,61,6,6,6,0,0],"gold":95,"neow_bonus":"THREE_ENEMY_KILL","is_daily":false,"chose_seed":false,"campfire_upgraded":4,"win_rate":0.0,"timestamp":1613225041,"path_taken":["M","?","M","M","$","E","R","?","T","R","?","?","R","M","R","BOSS","M","?","?","?","M"],"items_purchased_type":["Card","Potion","Potion","Card"],"build_version":"2020-12-22","purchased_purges":0,"victory":false,"max_hp_per_floor":[72,72,72,72,72,72,72,72,72,72,72,72,72,72,72,72,72,72,72,72,72,72,72],"card_choices":[{"not_picked":["ClearTheMind","Perseverance"],"picked":"EmptyBody","floor":1},{"not_picked":["ThirdEye","Evaluate"],"picked":"PathToVictory","floor":3},{"not_picked":["LikeWater","FlurryOfBlows"],"picked":"Consecrate","floor":4},{"not_picked":["Prostrate","EmptyBody"],"picked":"DevaForm","floor":6},{"not_picked":["JustLucky","Consecrate"],"picked":"WindmillStrike","floor":8},{"not_picked":["JustLucky","Swivel"],"picked":"ReachHeaven","floor":14},{"not_picked":["Omniscience","Brilliance"],"picked":"Alpha","floor":16},{"not_picked":["FollowUp","CrushJoints+1"],"picked":"FearNoEvil","floor":18},{"not_picked":["Wallop+1","Pray"],"picked":"PathToVictory","floor":19}],"player_experience":231749,"relics_obtained":[{"floor":6,"key":"Whetstone"},{"floor":9,"key":"Frozen Egg 2"},{"floor":17,"key":"Damaru"},{"floor":17,"key":"StrikeDummy"},{"floor":17,"key":"Thread and Needle"},{"floor":19,"key":"Red Mask"}],"event_choices":[{"damage_healed":0,"gold_gain":75,"player_choice":"Touch","damage_taken":7,"max_hp_gain":0,"max_hp_loss":0,"event_name":"FaceTrader","floor":2,"gold_loss":0},{"damage_healed":24,"gold_gain":0,"player_choice":"Banana","damage_taken":0,"max_hp_gain":0,"max_hp_loss":0,"event_name":"Big Fish","floor":11,"gold_loss":0},{"damage_healed":0,"gold_gain":0,"player_choice":"Bought 1 Potion","damage_taken":0,"max_hp_gain":0,"max_hp_loss":0,"event_name":"The Woman in Blue","floor":12,"gold_loss":0},{"damage_healed":0,"gold_gain":0,"player_choice":"Fought Bandits","damage_taken":0,"max_hp_gain":0,"max_hp_loss":0,"event_name":"Masked Bandits","floor":19,"gold_loss":0},{"cards_removed":["Consecrate"],"damage_healed":0,"gold_gain":0,"player_choice":"Gave Gold","damage_taken":0,"max_hp_gain":0,"max_hp_loss":0,"event_name":"Beggar","floor":20,"gold_loss":75},{"damage_healed":0,"gold_gain":0,"player_choice":"Ignored","damage_taken":0,"max_hp_gain":0,"max_hp_loss":0,"event_name":"The Mausoleum","floor":21,"gold_loss":0}],"is_beta":false,"boss_relics":[{"not_picked":["Ectoplasm","Snecko Eye"],"picked":"Calling Bell"}],"items_purged_floors":[],"is_endless":false,"potions_floor_spawned":[6,14,18],"killed_by":"Chosen","ascension_level":0}}