{"host":"rolltorest","time":1613254440,"event":{"mods":["BaseMod","Minty Spire (QoL Compilation)","Relic Stats","Slay the Relics Exporter","StSLib"],"gold_per_floor":[109,259,259,334,216,244,302,12,12,12,35,35,45,80,80,158,158,178,68,79,94,113,142,142,169,169,169,84,84,84,27,27,105,105,121,33,58,74,0,27,39,39,39],"floor_reached":42,"language":"ENG","playtime":1345,"items_purged":["Doubt"],"score":1036,"play_id":"13d4aa3a-4df0-4a87-bf23-ffc3e59f14f8","local_time":"20210213141400","is_ascension_mode":true,"campfire_choices":[{"data":"Eruption","floor":10,"key":"SMITH"},{"data":"SandsOfTime","floor":15,"key":"SMITH"},{"floor":24,"key":"REST"},{"data":"1","floor":27,"key":"LIFT"},{"data":"2","floor":29,"key":"LIFT"},{"floor":32,"key":"REST"}],"circlet_count":0,"master_deck":["AscendersBane","Strike_P","Strike_P","Strike_P+1","Defend_P+1","Defend_P","Defend_P","Defend_P","Eruption+1","Vigilance","Conclude","FlurryOfBlows","BowlingBash","Fasting2","Wallop+1","SandsOfTime+1","Protect","SpiritShield","Adaptation","FearNoEvil","EmptyMind","EmptyMind","ForeignInfluence+1","Wireheading","DevaForm","MentalFortress","Halt+1","ThirdEye+1"],"relics":["HolyWater","NeowsBlessing","Blood Vial","Singing Bowl","Vajra","TeardropLocket","Whetstone","Bronze Scales","Oddly Smooth Stone","Question Card","Girya","Nilry\u0027s Codex","Busted Crown","Ginger","Red Mask","Sundial"],"acts_visited":["Exordium","TheCity","TheBeyond"],"potions_floor_usage":[16,21,22,25,35,40,40],"damage_taken":[{"damage":0,"enemies":"Small Slimes","floor":1,"turns":1},{"damage":0,"enemies":"Gremlin Nob","floor":6,"turns":1},{"damage":0,"enemies":"Lagavulin Event","floor":7,"turns":1},{"damage":0,"enemies":"2 Louse","floor":13,"turns":1},{"damage":0,"enemies":"Lagavulin","floor":14,"turns":4},{"damage":61,"enemies":"Slime Boss","floor":16,"turns":10},{"damage":19,"enemies":"Shell Parasite","floor":18,"turns":5},{"damage":0,"enemies":"2 Thieves","floor":20,"turns":2},{"damage":0,"enemies":"Sentry and Sphere","floor":21,"turns":3},{"damage":9,"enemies":"3 Cultists","floor":22,"turns":5},{"damage":24,"enemies":"Gremlin Leader","floor":23,"turns":4},{"damage":15,"enemies":"Slavers","floor":25,"turns":5},{"damage":10,"enemies":"Champ","floor":33,"turns":10},{"damage":13,"enemies":"3 Darklings","floor":35,"turns":3},{"damage":0,"enemies":"Mind Bloom Boss Battle","floor":37,"turns":3},{"damage":0,"enemies":"Orb Walker","floor":38,"turns":3},{"damage":15,"enemies":"Nemesis","floor":40,"turns":10},{"damage":15,"enemies":"Sphere and 2 Shapes","floor":41,"turns":6},{"damage":43,"enemies":"Reptomancer","floor":42,"turns":4}],"seed_played":"-9082462469376858511","potions_obtained":[{"floor":1,"key":"Explosive Potion"},{"floor":6,"key":"Fruit Juice"},{"floor":16,"key":"SteroidPotion"},{"floor":21,"key":"SkillPotion"},{"floor":25,"key":"SkillPotion"},{"floor":35,"key":"StancePotion"}],"is_trial":false,"path_per_floor":["M","?","?","?","$","E","?","$","T","R","T","$","M","E","R","B",null,"M","?","M","M","M","E","R","E","T","R","$","R","?","$","R","B",null,"M","$","?","M","?","E","M","E"],"character_chosen":"WATCHER","items_purchased":["Conclude","Fasting2","Vajra","Wallop","Wireheading","Swift Potion","MentalFortress"],"campfire_rested":2,"item_purchase_floors":[5,8,8,8,28,31,36],"current_hp_per_floor":[61,61,66,55,55,55,57,57,57,57,57,57,59,61,61,2,55,38,38,40,47,40,20,44,31,31,31,31,31,10,10,34,26,67,58,58,60,64,64,51,40,0,0],"gold":39,"neow_bonus":"THREE_ENEMY_KILL","is_daily":false,"chose_seed":false,"campfire_upgraded":2,"win_rate":0.0,"timestamp":1613254440,"path_taken":["M","?","?","?","?","E","?","$","T","R","?","$","?","E","R","BOSS","M","?","?","M","M","E","R","E","T","R","$","R","?","$","R","BOSS","M","$","?","M","?","E","M","E"],"items_purchased_type":["Card","Card","Relic","Card","Card","Potion","Card"],"build_version":"2020-12-18","purchased_purges":1,"victory":false,"max_hp_per_floor":[68,68,73,73,73,73,73,73,73,73,73,73,73,73,73,73,73,73,73,73,78,78,80,80,80,80,80,80,80,80,80,80,80,80,82,82,82,84,84,84,86,86,86],"relic_stats":{"Blood Vial":34,"Busted Crown":10,"Singing Bowl":8,"counters":[19,81],"Sundial":[0],"Bronze Scales":[152],"Whetstone":["Wallop","Strike_P"],"Ginger":[1],"Question Card":6,"obtain_stats":[{"Girya":26,"NeowsBlessing":0,"Singing Bowl":7,"Nilry\u0027s Codex":30,"Vajra":8,"Oddly Smooth Stone":23,"TeardropLocket":9,"Whetstone":11,"Ginger":37,"Question Card":25,"Blood Vial":6,"Busted Crown":34,"Sundial":40,"Bronze Scales":14,"HolyWater":17,"Red Mask":39,"PureWater":0},{"Girya":12,"NeowsBlessing":0,"Singing Bowl":3,"Nilry\u0027s Codex":12,"Vajra":3,"Oddly Smooth Stone":11,"TeardropLocket":3,"Whetstone":3,"Ginger":15,"Question Card":12,"Blood Vial":2,"Busted Crown":13,"Sundial":17,"Bronze Scales":5,"HolyWater":6,"Red Mask":16,"PureWater":0},{"Girya":42,"NeowsBlessing":0,"Singing Bowl":3,"Nilry\u0027s Codex":42,"Vajra":3,"Oddly Smooth Stone":37,"TeardropLocket":3,"Whetstone":3,"Ginger":58,"Question Card":42,"Blood Vial":2,"Busted Crown":52,"Sundial":71,"Bronze Scales":8,"HolyWater":18,"Red Mask":61,"PureWater":0}]},"card_choices":[{"not_picked":["LikeWater","CrushJoints","WreathOfFlame"],"picked":"SKIP","floor":1},{"not_picked":["Evaluate","FlyingSleeves"],"picked":"FlurryOfBlows","floor":6},{"not_picked":["Protect","CrushJoints"],"picked":"BowlingBash","floor":7},{"not_picked":["BattleHymn","DevaForm"],"picked":"SandsOfTime","floor":13},{"not_picked":["Crescendo","FollowUp"],"picked":"Protect","floor":14},{"not_picked":["Judgement","Devotion"],"picked":"SpiritShield","floor":16},{"not_picked":["ThirdEye","FlurryOfBlows"],"picked":"Adaptation","floor":18},{"not_picked":["Collect","Evaluate"],"picked":"FearNoEvil","floor":20},{"not_picked":["Conclude","Crescendo+1"],"picked":"EmptyMind","floor":21},{"not_picked":["WreathOfFlame","ThirdEye"],"picked":"EmptyMind","floor":22},{"not_picked":["Weave","ThirdEye","Crescendo"],"picked":"Singing Bowl","floor":23},{"not_picked":["ReachHeaven+1","Crescendo"],"picked":"ForeignInfluence+1","floor":25},{"not_picked":["Brilliance","Devotion","Judgement"],"picked":"DevaForm","floor":33},{"not_picked":["Indignation","Evaluate+1"],"picked":"Singing Bowl","floor":35},{"not_picked":["BowlingBash+1"],"picked":"Halt+1","floor":37},{"not_picked":["Crescendo","ReachHeaven"],"picked":"Singing Bowl","floor":38},{"not_picked":["Prostrate"],"picked":"ThirdEye+1","floor":40},{"not_picked":["Protect","Consecrate"],"picked":"Singing Bowl","floor":41}],"player_experience":1971257,"relics_obtained":[{"floor":6,"key":"Blood Vial"},{"floor":7,"key":"Singing Bowl"},{"floor":9,"key":"TeardropLocket"},{"floor":11,"key":"Whetstone"},{"floor":14,"key":"Bronze Scales"},{"floor":23,"key":"Oddly Smooth Stone"},{"floor":25,"key":"Question Card"},{"floor":26,"key":"Girya"},{"floor":30,"key":"Nilry\u0027s Codex"},{"floor":37,"key":"Ginger"},{"floor":40,"key":"Sundial"}],"event_choices":[{"damage_healed":0,"gold_gain":150,"player_choice":"AGREE","damage_taken":0,"max_hp_gain":0,"max_hp_loss":0,"event_name":"Liars Game","floor":2,"gold_loss":0,"cards_obtained":["Doubt"]},{"damage_healed":0,"gold_gain":0,"player_choice":"Donut","damage_taken":0,"max_hp_gain":5,"max_hp_loss":0,"event_name":"Big Fish","floor":3,"gold_loss":0},{"damage_healed":0,"gold_gain":75,"player_choice":"Gather Gold","damage_taken":11,"max_hp_gain":0,"max_hp_loss":0,"event_name":"World of Goop","floor":4,"gold_loss":0},{"damage_healed":0,"gold_gain":0,"player_choice":"Searched \u00271\u0027 times","damage_taken":0,"max_hp_gain":0,"max_hp_loss":0,"event_name":"Dead Adventurer","floor":7,"gold_loss":0},{"cards_removed":["Strike_P"],"damage_healed":0,"gold_gain":0,"player_choice":"Upgrade and Remove","damage_taken":0,"max_hp_gain":0,"max_hp_loss":0,"event_name":"Designer","floor":19,"gold_loss":110,"cards_upgraded":["Defend_P"]},{"damage_healed":0,"gold_gain":0,"player_choice":"Obtained Book","damage_taken":21,"max_hp_gain":0,"max_hp_loss":0,"event_name":"Cursed Tome","floor":30,"gold_loss":0},{"damage_healed":0,"gold_gain":0,"player_choice":"Fight","damage_taken":0,"max_hp_gain":0,"max_hp_loss":0,"event_name":"MindBloom","floor":37,"gold_loss":0},{"damage_healed":0,"gold_gain":0,"player_choice":"Paid","damage_taken":0,"relics_obtained":["Red Mask"],"max_hp_gain":0,"max_hp_loss":0,"event_name":"Tomb of Lord Red Mask","floor":39,"gold_loss":74}],"is_beta":true,"boss_relics":[{"not_picked":["Snecko Eye","Runic Pyramid"],"picked":"HolyWater"},{"not_picked":["Runic Dome","SlaversCollar"],"picked":"Busted Crown"}],"items_purged_floors":[5],"is_endless":false,"potions_floor_spawned":[1,6,16,21,25,33,35],"killed_by":"Reptomancer","ascension_level":20}}