{"host":"jqa9y4qkalbx8qgz","time":1613241900,"event":{"mods":["Act Like it!","BaseMod","BetterRewards","Downfall","Gensokyo","Marisa????????","Minty Spire (QoL Compilation)","Permanent Neow","Relic Stats","Replay The Spire","StSLib","The Servant 0.9.4","Wandering Minibosses"],"gold_per_floor":[119,139,139,154,165,192,192,192,192],"floor_reached":8,"language":"ENG","playtime":850,"items_purged":[],"score":60,"play_id":"21db2ccf-e44a-47df-b822-beeaf56200c1","local_time":"20210213214500","is_ascension_mode":true,"campfire_choices":[{"data":"Defy","floor":7,"key":"SMITH"}],"circlet_count":0,"master_deck":["Strike_S","Strike_S","Defend_S","Defend_S","Defend_S","KidneyShot","Exchange","Replace","DoubleEdge","Manipulate","FastForward","Defy+1","Read"],"relics":["Uniform","HornCleat"],"acts_visited":["Exordium"],"potions_floor_usage":[],"damage_taken":[{"damage":0,"enemies":"Gensokyo:3_Fairies","floor":1,"turns":5},{"damage":2,"enemies":"Gensokyo:Python","floor":2,"turns":3},{"damage":1,"enemies":"Gensokyo:2_Kodama","floor":4,"turns":4},{"damage":7,"enemies":"Gensokyo:Gryphon_and_Rabbit","floor":5,"turns":7},{"damage":16,"enemies":"Gensokyo:Cirno","floor":6,"turns":12},{"damage":14,"enemies":"Gensokyo:Aya","floor":8,"turns":5}],"seed_played":"-6575614222768754178","potions_obtained":[{"floor":2,"key":"GamblersBrew"},{"floor":4,"key":"SneckoOil"}],"is_trial":false,"path_per_floor":["M","M","?","M","M","E","R","E"],"character_chosen":"THE_SERVANT","items_purchased":[],"campfire_rested":0,"item_purchase_floors":[],"current_hp_per_floor":[65,63,37,36,29,13,13,0,0],"gold":192,"neow_bonus":"THREE_CARDS","is_daily":false,"chose_seed":false,"campfire_upgraded":1,"win_rate":0.0,"timestamp":1613241900,"path_taken":["M","M","?","M","M","E","R","E"],"items_purchased_type":[],"build_version":"2020-12-22","purchased_purges":0,"victory":false,"max_hp_per_floor":[65,65,65,65,65,65,65,65,65],"relic_stats":{"counters":[7,38],"obtain_stats":[{"HornCleat":6,"Uniform":0},{"HornCleat":6,"Uniform":0},{"HornCleat":33,"Uniform":0}]},"card_choices":[{"not_picked":["ShatteredReality","Potential"],"picked":"Replace","floor":0},{"not_picked":["Revamp","Starlight"],"picked":"DoubleEdge","floor":1},{"not_picked":["Potential","FanOfKnives"],"picked":"Manipulate","floor":2},{"not_picked":["Comet","ShatteredReality"],"picked":"FastForward","floor":4},{"not_picked":["Rewind","WasteNot"],"picked":"Defy","floor":5},{"not_picked":["Rearm","DoubleEdge"],"picked":"Read","floor":6}],"player_experience":372074,"relics_obtained":[{"floor":6,"key":"HornCleat"}],"event_choices":[],"is_beta":false,"boss_relics":[],"items_purged_floors":[],"is_endless":false,"potions_floor_spawned":[2,4],"killed_by":"Gensokyo:Aya","ascension_level":1}}