{"host":"syozzdlzcqop4jia","time":1613253829,"event":{"mods":["AchievementEnabler","BaseMod","Colored Map","Colored Powertips","Minty Spire (QoL Compilation)","Quick Restart"],"gold_per_floor":[110,110,124,124,136,136,149,149,174,194,210,228,228,257,257,361,361,376,393,37,54,54,54,64,83,106,134,71,101,118,129,129,129,129],"floor_reached":33,"language":"ENG","playtime":1923,"items_purged":["Defend_B"],"score":255,"play_id":"e3581fee-d2f1-430b-adbe-c96c95adf974","local_time":"20210213230349","is_ascension_mode":false,"campfire_choices":[{"floor":6,"key":"RECALL"},{"data":"Zap","floor":8,"key":"SMITH"},{"floor":13,"key":"REST"},{"floor":15,"key":"REST"},{"floor":23,"key":"REST"},{"floor":32,"key":"REST"}],"circlet_count":0,"master_deck":["Strike_B","Strike_B","Strike_B","Strike_B","Defend_B","Defend_B","Defend_B+1","Zap+1","Dualcast","Sunder+1","Streamline","Good Instincts","Doom and Gloom","Leap","Genetic Algorithm","Ball Lightning","Seek","Creative AI","Redo","Steam","Rebound","Storm","Storm+1","Leap+1","Static Discharge","Ball Lightning","Doom and Gloom"],"relics":["Cracked Core","Bag of Preparation","Nuclear Battery","Mummified Hand","MawBank","Red Mask"],"acts_visited":["Exordium","TheCity"],"potions_floor_usage":[14,18,18,25],"damage_taken":[{"damage":3,"enemies":"Small Slimes","floor":1,"turns":4},{"damage":11,"enemies":"Jaw Worm","floor":3,"turns":2},{"damage":0,"enemies":"Cultist","floor":5,"turns":2},{"damage":3,"enemies":"Blue Slaver","floor":7,"turns":4},{"damage":12,"enemies":"Exordium Wildlife","floor":10,"turns":3},{"damage":0,"enemies":"Exordium Thugs","floor":11,"turns":2},{"damage":10,"enemies":"Large Slime","floor":12,"turns":4},{"damage":10,"enemies":"3 Sentries","floor":14,"turns":6},{"damage":58,"enemies":"Hexaghost","floor":16,"turns":8},{"damage":6,"enemies":"Shell Parasite","floor":18,"turns":3},{"damage":15,"enemies":"2 Thieves","floor":19,"turns":3},{"damage":24,"enemies":"Centurion and Healer","floor":21,"turns":6},{"damage":19,"enemies":"Snake Plant","floor":24,"turns":5},{"damage":0,"enemies":"Cultist and Chosen","floor":25,"turns":4},{"damage":15,"enemies":"Centurion and Healer","floor":27,"turns":7},{"damage":0,"enemies":"Masked Bandits","floor":29,"turns":2},{"damage":15,"enemies":"Shelled Parasite and Fungi","floor":30,"turns":5},{"damage":1,"enemies":"3 Cultists","floor":31,"turns":4},{"damage":58,"enemies":"Collector","floor":33,"turns":6}],"seed_played":"-1129131695434716940","potions_obtained":[{"floor":1,"key":"GamblersBrew"},{"floor":7,"key":"Energy Potion"},{"floor":12,"key":"SteroidPotion"},{"floor":16,"key":"Fire Potion"},{"floor":18,"key":"SpeedPotion"},{"floor":24,"key":"ColorlessPotion"}],"is_trial":false,"path_per_floor":["M","?","M","?","M","R","M","R","T","M","M","M","R","E","R","B",null,"M","M","$","M","$","R","M","M","T","M","$","?","M","M","R","B"],"character_chosen":"DEFECT","items_purchased":["Mummified Hand","Rebound","Storm"],"campfire_rested":4,"item_purchase_floors":[20,20,20],"current_hp_per_floor":[79,63,52,52,52,52,49,49,49,37,37,27,51,41,65,7,82,76,61,61,37,37,61,42,42,42,27,27,27,12,11,35,0,0],"gold":129,"neow_bonus":"TEN_PERCENT_HP_BONUS","is_daily":false,"chose_seed":false,"campfire_upgraded":1,"win_rate":0.0,"timestamp":1613253829,"path_taken":["M","?","M","?","M","R","M","R","T","M","?","M","R","E","R","BOSS","M","M","$","M","$","R","M","M","T","M","$","?","M","M","R","BOSS"],"items_purchased_type":["Relic","Card","Card"],"build_version":"2020-12-22","purchased_purges":1,"victory":false,"max_hp_per_floor":[82,82,82,82,82,82,82,82,82,82,82,82,82,82,82,82,82,82,82,82,82,82,82,82,82,82,82,82,82,82,82,82,82,82],"card_choices":[{"not_picked":["Double Energy","Undo"],"picked":"Sunder","floor":1},{"not_picked":["Reprogram","Turbo"],"picked":"Streamline","floor":3},{"not_picked":["Hologram","Conserve Battery"],"picked":"Doom and Gloom","floor":5},{"not_picked":["Gash","Steam"],"picked":"Leap","floor":7},{"not_picked":["Leap","FTL"],"picked":"Genetic Algorithm","floor":10},{"not_picked":["Gash","Go for the Eyes","Barrage"],"picked":"SKIP","floor":11},{"not_picked":["Doom and Gloom","Hologram"],"picked":"Ball Lightning","floor":12},{"not_picked":["Cold Snap","BootSequence"],"picked":"Seek","floor":14},{"not_picked":["Amplify","All For One"],"picked":"Creative AI","floor":16},{"not_picked":["Stack","Conserve Battery"],"picked":"Redo","floor":18},{"not_picked":["Streamline+1","Recycle"],"picked":"Steam","floor":19},{"not_picked":["Streamline","Beam Cell+1","Turbo"],"picked":"SKIP","floor":21},{"not_picked":["Hello World","Blizzard+1"],"picked":"Storm+1","floor":24},{"not_picked":["Gash","Tempest","Turbo"],"picked":"SKIP","floor":25},{"not_picked":["Turbo","Sweeping Beam"],"picked":"Leap+1","floor":27},{"not_picked":["Coolheaded","Streamline"],"picked":"Static Discharge","floor":29},{"not_picked":["Cold Snap","Streamline"],"picked":"Ball Lightning","floor":30},{"not_picked":["Reboot","Hologram"],"picked":"Doom and Gloom","floor":31}],"player_experience":719960,"relics_obtained":[{"floor":14,"key":"Bag of Preparation"},{"floor":26,"key":"MawBank"},{"floor":29,"key":"Red Mask"}],"event_choices":[{"damage_healed":0,"gold_gain":0,"player_choice":"Entered Light","damage_taken":16,"max_hp_gain":0,"max_hp_loss":0,"event_name":"Shining Light","floor":2,"gold_loss":0,"cards_upgraded":["Sunder","Defend_B"]},{"damage_healed":0,"gold_gain":0,"player_choice":"1 cards matched","damage_taken":0,"max_hp_gain":0,"max_hp_loss":0,"event_name":"Match and Keep!","floor":4,"gold_loss":0,"cards_obtained":["Good Instincts"]},{"damage_healed":0,"gold_gain":0,"player_choice":"Fought Bandits","damage_taken":0,"max_hp_gain":0,"max_hp_loss":0,"event_name":"Masked Bandits","floor":29,"gold_loss":0}],"is_beta":false,"boss_relics":[{"not_picked":["Astrolabe","Philosopher\u0027s Stone"],"picked":"Nuclear Battery"}],"items_purged_floors":[28],"is_endless":false,"potions_floor_spawned":[1,7,12,16,18,24],"killed_by":"Collector","ascension_level":0}}