{"host":"f9ztaq6figs4snwj","time":1613235733,"event":{"mods":["BaseMod","Bestiary","Colored Map","Colored Powertips","Curses Come First","DeckTracker","Minty Spire (QoL Compilation)","Quick Restart","StSLib"],"gold_per_floor":[112,187,137,157,177,212,212,212,281,281,165,185,185,205,205,300,300,311,321,321,332,332,332],"floor_reached":22,"language":"ENG","playtime":892,"items_purged":[],"score":233,"play_id":"8e076aab-bd8e-477b-ab86-429cf50df459","local_time":"20210213180213","is_ascension_mode":true,"campfire_choices":[{"data":"Darkness","floor":7,"key":"SMITH"},{"data":"Zap","floor":10,"key":"SMITH"},{"data":"Chaos","floor":13,"key":"SMITH"},{"floor":15,"key":"REST"}],"circlet_count":0,"master_deck":["Strike_B+1","Strike_B+1","Defend_B","Defend_B","Defend_B","Zap+1","Dualcast","Sweeping Beam","Darkness+1","Beam Cell","Steam","Self Repair","Chaos+1","Fission","Sweeping Beam+1","Core Surge+1","Hyperbeam+1","White Noise+1","Redo","Chaos"],"relics":["Cracked Core","Whetstone","Lantern","Cables","Astrolabe"],"acts_visited":["Exordium","TheCity"],"potions_floor_usage":[16,21],"damage_taken":[{"damage":2,"enemies":"Jaw Worm","floor":1,"turns":3},{"damage":0,"enemies":"2 Louse","floor":4,"turns":3},{"damage":0,"enemies":"Cultist","floor":5,"turns":4},{"damage":30,"enemies":"Lagavulin","floor":6,"turns":6},{"damage":1,"enemies":"Looter","floor":12,"turns":3},{"damage":11,"enemies":"Lots of Slimes","floor":14,"turns":3},{"damage":21,"enemies":"The Guardian","floor":16,"turns":8},{"damage":20,"enemies":"Shell Parasite","floor":18,"turns":5},{"damage":16,"enemies":"2 Thieves","floor":19,"turns":2},{"damage":31,"enemies":"Shelled Parasite and Fungi","floor":21,"turns":3},{"damage":7,"enemies":"Chosen and Byrds","floor":22,"turns":1}],"seed_played":"-1054711521268958421","potions_obtained":[{"floor":5,"key":"Energy Potion"},{"floor":14,"key":"AttackPotion"},{"floor":16,"key":"CultistPotion"},{"floor":20,"key":"FocusPotion"},{"floor":20,"key":"DuplicationPotion"}],"is_trial":false,"path_per_floor":["M","?","?","M","M","E","R","?","T","R","$","M","R","M","R","B",null,"M","M","?","M","M"],"character_chosen":"DEFECT","items_purchased":["Steam","Self Repair"],"campfire_rested":1,"item_purchase_floors":[11,11],"current_hp_per_floor":[73,62,62,62,62,32,32,32,32,32,32,38,38,34,56,42,67,54,38,38,7,0,0],"gold":332,"neow_bonus":"RANDOM_COMMON_RELIC","is_daily":false,"chose_seed":false,"campfire_upgraded":3,"win_rate":0.0,"timestamp":1613235733,"path_taken":["M","?","?","M","?","E","R","?","T","R","$","?","R","M","R","BOSS","M","M","?","M","M"],"items_purchased_type":["Card","Card"],"build_version":"2020-12-22","purchased_purges":0,"victory":false,"max_hp_per_floor":[75,75,75,75,75,75,75,75,75,75,75,75,75,75,75,75,75,75,75,75,75,75,75],"card_choices":[{"not_picked":["Barrage","Streamline"],"picked":"Sweeping Beam","floor":1},{"not_picked":["Gash","Aggregate"],"picked":"Capacitor","floor":4},{"not_picked":["Coolheaded","Compile Driver"],"picked":"Darkness","floor":5},{"not_picked":["Machine Learning","Tempest"],"picked":"Melter","floor":6},{"not_picked":["Static Discharge","Reinforced Body"],"picked":"Chaos","floor":12},{"not_picked":["Sweeping Beam","Coolheaded","Gash"],"picked":"SKIP","floor":14},{"not_picked":["Reboot","All For One"],"picked":"Fission","floor":16},{"not_picked":["Sweeping Beam","Consume"],"picked":"White Noise+1","floor":18},{"not_picked":["Stack","Go for the Eyes"],"picked":"Redo","floor":19},{"not_picked":["Beam Cell","Self Repair"],"picked":"Chaos","floor":21}],"player_experience":408031,"relics_obtained":[{"floor":6,"key":"Lantern"},{"floor":9,"key":"Cables"}],"event_choices":[{"damage_healed":0,"gold_gain":75,"player_choice":"Gather Gold","damage_taken":11,"max_hp_gain":0,"max_hp_loss":0,"event_name":"World of Goop","floor":2,"gold_loss":0},{"cards_removed":["Strike_B"],"damage_healed":0,"gold_gain":0,"player_choice":"Card Removal","damage_taken":0,"max_hp_gain":0,"max_hp_loss":0,"event_name":"The Cleric","floor":3,"gold_loss":50},{"damage_healed":0,"gold_gain":0,"cards_transformed":["Strike_B"],"player_choice":"Transformed","damage_taken":0,"max_hp_gain":0,"max_hp_loss":0,"event_name":"Transmorgrifier","floor":8,"gold_loss":0,"cards_obtained":["Beam Cell"]},{"damage_healed":0,"gold_gain":0,"player_choice":"Got Potions","damage_taken":0,"max_hp_gain":0,"max_hp_loss":0,"event_name":"Lab","floor":20,"gold_loss":0}],"is_beta":false,"boss_relics":[{"not_picked":["Runic Pyramid","Ectoplasm"],"picked":"Astrolabe"}],"items_purged_floors":[],"is_endless":false,"potions_floor_spawned":[5,14,16],"killed_by":"Chosen and Byrds","ascension_level":5}}