{"host":"wri98rxht4656ll8","time":1613237659,"event":{"mods":["AchievementEnabler","BaseMod","Colored Map","Colored Powertips","Minty Spire (QoL Compilation)","Permanent Neow","StSLib"],"gold_per_floor":[118,69,87,37,57,57,75,75,75,75,75,94,119,130,130,232,232,249,132,132,146,146,161,161,174,174,73,73,172,191,191,191,290,290,308,185,185,185,201,201,215,215,215,215,226,226,237,114,114,114],"floor_reached":51,"language":"ENG","playtime":3033,"items_purged":["Defend_G"],"score":712,"play_id":"0023a370-270f-4ee0-b383-218039f66c67","local_time":"20210213183419","is_ascension_mode":false,"campfire_choices":[{"data":"Accuracy","floor":6.0,"key":"SMITH"},{"data":"Blade Dance","floor":8.0,"key":"SMITH"},{"data":"Choke","floor":10.0,"key":"SMITH"},{"data":"Infinite Blades","floor":15.0,"key":"SMITH"},{"floor":24.0,"key":"REST"},{"floor":32.0,"key":"REST"},{"floor":40.0,"key":"REST"},{"floor":49.0,"key":"REST"}],"circlet_count":0,"master_deck":["Strike_G+1","Strike_G+1","Defend_G","Defend_G","Defend_G","Defend_G","Survivor","Neutralize","Accuracy+1","Cloak And Dagger","Choke+1","Backflip","Blade Dance+1","Backflip","Infinite Blades+1","Prepared","Storm of Steel+1","Dodge and Roll+1","Infinite Blades","Leg Sweep","Leg Sweep","Flying Knee","Cloak And Dagger","Blade Dance","Finisher","Cloak And Dagger","Phantasmal Killer","Infinite Blades+1","Adrenaline","Cloak And Dagger","Outmaneuver+1","Accuracy+1"],"relics":["Cursed Key"],"acts_visited":["Exordium","TheCity","TheBeyond"],"potions_floor_usage":[50,50,50],"damage_taken":[{"damage":0.0,"enemies":"2 Louse","floor":1.0,"turns":4.0},{"damage":0.0,"enemies":"Small Slimes","floor":3.0,"turns":4.0},{"damage":2.0,"enemies":"Jaw Worm","floor":5.0,"turns":4.0},{"damage":8.0,"enemies":"Red Slaver","floor":7.0,"turns":2.0},{"damage":0.0,"enemies":"Exordium Wildlife","floor":12.0,"turns":3.0},{"damage":0.0,"enemies":"The Mushroom Lair","floor":13.0,"turns":2.0},{"damage":0.0,"enemies":"Large Slime","floor":14.0,"turns":3.0},{"damage":0.0,"enemies":"Slime Boss","floor":16.0,"turns":6.0},{"damage":8.0,"enemies":"3 Byrds","floor":18.0,"turns":4.0},{"damage":3.0,"enemies":"Shell Parasite","floor":21.0,"turns":5.0},{"damage":20.0,"enemies":"Cultist and Chosen","floor":23.0,"turns":8.0},{"damage":4.0,"enemies":"Chosen and Byrds","floor":25.0,"turns":8.0},{"damage":9.0,"enemies":"Snecko","floor":30.0,"turns":4.0},{"damage":57.0,"enemies":"Champ","floor":33.0,"turns":9.0},{"damage":4.0,"enemies":"Orb Walker","floor":35.0,"turns":3.0},{"damage":21.0,"enemies":"3 Shapes","floor":39.0,"turns":3.0},{"damage":15.0,"enemies":"Spire Growth","floor":41.0,"turns":4.0},{"damage":30.0,"enemies":"Writhing Mass","floor":45.0,"turns":6.0},{"damage":11.0,"enemies":"Transient","floor":47.0,"turns":5.0},{"damage":45,"enemies":"Time Eater","floor":50,"turns":7}],"seed_played":"1508090516510204245","potions_obtained":[{"floor":3.0,"key":"Block Potion"},{"floor":5.0,"key":"DuplicationPotion"},{"floor":7.0,"key":"GhostInAJar"},{"floor":33.0,"key":"Energy Potion"},{"floor":39.0,"key":"Regen Potion"},{"floor":45.0,"key":"SpeedPotion"}],"is_trial":false,"path_per_floor":["M","$","M","$","M","R","M","R","T","R","?","M","?","M","R","B",null,"M","$","?","M","?","M","R","M","T","$","$","?","M","?","R","B",null,"M","$","?","$","M","R","M","?","T","?","M","?","M","$","R","B",null],"character_chosen":"THE_SILENT","items_purchased":["Cloak And Dagger","Backflip","Infinite Blades","Leg Sweep","Cloak And Dagger","Energy Potion","Adrenaline","Cloak And Dagger","SteroidPotion"],"campfire_rested":4,"item_purchase_floors":[2,4,19,19,27,27,36,36,48],"current_hp_per_floor":[70,70,70,70,68,68,60,60,60,60,46,46,46,46,46,46,70,62,62,62,59,59,39,60,56,56,56,56,56,47,47,68,11,70,66,66,66,66,45,66,51,51,51,51,36,36,25,25,46,1],"gold":114,"neow_bonus":"BOSS_RELIC","is_daily":false,"chose_seed":false,"campfire_upgraded":4,"win_rate":0.0,"timestamp":1613237659,"path_taken":["M","$","M","$","M","R","M","R","T","R","?","M","?","M","R","BOSS","M","$","?","M","?","?","R","M","T","?","$","?","M","?","R","BOSS","M","$","?","?","M","R","M","?","T","?","?","?","?","$","R","BOSS"],"items_purchased_type":["Card","Card","Card","Card","Card","Potion","Card","Card","Potion"],"build_version":"2020-12-22","purchased_purges":1,"victory":true,"max_hp_per_floor":[70,70,70,70,70,70,70,70,70,70,70,70,70,70,70,70,70,70,70,70,70,70,70,70,70,70,70,70,70,70,70,70,70,70,70,70,70,70,70,70,70,70,70,70,70,70,70,70,70,70],"card_choices":[{"not_picked":["Deflect","Skewer"],"picked":"Accuracy","floor":1.0},{"not_picked":["PiercingWail","Caltrops"],"picked":"Choke","floor":3.0},{"not_picked":["Acrobatics","Skewer"],"picked":"Blade Dance","floor":5.0},{"not_picked":["Quick Slash","Dagger Throw","Bane"],"picked":"SKIP","floor":7.0},{"not_picked":["Flechettes","Dagger Spray"],"picked":"Backflip","floor":12.0},{"not_picked":["Poisoned Stab","Well Laid Plans"],"picked":"Infinite Blades","floor":13.0},{"not_picked":["Skewer","Deflect"],"picked":"Prepared","floor":14.0},{"not_picked":["Tools of the Trade","Doppelganger"],"picked":"Storm of Steel","floor":16.0},{"not_picked":["Backflip","Sucker Punch+1"],"picked":"Dodge and Roll+1","floor":18.0},{"not_picked":["Sucker Punch","Flying Knee+1"],"picked":"Cloak And Dagger","floor":21.0},{"not_picked":["PiercingWail","Eviscerate"],"picked":"Finisher","floor":23.0},{"not_picked":["Blur","Prepared","Flying Knee"],"picked":"SKIP","floor":25.0},{"not_picked":["Flying Knee+1","Slice","Deadly Poison"],"picked":"SKIP","floor":30.0},{"not_picked":["Die Die Die","Adrenaline"],"picked":"Phantasmal Killer","floor":33.0},{"not_picked":["Deflect","Distraction+1"],"picked":"Infinite Blades+1","floor":35.0},{"not_picked":["Heel Hook+1","Dodge and Roll","Catalyst+1"],"picked":"SKIP","floor":39.0},{"not_picked":["Reflex","Expertise","Masterful Stab"],"picked":"SKIP","floor":41.0},{"not_picked":["Eviscerate+1","Flechettes+1"],"picked":"Outmaneuver+1","floor":45.0},{"not_picked":["Distraction","Sucker Punch+1"],"picked":"Accuracy+1","floor":47.0}],"player_experience":202762,"relics_obtained":[],"event_choices":[{"damage_healed":0.0,"max_hp_gain":0.0,"max_hp_loss":0.0,"gold_gain":0.0,"event_name":"Shining Light","player_choice":"Entered Light","floor":11.0,"gold_loss":0.0,"damage_taken":14.0,"cards_upgraded":["Strike_G","Strike_G"]},{"damage_healed":0.0,"max_hp_gain":0.0,"max_hp_loss":0.0,"gold_gain":0.0,"event_name":"Mushrooms","player_choice":"Fought Mushrooms","floor":13.0,"gold_loss":0.0,"damage_taken":0.0},{"damage_healed":0.0,"max_hp_gain":0.0,"max_hp_loss":0.0,"gold_gain":0.0,"cards_transformed":["Strike_G","Strike_G"],"event_name":"Drug Dealer","player_choice":"Became Test Subject","floor":20.0,"gold_loss":0.0,"damage_taken":0.0,"cards_obtained":["Leg Sweep","Flying Knee"]},{"damage_healed":0.0,"max_hp_gain":0.0,"max_hp_loss":0.0,"gold_gain":0.0,"event_name":"Match and Keep!","player_choice":"1 cards matched","floor":22.0,"gold_loss":0.0,"damage_taken":0.0,"cards_obtained":["Blade Dance"]},{"damage_healed":0.0,"max_hp_gain":0.0,"max_hp_loss":0.0,"gold_gain":99.0,"event_name":"Nest","player_choice":"Stole From Cult","floor":29.0,"gold_loss":0.0,"damage_taken":0.0},{"damage_healed":0.0,"max_hp_gain":0.0,"max_hp_loss":0.0,"gold_gain":0.0,"event_name":"Accursed Blacksmith","player_choice":"Forge","floor":31.0,"gold_loss":0.0,"damage_taken":0.0,"cards_upgraded":["Storm of Steel"]},{"damage_healed":0.0,"max_hp_gain":0.0,"max_hp_loss":0.0,"gold_gain":0.0,"event_name":"The Woman in Blue","player_choice":"Bought 0 Potions","floor":37.0,"gold_loss":0.0,"damage_taken":0.0},{"damage_healed":0.0,"max_hp_gain":0.0,"max_hp_loss":0.0,"gold_gain":0.0,"event_name":"Mysterious Sphere","player_choice":"Ignored","floor":42.0,"gold_loss":0.0,"damage_taken":0.0},{"damage_healed":0.0,"max_hp_gain":0.0,"max_hp_loss":0.0,"gold_gain":0.0,"event_name":"WeMeetAgain","player_choice":"Ignored","floor":44.0,"gold_loss":0.0,"damage_taken":0.0},{"cards_removed":["Strike_G"],"damage_healed":0.0,"max_hp_gain":0.0,"max_hp_loss":0.0,"gold_gain":0.0,"event_name":"Purifier","player_choice":"Purged","floor":46.0,"gold_loss":0.0,"damage_taken":0.0}],"is_beta":false,"boss_relics":[{"not_picked":["Empty Cage","Astrolabe","Philosopher\u0027s Stone"]},{"not_picked":["Snecko Eye","Coffee Dripper","Runic Pyramid"]}],"items_purged_floors":[48],"is_endless":false,"potions_floor_spawned":[3,5,7,14,33,35,39,45],"ascension_level":0}}