{"host":"t9zjxed0utvsfjwc","time":1613211840,"event":{"mods":["2.2 Compatiblity","Aspiration","BaseMod","Better Altar","Better Match","Better Note","Better Sensory Stone","Better Skull","Better Third Choice","Block Reminder","Colored Map","Colored Powertips","Custom Start","Downfall","Hermit","Highlight Path","Hubris","Infinite Spire","Marisa????????","Minty Spire (QoL Compilation)","Quick Restart","Rare Cards Sparkle","Reliquary","Replay The Spire","StSLib","The Cursed","The Marked","The Runesmith","Unceasing Turn Reminder","everything is the same but u backflip on backflip"],"gold_per_floor":[113,38,56,56,66,101,101,113,113,113,132,132,163,163,163,260,260,230,243,108,123,123,123,123],"floor_reached":23,"language":"ENG","playtime":1197,"items_purged":["theMarked:Strike","theMarked:ThrowWeapon+1"],"score":226,"play_id":"2c0c15ef-ff1d-4e82-8a03-8875532b2301","local_time":"20210213102400","is_ascension_mode":false,"campfire_choices":[{"floor":7,"key":"REST"},{"floor":10,"key":"REST"},{"floor":12,"key":"REST"},{"floor":15,"key":"REST"}],"circlet_count":0,"master_deck":["theMarked:Strike","theMarked:Strike","theMarked:Defend","theMarked:Defend","theMarked:Defend","theMarked:SoldierOfQuellstein","theMarked:BanishingStrike","theMarked:WardOff","Regret","theMarked:Memento","theMarked:Memento","theMarked:GodGivenPower","ReplayTheSpireMod:Chaos Vortex","theMarked:TakeOffHeels+1","theMarked:HeightenedSenses+1","theMarked:Determination"],"relics":["theMarked:ArtifactOfAir","aspiration:Nostalgia","infinitespire:DarkRift","hubris:OldNail","Snack Pack","Mirror","Astrolabe"],"acts_visited":["Exordium","TheCity"],"potions_floor_usage":[6,8,16,18,19],"damage_taken":[{"damage":0,"enemies":"Small Slimes","floor":1,"turns":3},{"damage":7,"enemies":"infinitespire:Voidling","floor":3,"turns":5},{"damage":1,"enemies":"2 Louse","floor":5,"turns":2},{"damage":40,"enemies":"Gremlin Nob","floor":6,"turns":5},{"damage":14,"enemies":"Exordium Thugs","floor":8,"turns":4},{"damage":9,"enemies":"3 Louse","floor":11,"turns":5},{"damage":0,"enemies":"Replay:BlueRogue","floor":13,"turns":2},{"damage":50,"enemies":"Fading Forest","floor":16,"turns":11},{"damage":29,"enemies":"2 Thieves","floor":18,"turns":5},{"damage":12,"enemies":"Shell Parasite","floor":19,"turns":4},{"damage":9,"enemies":"Snake Plant","floor":21,"turns":4},{"damage":38,"enemies":"Chosen and Byrds","floor":23,"turns":6}],"seed_played":"-2457428924705438421","potions_obtained":[{"floor":1,"key":"PowerPotion"},{"floor":3,"key":"Venom Potion"},{"floor":6,"key":"Dexterity Potion"},{"floor":16,"key":"SteroidPotion"},{"floor":18,"key":"Fire Potion"}],"is_trial":false,"path_per_floor":["M","$","M","?","M","E","R","M","T","R","M","R","E","?","R","B",null,"M","M","$","M","?","M"],"character_chosen":"THE_DEFAULT","items_purchased":["theMarked:Determination"],"campfire_rested":4,"item_purchase_floors":[20],"current_hp_per_floor":[70,70,63,63,62,32,53,39,39,60,53,70,70,53,70,39,70,41,29,29,20,27,0,0],"gold":123,"neow_bonus":"NOSTALGIA","is_daily":false,"chose_seed":false,"campfire_upgraded":0,"win_rate":0.0,"timestamp":1613211840,"path_taken":["M","$","M","?","M","E","R","M","T","R","M","R","E","?","R","BOSS","M","M","$","M","?","M"],"items_purchased_type":["Card"],"build_version":"2020-12-22","purchased_purges":2,"victory":false,"max_hp_per_floor":[70,70,70,70,70,70,70,70,70,70,70,70,70,70,70,70,70,70,70,70,70,70,70,70],"card_choices":[{"not_picked":["theMarked:WardOff","theMarked:ResourceFulStrike"],"picked":"theMarked:BanishingStrike","floor":1},{"not_picked":["theMarked:Reabsorb","theMarked:Determination"],"picked":"theMarked:WardOff","floor":3},{"not_picked":["theMarked:ChainLightning","theMarked:MuscleMemory"],"picked":"theMarked:Memento","floor":5},{"not_picked":["theMarked:Defy","theMarked:Standoff","theMarked:KeepCalmAndFight"],"picked":"SKIP","floor":6},{"not_picked":["theMarked:Frustration","theMarked:Improvise"],"picked":"theMarked:Memento","floor":8},{"not_picked":["theMarked:RepellingDischarge","theMarked:EmpowerWeapon","theMarked:KeepCalmAndFight"],"picked":"SKIP","floor":11},{"not_picked":["theMarked:AttractMetal","theMarked:Standoff"],"picked":"theMarked:GodGivenPower","floor":13},{"not_picked":["ReplayTheSpireMod:Haul","infinitespire:DeathsTouch"],"picked":"ReplayTheSpireMod:Chaos Vortex","floor":14},{"not_picked":["theMarked:TakeCover+1","theMarked:EmpowerWeapon","theMarked:CreepingChasm"],"picked":"SKIP","floor":18},{"not_picked":["theMarked:Memento","theMarked:Frustration+1","theMarked:LightningStrikesTwice"],"picked":"SKIP","floor":19},{"not_picked":["theMarked:ParalyzingBlade+1","theMarked:Memento","theMarked:MuscleMemory"],"picked":"SKIP","floor":21}],"player_experience":549113,"relics_obtained":[{"floor":6,"key":"Snack Pack"},{"floor":9,"key":"Mirror"}],"event_choices":[{"damage_healed":0,"gold_gain":0,"player_choice":"Box","damage_taken":0,"relics_obtained":["hubris:OldNail"],"max_hp_gain":0,"max_hp_loss":0,"event_name":"Big Fish","floor":4,"gold_loss":0,"cards_obtained":["Regret"]}],"is_beta":false,"boss_relics":[{"not_picked":["Replay:Drink Me","hubris:TerracottaHorce"],"picked":"Astrolabe"}],"items_purged_floors":[2,20],"is_endless":false,"potions_floor_spawned":[1,3,6,16,18],"killed_by":"Chosen and Byrds","ascension_level":0}}