{"host":"8d3fefv2347kqkpz","time":1613256094,"event":{"mods":["AchievementEnabler","Act Like it!","BaseMod","Better Vampires","Colored Map","Colored Powertips","Downfall","GifTheSpireLib","Highlight Path","Minty Spire (QoL Compilation)","Quick Restart","Rare Cards Sparkle","Relic Stats","Replay The Spire","Spicy Shops","StSLib","Waifu the Spire"],"gold_per_floor":[12,31,31,42,54,54,82,7,7,25,44,44,144,154,154,259,259,277,277,277,99,114,149,161,176,247,247,247,247],"floor_reached":28,"language":"ZHS","playtime":861,"items_purged":["Strike_R","Bash"],"score":242,"play_id":"0fd17124-c10c-4ab1-a116-70ea0ff5de89","local_time":"20210214064134","is_ascension_mode":false,"campfire_choices":[{"data":"Ghostly Armor","floor":6.0,"key":"SMITH"},{"data":"Searing Blow","floor":12.0,"key":"SMITH"},{"data":"Searing Blow+1","floor":15.0,"key":"SMITH"},{"floor":27,"key":"REST"}],"circlet_count":0,"master_deck":["Strike_R","Strike_R","Defend_R","Defend_R","Defend_R","Ghostly Armor+1","Double Tap","Disarm","Searing Blow+2","Uppercut","Offering","Metallicize","Armaments"],"relics":["Burning Blood","Pen Nib","Happy Flower","Sozu","Regal Pillow","ReplayTheSpireMod:Ninjato"],"acts_visited":["Exordium","TheCity"],"potions_floor_usage":[25],"damage_taken":[{"damage":0.0,"enemies":"Small Slimes","floor":1.0,"turns":3.0},{"damage":0.0,"enemies":"2 Louse","floor":2.0,"turns":3.0},{"damage":1.0,"enemies":"Cultist","floor":4.0,"turns":4.0},{"damage":6.0,"enemies":"Blue Slaver","floor":5.0,"turns":5.0},{"damage":29.0,"enemies":"Gremlin Nob","floor":7.0,"turns":5.0},{"damage":0.0,"enemies":"3 Louse","floor":10.0,"turns":5.0},{"damage":3.0,"enemies":"Exordium Thugs","floor":11.0,"turns":6.0},{"damage":6.0,"enemies":"Red Slaver","floor":14.0,"turns":3.0},{"damage":28.0,"enemies":"Hexaghost","floor":16.0,"turns":9.0},{"damage":0.0,"enemies":"Chosen","floor":18.0,"turns":3.0},{"damage":6.0,"enemies":"2 Thieves","floor":22.0,"turns":3.0},{"damage":59.0,"enemies":"Slavers","floor":23.0,"turns":9.0},{"damage":6,"enemies":"Shelled Parasite and Fungi","floor":24,"turns":4},{"damage":0,"enemies":"Snecko","floor":25,"turns":5},{"damage":54,"enemies":"Gremlin Leader","floor":28,"turns":11}],"seed_played":"-725301717327326133","potions_obtained":[{"floor":2.0,"key":"AttackPotion"},{"floor":4.0,"key":"SteroidPotion"},{"floor":5.0,"key":"Strength Potion"},{"floor":14.0,"key":"SkillPotion"},{"floor":16.0,"key":"BlessingOfTheForge"}],"is_trial":false,"path_per_floor":["M","M","?","M","M","R","E","$","T","M","M","R","?","M","R","B",null,"M","?","?","$","M","E","M","M","T","R","E"],"character_chosen":"IRONCLAD","items_purchased":["Armaments"],"campfire_rested":1,"item_purchase_floors":[21],"current_hp_per_floor":[80,80,73,78,78,78,55,55,55,61,64,64,64,64,64,42,80,80,80,80,80,80,27,27,33,33,72,18,18],"gold":247,"neow_bonus":"REMOVE_TWO","is_daily":false,"chose_seed":false,"campfire_upgraded":3,"win_rate":0.0,"timestamp":1613256094,"path_taken":["M","M","?","M","M","R","E","$","T","M","M","R","?","M","R","BOSS","M","?","?","$","M","E","M","M","T","R","E"],"items_purchased_type":["Card"],"build_version":"2020-12-22","purchased_purges":2,"victory":false,"max_hp_per_floor":[80,80,80,80,80,80,80,80,80,80,80,80,80,80,80,80,80,80,80,80,80,80,80,80,80,80,80,80,80],"relic_stats":{"Sozu":4,"Regal Pillow":15,"Happy Flower":[19],"counters":[15,78],"Pen Nib":[8],"obtain_stats":[{"Sozu":17,"Regal Pillow":23,"ReplayTheSpireMod:Ninjato":26,"Happy Flower":9,"Pen Nib":7,"Burning Blood":0},{"Sozu":9,"Regal Pillow":12,"ReplayTheSpireMod:Ninjato":14,"Happy Flower":5,"Pen Nib":5,"Burning Blood":0},{"Sozu":43,"Regal Pillow":58,"ReplayTheSpireMod:Ninjato":67,"Happy Flower":20,"Pen Nib":20,"Burning Blood":0}],"Burning Blood":66},"card_choices":[{"not_picked":["ReplayTheSpireMod:Strike From Hell","Flex"],"picked":"Ghostly Armor","floor":1.0},{"not_picked":["Blood for Blood","Infernal Blade","Clothesline"],"picked":"SKIP","floor":2.0},{"not_picked":["Shrug It Off","ReplayTheSpireMod:Strike From Hell"],"picked":"Double Tap","floor":4.0},{"not_picked":["Sword Boomerang","Warcry"],"picked":"Disarm","floor":5.0},{"not_picked":["Sever Soul","Wild Strike","Twin Strike"],"picked":"SKIP","floor":7.0},{"not_picked":["Perfected Strike","Body Slam"],"picked":"Searing Blow","floor":10.0},{"not_picked":["Sword Boomerang","Feel No Pain"],"picked":"Uppercut","floor":11.0},{"not_picked":["Clothesline","Battle Trance","Flex"],"picked":"SKIP","floor":14.0},{"not_picked":["Feed","Reaper"],"picked":"Offering","floor":16.0},{"not_picked":["Uppercut","Sword Boomerang","True Grit"],"picked":"SKIP","floor":18.0},{"not_picked":["Warcry","Thunderclap","Sentinel"],"picked":"SKIP","floor":22.0},{"not_picked":["ReplayTheSpireMod:LeadingStrike","Havoc","Body Slam"],"picked":"SKIP","floor":23.0},{"not_picked":["Heavy Blade","Havoc","Twin Strike+1"],"picked":"SKIP","floor":24},{"not_picked":["True Grit+1","Run Through","Thunderclap+1"],"picked":"SKIP","floor":25}],"player_experience":365913,"relics_obtained":[{"floor":7.0,"key":"Pen Nib"},{"floor":9.0,"key":"Happy Flower"},{"floor":23.0,"key":"Regal Pillow"},{"floor":26,"key":"ReplayTheSpireMod:Ninjato"}],"event_choices":[{"cards_removed":["Strike_R"],"damage_healed":0.0,"max_hp_gain":0.0,"max_hp_loss":0.0,"gold_gain":0.0,"event_name":"Golden Wing","player_choice":"Card Removal","floor":3.0,"gold_loss":0.0,"damage_taken":7.0},{"damage_healed":0.0,"max_hp_gain":0.0,"max_hp_loss":0.0,"gold_gain":100.0,"event_name":"Golden Shrine","player_choice":"Pray","floor":13.0,"gold_loss":0.0,"damage_taken":0.0},{"damage_healed":0.0,"max_hp_gain":0.0,"max_hp_loss":0.0,"gold_gain":0.0,"event_name":"Vampires","player_choice":"Ignored","floor":19.0,"gold_loss":0.0,"damage_taken":0.0},{"damage_healed":0.0,"max_hp_gain":0.0,"max_hp_loss":0.0,"gold_gain":0.0,"event_name":"The Library","player_choice":"Read","floor":20.0,"gold_loss":0.0,"damage_taken":0.0,"cards_obtained":["Metallicize"]}],"is_beta":false,"boss_relics":[{"not_picked":["Replay:Bronze Core","bronze:MakeshiftBattery"],"picked":"Sozu"}],"items_purged_floors":[8,21],"is_endless":false,"potions_floor_spawned":[2,4,5,14,16,22,23,24,25],"killed_by":"Gremlin Leader","ascension_level":0}}