{"host":"8is2j71l4wmybkoi","time":1613222355,"event":{"mods":["AchievementEnabler","BaseMod","Colored Map","DeckTracker","Minty Spire (QoL Compilation)","Rare Cards Sparkle","Relic Stats","StSLib","SuperFastMode"],"gold_per_floor":[112,162,178,193,209,209,243,243,243,256,256,289,364,13,13,92,92,108,108,12,22,38,70,18,18,18,18,53,53,69,88,88,162,162,177,177,177],"floor_reached":36,"language":"KOR","playtime":1403,"items_purged":["Strike_R"],"score":809,"play_id":"e821cf0e-dcc5-4433-ac6b-b1acacb84fbf","local_time":"20210213221915","is_ascension_mode":true,"campfire_choices":[{"data":"Bash","floor":6,"key":"SMITH"},{"data":"Battle Trance","floor":8,"key":"SMITH"},{"floor":15,"key":"REST"},{"floor":25,"key":"REST"},{"floor":29,"key":"RECALL"},{"floor":32,"key":"REST"}],"circlet_count":0,"master_deck":["AscendersBane","Strike_R","Strike_R","Strike_R","Strike_R","Defend_R","Defend_R","Defend_R","Defend_R","Bash+1","Anger","Battle Trance+1","Seeing Red","Dropkick","Burning Pact","Flame Barrier","Inflame","Barricade","Necronomicurse","Enlightenment","Rage+1","Brutality","Evolve","Body Slam","Entrench","Berserk","Entrench+1"],"relics":["Burning Blood","NeowsBlessing","Turnip","White Beast Statue","Mummified Hand","Toy Ornithopter","Fusion Hammer","Necronomicon","Red Skull","Mercury Hourglass","Nloth\u0027s Gift","Blue Candle","Black Star"],"acts_visited":["Exordium","TheCity","TheBeyond"],"potions_floor_usage":[7,12,16,16,18,21,23,28,30,31,31,35,35,36],"damage_taken":[{"damage":0,"enemies":"2 Louse","floor":1,"turns":1},{"damage":0,"enemies":"Cultist","floor":3,"turns":1},{"damage":0,"enemies":"Small Slimes","floor":4,"turns":1},{"damage":7,"enemies":"2 Fungi Beasts","floor":5,"turns":4},{"damage":20,"enemies":"Gremlin Nob","floor":7,"turns":4},{"damage":11,"enemies":"Blue Slaver","floor":10,"turns":3},{"damage":45,"enemies":"3 Sentries","floor":12,"turns":9},{"damage":44,"enemies":"The Guardian","floor":16,"turns":11},{"damage":2,"enemies":"Chosen","floor":18,"turns":4},{"damage":13,"enemies":"3 Byrds","floor":21,"turns":3},{"damage":32,"enemies":"Sentry and Sphere","floor":22,"turns":7},{"damage":41,"enemies":"Slavers","floor":23,"turns":7},{"damage":25,"enemies":"Book of Stabbing","floor":28,"turns":4},{"damage":15,"enemies":"Snake Plant","floor":30,"turns":3},{"damage":34,"enemies":"Snecko","floor":31,"turns":5},{"damage":9,"enemies":"Champ","floor":33,"turns":12},{"damage":19,"enemies":"Orb Walker","floor":35,"turns":5},{"damage":78,"enemies":"3 Darklings","floor":36,"turns":4}],"seed_played":"6406661351061174639","potions_obtained":[{"floor":3,"key":"Block Potion"},{"floor":4,"key":"BloodPotion"},{"floor":10,"key":"LiquidBronze"},{"floor":12,"key":"SkillPotion"},{"floor":16,"key":"EntropicBrew"},{"floor":18,"key":"AttackPotion"},{"floor":21,"key":"Ancient Potion"},{"floor":22,"key":"FairyPotion"},{"floor":23,"key":"LiquidBronze"},{"floor":28,"key":"DistilledChaos"},{"floor":30,"key":"PowerPotion"},{"floor":31,"key":"FearPotion"},{"floor":33,"key":"Weak Potion"},{"floor":35,"key":"PowerPotion"}],"is_trial":false,"path_per_floor":["M","?","M","M","M","R","E","R","T","M","?","E","?","$","R","B",null,"M","?","$","M","M","E","$","R","T","?","E","R","M","M","R","B",null,"M","M"],"character_chosen":"IRONCLAD","items_purchased":["Toy Ornithopter","Flame Barrier","Inflame","Enlightenment","BloodPotion"],"campfire_rested":3,"item_purchase_floors":[14,14,14,20,24],"current_hp_per_floor":[74,67,73,75,74,74,60,60,60,55,44,20,9,9,46,18,61,70,49,49,47,21,19,19,56,56,56,42,42,38,35,57,54,70,67,0,0],"gold":177,"neow_bonus":"THREE_ENEMY_KILL","is_daily":false,"chose_seed":false,"campfire_upgraded":2,"win_rate":0.0,"timestamp":1613222355,"path_taken":["M","?","M","?","M","R","E","R","T","?","?","E","?","$","R","BOSS","M","?","$","M","M","E","?","R","T","?","E","R","M","M","R","BOSS","M","M"],"items_purchased_type":["Relic","Card","Card","Card","Potion"],"build_version":"2020-12-22","purchased_purges":1,"victory":false,"max_hp_per_floor":[75,75,75,75,75,75,75,75,75,75,75,75,75,75,75,75,75,75,75,75,75,75,75,75,75,75,75,75,75,75,75,75,75,75,75,75,75],"relic_stats":{"counters":[18,88],"Mummified Hand":[34],"Blue Candle":[2],"Turnip":[11],"Necronomicon":[14],"Nloth\u0027s Gift":2,"Black Star":0,"obtain_stats":[{"Regal Pillow":12,"NeowsBlessing":0,"Blue Candle":28,"Burning Blood":0,"White Beast Statue":9,"Mercury Hourglass":26,"Mummified Hand":11,"Turnip":7,"Fusion Hammer":17,"Necronomicon":19,"Nloth\u0027s Gift":27,"Black Star":34,"Toy Ornithopter":14,"Red Skull":23},{"Regal Pillow":7,"NeowsBlessing":0,"Blue Candle":13,"Burning Blood":0,"White Beast Statue":5,"Mercury Hourglass":12,"Mummified Hand":6,"Turnip":5,"Fusion Hammer":8,"Necronomicon":9,"Nloth\u0027s Gift":12,"Black Star":16,"Toy Ornithopter":7,"Red Skull":12},{"Regal Pillow":23,"NeowsBlessing":0,"Blue Candle":59,"Burning Blood":0,"White Beast Statue":11,"Mercury Hourglass":55,"Mummified Hand":14,"Turnip":11,"Fusion Hammer":34,"Necronomicon":38,"Nloth\u0027s Gift":55,"Black Star":79,"Toy Ornithopter":23,"Red Skull":55}],"Burning Blood":98,"Toy Ornithopter":60,"Mercury Hourglass":[84]},"card_choices":[{"not_picked":["Clash","Clothesline"],"picked":"Anger","floor":1},{"not_picked":["Anger","Thunderclap","Exhume"],"picked":"SKIP","floor":3},{"not_picked":["Bloodletting","Thunderclap"],"picked":"Battle Trance","floor":4},{"not_picked":["Body Slam","Pommel Strike"],"picked":"Seeing Red","floor":5},{"not_picked":["Entrench","Feel No Pain"],"picked":"Dropkick","floor":7},{"not_picked":["Anger","Clash","Sword Boomerang"],"picked":"SKIP","floor":10},{"not_picked":["Power Through","Warcry"],"picked":"Burning Pact","floor":12},{"not_picked":["Impervious","Double Tap"],"picked":"Barricade","floor":16},{"not_picked":["Intimidate","Seeing Red","Twin Strike"],"picked":"SKIP","floor":18},{"not_picked":["Clash","Inflame","Whirlwind"],"picked":"SKIP","floor":21},{"not_picked":["Headbutt","Rupture"],"picked":"Rage+1","floor":22},{"not_picked":["Headbutt","Twin Strike"],"picked":"Brutality","floor":23},{"not_picked":["Bludgeon","Brutality"],"picked":"Evolve","floor":28},{"not_picked":["Fire Breathing","Shrug It Off"],"picked":"Body Slam","floor":30},{"not_picked":["Feel No Pain","Perfected Strike"],"picked":"Entrench","floor":31},{"not_picked":["Demon Form","Barricade"],"picked":"Berserk","floor":33},{"not_picked":["Twin Strike","Dropkick+1"],"picked":"Entrench+1","floor":35}],"player_experience":1174367,"relics_obtained":[{"floor":7,"key":"Turnip"},{"floor":9,"key":"White Beast Statue"},{"floor":12,"key":"Regal Pillow"},{"floor":19,"key":"Necronomicon"},{"floor":23,"key":"Red Skull"},{"floor":26,"key":"Mercury Hourglass"},{"floor":28,"key":"Blue Candle"}],"event_choices":[{"damage_healed":0,"gold_gain":50,"player_choice":"Touch","damage_taken":7,"max_hp_gain":0,"max_hp_loss":0,"event_name":"FaceTrader","floor":2,"gold_loss":0},{"damage_healed":0,"gold_gain":0,"player_choice":"Success","damage_taken":11,"relics_obtained":["Mummified Hand"],"max_hp_gain":0,"max_hp_loss":0,"event_name":"Scrap Ooze","floor":11,"gold_loss":0},{"damage_healed":0,"gold_gain":75,"player_choice":"Gather Gold","damage_taken":11,"max_hp_gain":0,"max_hp_loss":0,"event_name":"World of Goop","floor":13,"gold_loss":0},{"damage_healed":0,"gold_gain":0,"player_choice":"Obtained Book","damage_taken":21,"max_hp_gain":0,"max_hp_loss":0,"event_name":"Cursed Tome","floor":19,"gold_loss":0},{"damage_healed":0,"gold_gain":0,"player_choice":"Traded Relic","damage_taken":0,"relics_obtained":["Nloth\u0027s Gift"],"max_hp_gain":0,"max_hp_loss":0,"event_name":"N\u0027loth","floor":27,"relics_lost":["Regal Pillow"],"gold_loss":0}],"is_beta":false,"boss_relics":[{"not_picked":["Empty Cage","Astrolabe"],"picked":"Fusion Hammer"},{"not_picked":["Sozu","Runic Pyramid"],"picked":"Black Star"}],"items_purged_floors":[14],"is_endless":false,"potions_floor_spawned":[3,4,10,12,16,18,21,22,23,28,30,31,33,35],"killed_by":"3 Darklings","ascension_level":15}}