{"host":"y1oqg7uy0jc6f5mb","time":1613219970,"event":{"mods":["AchievementEnabler","BaseMod","Better Match","Better Note","BetterRewards","Colored Map","Colored Powertips","Displayed Cursed Tome","Downfall","Highlight Path","Minty Spire (QoL Compilation)","Permanent Neow","Quick Restart","Relic Stats","Replay The Spire","Smile Girya","StSLib"],"gold_per_floor":[110,11,25,41,98,98,98,130,130,148,148,160,160,178,178,282,282,292,309,321,69,69,69,69,69],"floor_reached":24,"language":"ENG","playtime":1581,"items_purged":["Strike_B"],"score":277,"play_id":"bbf1381a-dc2e-420b-b0e7-08abef350e71","local_time":"20210213203930","is_ascension_mode":true,"campfire_choices":[{"data":"Zap","floor":6.0,"key":"SMITH"},{"floor":11.0,"key":"REST"},{"floor":13.0,"key":"REST"},{"floor":15.0,"key":"DIG"},{"data":"Go for the Eyes","floor":23,"key":"SMITH"}],"circlet_count":0,"master_deck":["Strike_B","Strike_B","Defend_B","Defend_B","Defend_B","Zap+1","Dualcast","Purity","Melter","Leap","Sweeping Beam","Ball Lightning","Loop","Time Bomb+1","Consume+1","Fusion+1","Doom and Gloom","Panic Button+1","ReplayTheSpireMod:Calculation Training+1","Tempest+1","Machine Learning","Glacier+1","ReplayRNGCard+1","Go for the Eyes+1","Self Repair"],"relics":["Cracked Core","Toxic Egg 2","Dream Catcher","Replay:PocketPolymizer","Tiny Chest","Coffee Dripper","Singing Bowl"],"acts_visited":["Exordium","TheCity"],"potions_floor_usage":[16,20],"damage_taken":[{"damage":0.0,"enemies":"Small Slimes","floor":1.0,"turns":3.0},{"damage":0.0,"enemies":"Jaw Worm","floor":3.0,"turns":3.0},{"damage":0.0,"enemies":"2 Louse","floor":4.0,"turns":2.0},{"damage":41.0,"enemies":"3 Sentries","floor":8.0,"turns":7.0},{"damage":10.0,"enemies":"Lots of Slimes","floor":10.0,"turns":2.0},{"damage":4.0,"enemies":"Large Slime","floor":12.0,"turns":6.0},{"damage":2.0,"enemies":"Looter","floor":14.0,"turns":3.0},{"damage":40,"enemies":"Fading Forest","floor":16,"turns":11},{"damage":34,"enemies":"2 Thieves","floor":18,"turns":4},{"damage":0,"enemies":"Spheric Guardian","floor":19,"turns":3},{"damage":12,"enemies":"Centurion and Healer","floor":20,"turns":5},{"damage":31,"enemies":"3 Cultists","floor":24,"turns":4}],"seed_played":"448125950944136941","potions_obtained":[{"floor":4.0,"key":"bronze:BurnAndBuffPotion"},{"floor":8.0,"key":"Energy Potion"},{"floor":18,"key":"Adrenaline Potion"},{"floor":19,"key":"Strength Potion"}],"is_trial":false,"path_per_floor":["M","$","M","M","?","R","?","E","T","M","R","M","R","M","R_BF","B",null,"M","M","M","$","?","R","M"],"character_chosen":"DEFECT","items_purchased":["Leap","Singing Bowl"],"campfire_rested":2,"item_purchase_floors":[2,21],"current_hp_per_floor":[68,68,68,68,68,68,73,32,32,22,46,42,66,64,64,34,69,35,35,23,23,23,23,0,0],"gold":69,"neow_bonus":"RANDOM_COLORLESS","is_daily":false,"chose_seed":false,"campfire_upgraded":2,"win_rate":0.0,"timestamp":1613219970,"path_taken":["M","$","M","M","?","R","?","E","T","M","R","M","R","M","R_BF","BOSS","M","M","M","$","?","R","M"],"items_purchased_type":["Card","Relic"],"build_version":"2020-12-22","purchased_purges":1,"victory":false,"max_hp_per_floor":[75,75,75,75,75,75,80,80,80,80,80,80,80,80,80,80,80,80,80,80,80,80,80,80,80],"relic_stats":{"Dream Catcher":2,"Singing Bowl":0,"counters":[12,53],"Tiny Chest":0,"obtain_stats":[{"Dream Catcher":8,"Replay:PocketPolymizer":9,"Singing Bowl":21,"Tiny Chest":15,"Coffee Dripper":17,"Toxic Egg 2":5,"Cracked Core":0},{"Dream Catcher":4,"Replay:PocketPolymizer":4,"Singing Bowl":11,"Tiny Chest":7,"Coffee Dripper":8,"Toxic Egg 2":3,"Cracked Core":0},{"Dream Catcher":15,"Replay:PocketPolymizer":15,"Singing Bowl":49,"Tiny Chest":26,"Coffee Dripper":37,"Toxic Egg 2":8,"Cracked Core":0}]},"card_choices":[{"not_picked":["Dramatic Entrance","Blind"],"picked":"Purity","floor":0.0},{"not_picked":["Sweeping Beam","Steam"],"picked":"Melter","floor":1.0},{"not_picked":["Force Field","Stack"],"picked":"Sweeping Beam","floor":3.0},{"not_picked":["Sweeping Beam","White Noise"],"picked":"Ball Lightning","floor":4.0},{"not_picked":["Compile Driver","Hello World"],"picked":"Loop","floor":5.0},{"not_picked":["Compile Driver","Go for the Eyes"],"picked":"Time Bomb+1","floor":5.0},{"not_picked":["ReplaySolidLightProjector+1","Panic Button+1"],"picked":"Consume+1","floor":8.0},{"not_picked":["Rebound","Beam Cell"],"picked":"Fusion+1","floor":10.0},{"not_picked":["Go for the Eyes","FTL"],"picked":"Doom and Gloom","floor":11.0},{"not_picked":["Time Bomb+1","Static Discharge"],"picked":"Panic Button+1","floor":12.0},{"not_picked":["Hologram+1","Steam+1"],"picked":"ReplayTheSpireMod:Calculation Training+1","floor":13.0},{"not_picked":["All For One","Gash"],"picked":"Tempest+1","floor":14.0},{"not_picked":["Fission+1","Hyperbeam"],"picked":"Machine Learning","floor":16},{"not_picked":["Panic Button+1","Gash+1","Barrage"],"picked":"SKIP","floor":18},{"not_picked":["Beam Cell","Conserve Battery+1"],"picked":"Glacier+1","floor":19},{"not_picked":["Skim+1","Hologram+1"],"picked":"ReplayRNGCard+1","floor":20}],"player_experience":433913,"relics_obtained":[{"floor":5.0,"key":"Toxic Egg 2"},{"floor":8.0,"key":"Dream Catcher"},{"floor":9.0,"key":"Replay:PocketPolymizer"},{"floor":15.0,"key":"Tiny Chest"}],"event_choices":[{"damage_healed":0.0,"max_hp_gain":5.0,"max_hp_loss":0.0,"gold_gain":0.0,"event_name":"Big Fish","player_choice":"Donut","floor":7.0,"gold_loss":0.0,"damage_taken":0.0},{"damage_healed":0,"gold_gain":0,"cards_transformed":["Defend_B","Strike_B"],"player_choice":"Became Test Subject","damage_taken":0,"max_hp_gain":0,"max_hp_loss":0,"event_name":"Drug Dealer","floor":22,"gold_loss":0,"cards_obtained":["Go for the Eyes","Self Repair"]}],"is_beta":false,"boss_relics":[{"not_picked":["Tiny House","Ectoplasm"],"picked":"Coffee Dripper"}],"items_purged_floors":[2],"is_endless":false,"potions_floor_spawned":[4,8,18,19],"killed_by":"3 Cultists","ascension_level":8}}