{"host":"y4fuci1jk2rsxnep","time":1613213490,"event":{"mods":["AchievementEnabler","BaseMod","Colored Powertips","Custom Start","Defuse TimeMaze Blight","Dio Mod","Downfall","Hermit","Hero for Fun","Hubris","Hunter ??","Infinite Spire","Minty Spire (QoL Compilation)","Quick Restart","Reliquary","Remove Card Discount Mod","Replay The Spire","StSLib","The Blackbeard","The Bug Knight","The Mystic","The Runesmith"],"gold_per_floor":[110,110,110,123,123,123,150,169,242,259,283,283,318,348,360,377,377],"floor_reached":16,"language":"ENG","playtime":1190,"items_purged":[],"score":137,"play_id":"ae39dbcc-6bc3-4653-adc2-fd6e6a20e4bc","local_time":"20210213115130","is_ascension_mode":false,"campfire_choices":[{"data":"hermit:Snapshot","floor":6,"key":"SMITH"},{"data":"hermit:Vantage","floor":12,"key":"SMITH"},{"floor":15,"key":"REST"}],"circlet_count":0,"master_deck":["hermit:Strike_Hermit","hermit:Strike_Hermit","hermit:Strike_Hermit","hermit:Strike_Hermit","hermit:Defend_Hermit+1","hermit:Defend_Hermit+1","hermit:Defend_Hermit","hermit:Snapshot+1","hermit:Covet","hermit:Gambit","hermit:Grudge","hermit:Scavenge","hermit:Vantage+1","hermit:HoleUp","hermit:ShadowCloak"],"relics":["hermit:Momento","NeowsBlessing","War Paint","Du-Vu Doll","Anchor","Darkstone Periapt","MawBank"],"acts_visited":["Exordium"],"potions_floor_usage":[],"damage_taken":[{"damage":0,"enemies":"Cultist","floor":1,"turns":1},{"damage":0,"enemies":"Jaw Worm","floor":4,"turns":1},{"damage":0,"enemies":"3 Sentries","floor":7,"turns":1},{"damage":0,"enemies":"2 Louse","floor":8,"turns":2},{"damage":0,"enemies":"Large Slime","floor":10,"turns":3},{"damage":0,"enemies":"Blue Slaver","floor":11,"turns":2},{"damage":15,"enemies":"Gremlin Nob","floor":13,"turns":5},{"damage":4,"enemies":"Exordium Wildlife","floor":14,"turns":6},{"damage":58,"enemies":"Hexaghost","floor":16,"turns":18}],"seed_played":"-1401224750104282071","potions_obtained":[{"floor":1,"key":"Milkshake"},{"floor":8,"key":"Regen Potion"},{"floor":10,"key":"Explosive Potion"}],"is_trial":false,"path_per_floor":["M","?","?","M","$","R","E","M","T","M","M","R","E","M","R","B"],"character_chosen":"HERMIT","items_purchased":["Du-Vu Doll"],"campfire_rested":1,"item_purchase_floors":[5],"current_hp_per_floor":[75,75,75,75,55,55,55,55,55,55,55,55,40,36,58,0,0],"gold":377,"neow_bonus":"THREE_ENEMY_KILL","is_daily":false,"chose_seed":false,"campfire_upgraded":2,"win_rate":0.0,"timestamp":1613213490,"path_taken":["M","?","?","?","?","R","E","M","T","M","M","R","E","M","R","BOSS"],"items_purchased_type":["Relic"],"build_version":"2020-12-22","purchased_purges":0,"victory":false,"max_hp_per_floor":[75,75,75,75,75,75,75,75,75,75,75,75,75,75,75,75,75],"card_choices":[{"not_picked":["hermit:TrackingShot","hermit:Manifest","hermit:Virtue"],"picked":"SKIP","floor":1},{"not_picked":["hermit:Snipe","hermit:DeadMansHand"],"picked":"hermit:Grudge","floor":4},{"not_picked":["hermit:Feint","hermit:SprayPray"],"picked":"hermit:Scavenge","floor":7},{"not_picked":["hermit:Manifest","hermit:WideOpen"],"picked":"hermit:Vantage","floor":8},{"not_picked":["hermit:Desperado","hermit:Feint","hermit:ItchyTrigger"],"picked":"SKIP","floor":10},{"not_picked":["hermit:Maintenance","hermit:LowProfile","hermit:ItchyTrigger"],"picked":"SKIP","floor":11},{"not_picked":["hermit:Maintenance","hermit:LowProfile","hermit:ItchyTrigger"],"picked":"SKIP","floor":11},{"not_picked":["hermit:Adapt","hermit:TrackingShot"],"picked":"hermit:HoleUp","floor":13},{"not_picked":["hermit:SprayPray","hermit:Quickdraw"],"picked":"hermit:ShadowCloak","floor":14}],"player_experience":540002,"relics_obtained":[{"floor":7,"key":"Anchor"},{"floor":9,"key":"Darkstone Periapt"},{"floor":13,"key":"MawBank"}],"event_choices":[{"damage_healed":0,"gold_gain":0,"cards_transformed":["hermit:Defend_Hermit"],"player_choice":"Change","damage_taken":0,"max_hp_gain":0,"max_hp_loss":0,"event_name":"Living Wall","floor":2,"gold_loss":0,"cards_obtained":["hermit:Gambit"]},{"damage_healed":0,"gold_gain":0,"player_choice":"Gave Potion","damage_taken":0,"relics_obtained":["War Paint"],"max_hp_gain":0,"max_hp_loss":0,"event_name":"WeMeetAgain","floor":3,"gold_loss":0}],"is_beta":false,"boss_relics":[],"items_purged_floors":[],"is_endless":false,"potions_floor_spawned":[1,8,10],"killed_by":"Hexaghost","ascension_level":0}}