{"host":"bsgp9wgausrmthh2","time":1613234062,"event":{"mods":["AchievementEnabler","BaseMod","Colored Map","Minty Spire (QoL Compilation)","StSLib"],"gold_per_floor":[110,110,11,11,11,11,24,24,75,75,86,86,86,101,101,197,197,216,216,235,136,136,136,226,244,244,259,277,277,28,44,44,144,194,206,15,0,0,14,14,31,31,56,56,6,21,38,38,38,38,38],"floor_reached":50,"language":"ENG","playtime":4374,"items_purged":["Regret","Writhe","Pain"],"score":480,"play_id":"05b25d81-680f-4516-8ffd-0fc5d615d7b8","local_time":"20210213113422","is_ascension_mode":false,"campfire_choices":[{"floor":6,"key":"RECALL"},{"data":"Well Laid Plans","floor":8,"key":"SMITH"},{"data":"Sucker Punch","floor":10,"key":"SMITH"},{"data":"Footwork","floor":13,"key":"SMITH"},{"data":"Noxious Fumes","floor":15,"key":"SMITH"},{"data":"Caltrops","floor":23,"key":"SMITH"},{"floor":29,"key":"REST"},{"data":"Footwork","floor":32,"key":"SMITH"},{"data":"Caltrops","floor":40,"key":"SMITH"},{"floor":49,"key":"REST"}],"circlet_count":0,"master_deck":["Strike_G","Strike_G","Strike_G","Defend_G","Defend_G","Defend_G+1","Survivor","Neutralize","Well Laid Plans+1","Backflip","Sucker Punch+1","Cloak And Dagger","Poisoned Stab","Footwork+1","Noxious Fumes+1","Adrenaline","Blur","Dagger Spray","Caltrops+1","PiercingWail","PiercingWail","Swift Strike","Crippling Poison","Acrobatics","Footwork+1","Terror","Die Die Die","Sucker Punch","PiercingWail+1","Terror","Writhe","Caltrops+1","Parasite","Slice+1","Clumsy","Slice","Neutralize"],"relics":["Ring of the Snake","Mummified Hand","Paper Crane","Cursed Key","Anchor","Lee\u0027s Waffle","Tiny House","ClockworkSouvenir","Red Mask","Smiling Mask","Peace Pipe"],"acts_visited":["Exordium","TheCity","TheBeyond"],"potions_floor_usage":[],"damage_taken":[{"damage":5,"enemies":"Jaw Worm","floor":1,"turns":5},{"damage":0,"enemies":"2 Louse","floor":7,"turns":3},{"damage":0,"enemies":"Small Slimes","floor":11,"turns":3},{"damage":0,"enemies":"Gremlin Gang","floor":14,"turns":5},{"damage":21,"enemies":"Hexaghost","floor":16,"turns":11},{"damage":0,"enemies":"Shell Parasite","floor":18,"turns":5},{"damage":0,"enemies":"Spheric Guardian","floor":20,"turns":5},{"damage":13,"enemies":"3 Cultists","floor":25,"turns":5},{"damage":12,"enemies":"Snake Plant","floor":27,"turns":3},{"damage":5,"enemies":"Centurion and Healer","floor":28,"turns":7},{"damage":2,"enemies":"Shelled Parasite and Fungi","floor":31,"turns":6},{"damage":30,"enemies":"Collector","floor":33,"turns":10},{"damage":13,"enemies":"3 Shapes","floor":35,"turns":7},{"damage":23,"enemies":"3 Darklings","floor":39,"turns":7},{"damage":0,"enemies":"Writhing Mass","floor":41,"turns":6},{"damage":42,"enemies":"Maw","floor":46,"turns":9},{"damage":12,"enemies":"4 Shapes","floor":47,"turns":9},{"damage":29,"enemies":"Donu and Deca","floor":50,"turns":4}],"seed_played":"-2674314612199618726","potions_obtained":[{"floor":1,"key":"Explosive Potion"},{"floor":11,"key":"Regen Potion"},{"floor":18,"key":"Explosive Potion"},{"floor":25,"key":"DistilledChaos"},{"floor":34,"key":"LiquidBronze"}],"is_trial":false,"path_per_floor":["M","?","$","?","?","R","M","R","T","R","M","?","R","M","R","B",null,"M","?","M","$","?","R","?","M","T","M","M","R","$","M","R","B",null,"M","$","?","?","M","R","M","?","T","T","$","M","M","?","R","B"],"character_chosen":"THE_SILENT","items_purchased":["Sucker Punch","Caltrops","PiercingWail","Lee\u0027s Waffle","ClockworkSouvenir","Terror"],"campfire_rested":2,"item_purchase_floors":[3,21,21,30,36,36],"current_hp_per_floor":[65,65,65,58,58,58,58,58,58,58,58,58,58,58,58,37,70,70,70,70,70,70,70,52,39,39,27,22,43,77,75,75,45,82,69,69,69,82,59,59,59,59,59,59,59,17,5,5,29,0,0],"gold":38,"neow_bonus":"TRANSFORM_CARD","is_daily":false,"chose_seed":false,"campfire_upgraded":7,"win_rate":0.0,"timestamp":1613234062,"path_taken":["M","?","$","?","?","R","M","R","T","R","?","?","R","?","R","BOSS","M","?","M","$","?","R","?","M","T","M","?","R","$","M","R","BOSS","M","?","?","?","M","R","M","?","T","?","$","M","M","?","R","BOSS"],"items_purchased_type":["Card","Card","Card","Relic","Relic","Card"],"build_version":"2020-12-22","purchased_purges":3,"victory":false,"max_hp_per_floor":[70,70,70,70,70,70,70,70,70,70,70,70,70,70,70,70,70,70,70,70,70,70,70,70,70,70,70,70,70,77,77,77,77,82,82,82,82,82,82,82,82,82,82,82,82,82,82,82,82,82,82],"card_choices":[{"not_picked":["Catalyst","Slice"],"picked":"Backflip","floor":1},{"not_picked":["Outmaneuver","Calculated Gamble"],"picked":"Poisoned Stab","floor":7},{"not_picked":["Leg Sweep","Deadly Poison"],"picked":"Footwork","floor":11},{"not_picked":["Dagger Throw","Bouncing Flask"],"picked":"Noxious Fumes","floor":14},{"not_picked":["Wraith Form v2","Bullet Time"],"picked":"Adrenaline","floor":16},{"not_picked":["Acrobatics","Infinite Blades"],"picked":"Blur","floor":18},{"not_picked":["Cloak And Dagger","Accuracy+1"],"picked":"Dagger Spray","floor":20},{"not_picked":["Deflect","Dagger Throw+1"],"picked":"Crippling Poison","floor":25},{"not_picked":["Dagger Spray","Escape Plan"],"picked":"Acrobatics","floor":27},{"not_picked":["Riddle With Holes","Corpse Explosion"],"picked":"Footwork","floor":28},{"not_picked":["Eviscerate","Bane"],"picked":"Terror","floor":31},{"not_picked":["Burst","Adrenaline"],"picked":"Die Die Die","floor":33},{"not_picked":["Dagger Throw+1","Deadly Poison"],"picked":"Sucker Punch","floor":34},{"not_picked":["Backflip+1","Deflect"],"picked":"PiercingWail+1","floor":35},{"not_picked":["Expertise+1","Dodge and Roll+1"],"picked":"Caltrops","floor":39},{"not_picked":["Blade Dance","Outmaneuver+1"],"picked":"Slice+1","floor":41},{"not_picked":["Quick Slash+1","Outmaneuver"],"picked":"Slice","floor":46},{"not_picked":["Expertise","Underhanded Strike","Bouncing Flask+1"],"picked":"SKIP","floor":47}],"player_experience":212524,"relics_obtained":[{"floor":26,"key":"Anchor"},{"floor":43,"key":"Smiling Mask"},{"floor":44,"key":"Peace Pipe"}],"event_choices":[{"damage_healed":0,"gold_gain":0,"player_choice":"Box","damage_taken":0,"relics_obtained":["Mummified Hand"],"max_hp_gain":0,"max_hp_loss":0,"event_name":"Big Fish","floor":2,"gold_loss":0,"cards_obtained":["Regret"]},{"damage_healed":0,"gold_gain":0,"player_choice":"Success","damage_taken":7,"relics_obtained":["Paper Crane"],"max_hp_gain":0,"max_hp_loss":0,"event_name":"Scrap Ooze","floor":4,"gold_loss":0},{"cards_removed":["Defend_G"],"damage_healed":0,"gold_gain":0,"player_choice":"Took Card","damage_taken":0,"max_hp_gain":0,"max_hp_loss":0,"event_name":"NoteForYourself","floor":5,"gold_loss":0,"cards_obtained":["Cloak And Dagger"]},{"cards_removed":["Strike_G"],"damage_healed":0,"gold_gain":0,"player_choice":"Card Removal","damage_taken":0,"max_hp_gain":0,"max_hp_loss":0,"event_name":"Wheel of Change","floor":12,"gold_loss":0},{"damage_healed":0,"gold_gain":0,"player_choice":"Ignored","damage_taken":0,"max_hp_gain":0,"max_hp_loss":0,"event_name":"Ghosts","floor":19,"gold_loss":0},{"damage_healed":0,"gold_gain":0,"player_choice":"Read","damage_taken":0,"max_hp_gain":0,"max_hp_loss":0,"event_name":"The Library","floor":22,"gold_loss":0,"cards_obtained":["PiercingWail"]},{"damage_healed":0,"gold_gain":90,"player_choice":"CARD GOLD ","damage_taken":18,"max_hp_gain":0,"max_hp_loss":0,"event_name":"Knowing Skull","floor":24,"potions_obtained":[],"gold_loss":0,"cards_obtained":["Swift Strike"]},{"damage_healed":0,"gold_gain":0,"player_choice":"Paid","damage_taken":0,"relics_obtained":["Red Mask"],"max_hp_gain":0,"max_hp_loss":0,"event_name":"Tomb of Lord Red Mask","floor":37,"gold_loss":15},{"damage_healed":21,"gold_gain":0,"player_choice":"Writhe","damage_taken":0,"max_hp_gain":0,"max_hp_loss":0,"event_name":"Winding Halls","floor":38,"gold_loss":0,"cards_obtained":["Writhe"]},{"cards_removed":["Defend_G"],"damage_healed":0,"gold_gain":0,"player_choice":"Removed Skill","damage_taken":0,"max_hp_gain":0,"max_hp_loss":0,"event_name":"Falling","floor":42,"gold_loss":0},{"damage_healed":0,"gold_gain":0,"player_choice":"1 cards matched","damage_taken":0,"max_hp_gain":0,"max_hp_loss":0,"event_name":"Match and Keep!","floor":48,"gold_loss":0,"cards_obtained":["Neutralize"]}],"is_beta":false,"boss_relics":[{"not_picked":["SlaversCollar","Empty Cage"],"picked":"Cursed Key"},{"not_picked":["Coffee Dripper","Ring of the Serpent"],"picked":"Tiny House"}],"items_purged_floors":[3,30,45],"is_endless":false,"potions_floor_spawned":[1,11,18,25,27,35,39],"killed_by":"Donu and Deca","ascension_level":0}}