{"host":"hwuw9fxoqh6hcgug","time":1613250381,"event":{"mods":["BaseMod","Downfall","Highlight Path","Minty Spire (QoL Compilation)","StSLib"],"gold_per_floor":[99,115,133,147,147,161,161,161,161,173,203,203,219,232,248,343,343,343,357,357,407,459,525,525,540,554,454,472,472,472,504,504,504,504],"floor_reached":32,"language":"FRA","playtime":4029,"items_purged":[],"score":302,"play_id":"eff71dbd-15e1-4148-b712-47d075fa28a6","local_time":"20210213220621","is_ascension_mode":true,"campfire_choices":[{"data":"hexamod:Sear","floor":1.0,"key":"SMITH"},{"data":"hexamod:Incineration","floor":9.0,"key":"SMITH"},{"data":"hexamod:BurningTouch","floor":12.0,"key":"SMITH"},{"data":"hexamod:ForkedFlame","floor":18.0,"key":"SMITH"},{"floor":27,"key":"REST"},{"floor":30,"key":"REST"}],"circlet_count":0,"master_deck":["hexamod:Strike","hexamod:Defend","hexamod:Defend","hexamod:Defend","hexamod:Defend","hexamod:Sear+1","hexamod:Float","hexamod:Incineration+1","hexamod:ThirdSeal","hexamod:RadiantFlame","hexamod:TimeOfNeed","hexamod:BurningTouch+1","hexamod:BurningTouch","hexamod:FlamesFromBeyond","hexamod:SoulSteal","hexamod:PhantomFireball","hexamod:ForkedFlame+1","hexamod:SpectersWail+1","hexamod:ChargedBarrage","Pain","hexamod:FlamesFromBeyond"],"relics":["hexamod:SpiritBrand","Lizard Tail","downfall:ShatteredFragment","hexamod:InflammatoryLetter","Shuriken","Busted Crown","downfall:KnowingSkull","Tiny Chest","Letter Opener","downfall:HeartBlessingGreen","Bottled Flame"],"acts_visited":["Exordium","TheCity"],"potions_floor_usage":[19,28],"damage_taken":[{"damage":1.0,"enemies":"Jaw Worm","floor":2.0,"turns":3.0},{"damage":2.0,"enemies":"Small Slimes","floor":3.0,"turns":3.0},{"damage":6.0,"enemies":"Cultist","floor":4.0,"turns":3.0},{"damage":16.0,"enemies":"3 Louse","floor":6.0,"turns":3.0},{"damage":0.0,"enemies":"Red Slaver","floor":10.0,"turns":3.0},{"damage":15.0,"enemies":"3 Sentries","floor":11.0,"turns":7.0},{"damage":5.0,"enemies":"Exordium Thugs","floor":13.0,"turns":4.0},{"damage":14.0,"enemies":"Blue Slaver","floor":14.0,"turns":3.0},{"damage":8.0,"enemies":"Red Slaver","floor":15.0,"turns":3.0},{"damage":8.0,"enemies":"WA_ARCHETYPE_RETAIN","floor":16.0,"turns":4.0},{"damage":0,"enemies":"Shell Parasite","floor":19,"turns":2},{"damage":3,"enemies":"Spheric Guardian","floor":21,"turns":2},{"damage":17,"enemies":"Centurion and Healer","floor":22,"turns":3},{"damage":29,"enemies":"Gremlin Leader","floor":23,"turns":4},{"damage":10,"enemies":"Chosen and Byrds","floor":25,"turns":4},{"damage":0,"enemies":"Cultist and Chosen","floor":26,"turns":3},{"damage":20,"enemies":"Snake Plant","floor":28,"turns":3},{"damage":36,"enemies":"Slavers","floor":31,"turns":4},{"damage":20,"enemies":"Sentry and Sphere","floor":32,"turns":4}],"seed_played":"-7227547505998566820","potions_obtained":[{"floor":2.0,"key":"Dexterity Potion"},{"floor":3.0,"key":"SpeedPotion"},{"floor":4.0,"key":"Ancient Potion"},{"floor":14.0,"key":"Slimebound:ThreeZeroPotion"},{"floor":19,"key":"Fruit Juice"},{"floor":26,"key":"AttackPotion"},{"floor":28,"key":"CultistPotion"}],"is_trial":false,"path_per_floor":["R","M","M","M","?","M","T","?","R","M","E","R","M","M","M","B",null,"R","M","?","M","M","E","T","M","M","R","M","?","R","E","M"],"character_chosen":"THE_SPIRIT","items_purchased":[],"campfire_rested":2,"item_purchase_floors":[],"current_hp_per_floor":[63,62,60,54,33,17,17,63,63,63,48,48,43,29,21,13,63,63,68,61,58,41,12,12,2,2,22,2,2,22,20,0,0,0],"gold":504,"neow_bonus":"ONE_RARE_RELIC","is_daily":false,"chose_seed":false,"campfire_upgraded":4,"win_rate":0.0,"timestamp":1613250381,"path_taken":["R","M","M","M","?","M","T","?","R","?","E","R","M","M","M","BOSS","R","M","?","M","?","E","T","M","M","R","M","?","R","E","M"],"items_purchased_type":[],"build_version":"2020-12-22","purchased_purges":0,"victory":false,"max_hp_per_floor":[63,63,63,63,63,63,63,63,63,63,63,63,63,63,63,63,63,63,68,68,68,68,68,68,68,68,68,68,68,68,68,68,68,68],"card_choices":[{"not_picked":["hexamod:HauntingEcho","hexamod:InspiringFlames"],"picked":"hexamod:Incineration","floor":2.0},{"not_picked":["hexamod:Rewind","hexamod:Hexaguard","hexamod:HeatMetal"],"picked":"SKIP","floor":3.0},{"not_picked":["hexamod:BacktrackSmack","hexamod:PhantomCloak"],"picked":"hexamod:ThirdSeal","floor":4.0},{"not_picked":["hexamod:SpectersWail","hexamod:InspiringFlames","hexamod:Firestarter"],"picked":"SKIP","floor":6.0},{"not_picked":["hexamod:ThermalTransfer","hexamod:ShieldOfDarkness"],"picked":"hexamod:RadiantFlame","floor":10.0},{"not_picked":["hexamod:EtherealExpedition","hexamod:FastForward"],"picked":"hexamod:TimeOfNeed","floor":11.0},{"not_picked":["hexamod:Hexaguard","hexamod:BacktrackSmack"],"picked":"hexamod:BurningTouch","floor":11.0},{"not_picked":["hexamod:FastForward","hexamod:SwordOfDarkness"],"picked":"hexamod:BurningTouch","floor":13.0},{"not_picked":["hexamod:FlamesFromBeyond","hexamod:Hexaguard","hexamod:ShieldOfDarkness"],"picked":"SKIP","floor":13.0},{"not_picked":["hexamod:Hexaguard","hexamod:ShieldOfDarkness"],"picked":"hexamod:FlamesFromBeyond","floor":13.0},{"not_picked":["hexamod:GhostLash","hexamod:HeatMetal"],"picked":"hexamod:SoulSteal","floor":14.0},{"not_picked":["hexamod:EtherealExpedition","hexamod:GhostShield","hexamod:SecondSeal"],"picked":"SKIP","floor":14.0},{"not_picked":["hexamod:Again","hexamod:GhostLash"],"picked":"hexamod:PhantomFireball","floor":15.0},{"not_picked":["hexamod:FlameSwitch","hexamod:GiftsFromTheDead"],"picked":"hexamod:ForkedFlame","floor":16.0},{"not_picked":["hexamod:SpectralAdrenaline"],"picked":"SKIP","floor":19},{"not_picked":["hexamod:Firestarter"],"picked":"SKIP","floor":19},{"not_picked":["hexamod:GhostOfSpireFuture"],"picked":"SKIP","floor":21},{"not_picked":["hexamod:GhostOfSpireFuture"],"picked":"SKIP","floor":22},{"not_picked":[],"picked":"hexamod:SpectersWail+1","floor":23},{"not_picked":["hexamod:SpectersWail"],"picked":"SKIP","floor":23},{"not_picked":["hexamod:SwordOfDarkness+1"],"picked":"SKIP","floor":25},{"not_picked":["hexamod:PhantomCloak"],"picked":"SKIP","floor":26},{"not_picked":[],"picked":"hexamod:ChargedBarrage","floor":28},{"not_picked":["hexamod:GhostOfSpirePast"],"picked":"SKIP","floor":28},{"not_picked":[],"picked":"hexamod:FlamesFromBeyond","floor":31},{"not_picked":["hexamod:GhostShield"],"picked":"SKIP","floor":31}],"player_experience":828028,"relics_obtained":[{"floor":7.0,"key":"hexamod:InflammatoryLetter"},{"floor":11.0,"key":"Shuriken"},{"floor":23,"key":"Tiny Chest"},{"floor":24,"key":"Letter Opener"},{"floor":31,"key":"Bottled Flame"}],"event_choices":[{"damage_healed":46.0,"max_hp_gain":0.0,"max_hp_loss":0.0,"gold_gain":0.0,"event_name":"Wheel of Change","player_choice":"Full Heal","floor":8.0,"gold_loss":0.0,"damage_taken":0.0}],"is_beta":false,"boss_relics":[{"not_picked":["Empty Cage","Pandora\u0027s Box"],"picked":"Busted Crown"}],"items_purged_floors":[],"is_endless":false,"potions_floor_spawned":[2,3,4,14,15,19,26,28],"killed_by":"Sentry and Sphere","ascension_level":1}}