{"host":"vgmhxp0kxvybuvcq","time":1613203873,"event":{"mods":["BaseMod","Minty Spire (QoL Compilation)","Replay The Spire","StSLib"],"gold_per_floor":[113,113,113,129,142,168,185,185,208,219,230,230,243,263,263,263,263],"floor_reached":16,"language":"ENG","playtime":1231,"items_purged":[],"score":164,"play_id":"b0b99c1e-3942-44df-8cf4-f54f6c834206","local_time":"20210213001113","is_ascension_mode":true,"campfire_choices":[{"data":"Noxious Fumes","floor":8,"key":"SMITH"},{"data":"Draining Mist","floor":12,"key":"SMITH"},{"data":"Neutralize","floor":15,"key":"SMITH"}],"circlet_count":0,"master_deck":["AscendersBane","Strike_G","Strike_G","Strike_G","Strike_G","Strike_G+1","Defend_G","Defend_G","Defend_G","Defend_G+1","Defend_G","Survivor","Neutralize+1","Setup+1","Noxious Fumes+1","Footwork","Draining Mist+1","Poisoned Stab","Pot Of Greed","Pot Of Greed","Poisoned Stab","Prepared","Calculated Gamble","ReplayTheSpireMod:Scrap Shanks"],"relics":["NeowsBlessing","Sizzling Blood","Simple Rune","Grinning Jar"],"acts_visited":["Exordium"],"potions_floor_usage":[6,6,16,16],"damage_taken":[{"damage":0,"enemies":"2 Louse","floor":1,"turns":1},{"damage":0,"enemies":"Cultist","floor":4,"turns":1},{"damage":0,"enemies":"Jaw Worm","floor":5,"turns":1},{"damage":31,"enemies":"Lagavulin","floor":6,"turns":14},{"damage":23,"enemies":"Large Slime","floor":7,"turns":9},{"damage":5,"enemies":"Red Slaver","floor":10,"turns":3},{"damage":0,"enemies":"Exordium Wildlife","floor":11,"turns":4},{"damage":12,"enemies":"Blue Slaver","floor":13,"turns":3},{"damage":0,"enemies":"2 Fungi Beasts","floor":14,"turns":4},{"damage":37,"enemies":"Slime Boss","floor":16,"turns":7}],"seed_played":"6692256647373947868","potions_obtained":[{"floor":1,"key":"Fruit Juice"},{"floor":4,"key":"Swift Potion"},{"floor":10,"key":"PowerPotion"},{"floor":11,"key":"Flashbang"}],"is_trial":false,"path_per_floor":["M","?","?","M","M","E","M","R","T","M","M","R","M","M","R","B"],"character_chosen":"THE_SILENT","items_purchased":[],"campfire_rested":0,"item_purchase_floors":[],"current_hp_per_floor":[63,67,67,71,74,52,33,33,33,32,36,36,28,32,32,0,0],"gold":263,"neow_bonus":"THREE_ENEMY_KILL","is_daily":false,"chose_seed":false,"campfire_upgraded":3,"win_rate":0.0,"timestamp":1613203873,"path_taken":["M","?","?","M","?","E","M","R","T","?","M","R","?","M","R","BOSS"],"items_purchased_type":[],"build_version":"2020-12-22","purchased_purges":0,"victory":false,"max_hp_per_floor":[70,74,74,74,74,79,79,79,79,79,79,79,79,79,79,79,79],"card_choices":[{"not_picked":["ReplayTheSpireMod:Shiv Toss","Flying Knee"],"picked":"Setup","floor":1},{"not_picked":["Quick Slash","Dagger Throw"],"picked":"Noxious Fumes","floor":4},{"not_picked":["Underhanded Strike","Backflip"],"picked":"Footwork","floor":5},{"not_picked":["Deflect","Cloak And Dagger"],"picked":"Draining Mist","floor":6},{"not_picked":["Slice","PiercingWail"],"picked":"Poisoned Stab","floor":7},{"not_picked":["Cloak And Dagger","Backflip"],"picked":"Poisoned Stab","floor":10},{"not_picked":["Blade Dance","Quick Slash"],"picked":"Prepared","floor":11},{"not_picked":["Doppelganger","Dagger Throw"],"picked":"Calculated Gamble","floor":13},{"not_picked":["Predator","Sneak Up"],"picked":"ReplayTheSpireMod:Scrap Shanks","floor":14}],"player_experience":311327,"relics_obtained":[{"floor":6,"key":"Simple Rune"},{"floor":9,"key":"Grinning Jar"}],"event_choices":[{"damage_healed":0,"gold_gain":0,"player_choice":"Upgraded","damage_taken":0,"max_hp_gain":0,"max_hp_loss":0,"event_name":"Upgrade Shrine","floor":3,"gold_loss":0,"cards_upgraded":["Setup"]}],"is_beta":false,"boss_relics":[],"items_purged_floors":[],"is_endless":false,"potions_floor_spawned":[1,4,10,11,14],"killed_by":"Slime Boss","ascension_level":11}}