{"host":"kpyf5rnb72uwap8k","time":1613220475,"event":{"mods":["AchievementEnabler","BaseMod","Colored Map","Colored Powertips","DeckTracker","Minty Spire (QoL Compilation)","Permanent Neow","Quick Restart","StSLib","SuperFastMode"],"gold_per_floor":[109,129,79,96,108,33,33,46,70,70,70,70,99,112,112,207,207,207,4,4,4,4,4,4,4,4,4,4],"floor_reached":27,"language":"KOR","playtime":520,"items_purged":["Strike_R"],"score":277,"play_id":"810d3383-2781-46f5-be4d-a2dbd029d27e","local_time":"20210213214755","is_ascension_mode":true,"campfire_choices":[{"data":"Combust","floor":7.0,"key":"SMITH"},{"data":"True Grit","floor":12.0,"key":"SMITH"},{"floor":15.0,"key":"REST"},{"data":"Combust","floor":23,"key":"SMITH"},{"floor":25,"key":"REST"}],"circlet_count":0,"master_deck":["Strike_R","Strike_R","Strike_R","Strike_R","Defend_R","Defend_R","Defend_R","Bash","Clash","Flex","Heavy Blade","Combust+1","Seeing Red","True Grit+1","Madness","Corruption","Combust+1","Decay"],"relics":["Runic Cube","Centennial Puzzle","Bag of Marbles","Ectoplasm","Lantern","Question Card"],"acts_visited":["Exordium","TheCity"],"potions_floor_usage":[16,16,16,24],"damage_taken":[{"damage":2.0,"enemies":"2 Louse","floor":1.0,"turns":3.0},{"damage":1.0,"enemies":"Cultist","floor":2.0,"turns":4.0},{"damage":7.0,"enemies":"Jaw Worm","floor":4.0,"turns":3.0},{"damage":15.0,"enemies":"Exordium Wildlife","floor":5.0,"turns":3.0},{"damage":7.0,"enemies":"Exordium Thugs","floor":8.0,"turns":4.0},{"damage":20.0,"enemies":"3 Sentries","floor":13.0,"turns":6.0},{"damage":17.0,"enemies":"Lots of Slimes","floor":14.0,"turns":2.0},{"damage":28,"enemies":"Hexaghost","floor":16,"turns":8},{"damage":2,"enemies":"Chosen","floor":18,"turns":4},{"damage":23,"enemies":"3 Byrds","floor":20,"turns":3},{"damage":51,"enemies":"Slavers","floor":24,"turns":4},{"damage":46,"enemies":"Book of Stabbing","floor":27,"turns":3}],"seed_played":"-2420054523772190248","potions_obtained":[{"floor":2.0,"key":"SkillPotion"},{"floor":5.0,"key":"Block Potion"},{"floor":13.0,"key":"BloodPotion"},{"floor":20,"key":"Dexterity Potion"}],"is_trial":false,"path_per_floor":["M","M","?","M","M","$","R","M","T","?","?","R","E","M","R","B",null,"M","$","M","?","?","R","E","R","T","E"],"character_chosen":"IRONCLAD","items_purchased":["Combust","Combust","Fire Potion"],"campfire_rested":2,"item_purchase_floors":[6,19,19],"current_hp_per_floor":[78,77,77,70,55,55,55,48,48,74,74,74,54,37,61,49,80,78,78,55,55,55,55,4,28,28,0,0],"gold":4,"neow_bonus":"BOSS_RELIC","is_daily":false,"chose_seed":false,"campfire_upgraded":3,"win_rate":0.0,"timestamp":1613220475,"path_taken":["M","M","?","M","M","$","R","M","T","?","?","R","E","M","R","BOSS","M","$","M","?","?","R","E","R","T","E"],"items_purchased_type":["Card","Card","Potion"],"build_version":"2020-12-22","purchased_purges":1,"victory":false,"max_hp_per_floor":[80,80,80,80,80,80,80,80,80,80,80,80,80,80,80,80,80,80,80,80,80,80,80,80,80,80,80,80],"card_choices":[{"not_picked":["Thunderclap","Pommel Strike"],"picked":"Clash","floor":1.0},{"not_picked":["Pommel Strike","Shockwave"],"picked":"Flex","floor":2.0},{"not_picked":["Shrug It Off","Pommel Strike"],"picked":"Heavy Blade","floor":4.0},{"not_picked":["Dark Embrace","Flame Barrier","Iron Wave"],"picked":"SKIP","floor":5.0},{"not_picked":["Shockwave","Corruption"],"picked":"Seeing Red","floor":8.0},{"not_picked":["Anger","Disarm","Heavy Blade"],"picked":"SKIP","floor":13.0},{"not_picked":["Headbutt","Body Slam","Sword Boomerang"],"picked":"SKIP","floor":14.0},{"not_picked":["Bludgeon","Limit Break"],"picked":"Corruption","floor":16},{"not_picked":["Whirlwind","Iron Wave","Body Slam+1"],"picked":"SKIP","floor":18},{"not_picked":["Havoc+1","Headbutt","Anger"],"picked":"SKIP","floor":20},{"not_picked":["Perfected Strike","Dropkick","Shrug It Off"],"picked":"SKIP","floor":24}],"player_experience":268878,"relics_obtained":[{"floor":9.0,"key":"Centennial Puzzle"},{"floor":13.0,"key":"Bag of Marbles"},{"floor":24,"key":"Lantern"},{"floor":26,"key":"Question Card"}],"event_choices":[{"cards_removed":["Defend_R"],"damage_healed":0.0,"max_hp_gain":0.0,"max_hp_loss":0.0,"gold_gain":0.0,"event_name":"The Cleric","player_choice":"Card Removal","floor":3.0,"gold_loss":50.0,"damage_taken":0.0},{"damage_healed":26.0,"max_hp_gain":0.0,"max_hp_loss":0.0,"gold_gain":0.0,"event_name":"Big Fish","player_choice":"Banana","floor":10.0,"gold_loss":0.0,"damage_taken":0.0},{"damage_healed":0.0,"max_hp_gain":0.0,"max_hp_loss":0.0,"gold_gain":0.0,"event_name":"Match and Keep!","player_choice":"2 cards matched","floor":11.0,"gold_loss":0.0,"damage_taken":0.0,"cards_obtained":["True Grit","Madness"]},{"damage_healed":0,"gold_gain":0,"player_choice":"Smashed Altar","damage_taken":0,"max_hp_gain":0,"max_hp_loss":0,"event_name":"Forgotten Altar","floor":21,"gold_loss":0,"cards_obtained":["Decay"]},{"damage_healed":0,"gold_gain":99,"player_choice":"Stole From Cult","damage_taken":0,"max_hp_gain":0,"max_hp_loss":0,"event_name":"Nest","floor":22,"gold_loss":0}],"is_beta":false,"boss_relics":[{"not_picked":["Runic Dome","Sozu"],"picked":"Ectoplasm"}],"items_purged_floors":[19],"is_endless":false,"potions_floor_spawned":[2,5,13,14,20],"killed_by":"Book of Stabbing","ascension_level":4}}