{"host":"qz0goigh82dax5l2","time":1613199534,"event":{"mods":["Act Like it!","Alarm Clock","BaseMod","Hallownest","Minty Spire (QoL Compilation)","StSLib"],"gold_per_floor":[115,115,115,155,48,48,83,3,28,63,76,76,109,119,119,221,221,241,241,241,91,556,556,583,583,583,596,609,609,636,636,636,732,732,751,768,781,781,23,49,49,49,49,62,93,108,140,140,140,140],"floor_reached":51,"language":"ZHS","playtime":2026,"items_purged":[],"score":945,"play_id":"f586dc2f-04c4-4b90-a1d5-601ec3039fbe","local_time":"20210213145854","is_ascension_mode":true,"campfire_choices":[{"data":"Zap","floor":6,"key":"SMITH"},{"data":"Reinforced Body","floor":12,"key":"SMITH"},{"floor":15,"key":"REST"},{"data":"White Noise","floor":23,"key":"SMITH"},{"floor":32,"key":"REST"},{"floor":42,"key":"REST"},{"floor":49,"key":"REST"}],"circlet_count":0,"master_deck":["Strike_B","Strike_B","Strike_B","Defend_B","Defend_B","Defend_B","Defend_B","Zap+1","Dualcast","Aggregate","Streamline","Madness","Cold Snap","Storm","Blizzard","Chaos","Reinforced Body+1","Conserve Battery","Defragment","Capacitor","Rebound","White Noise+1","Electrodynamics+1","Barrage","Static Discharge","Double Energy","Go for the Eyes","Static Discharge","Compile Driver","Hallownest:pwrSporeShroom","Sweeping Beam","Electrodynamics","Streamline+1","Conserve Battery+1","Consume+1","Glacier","Panache","Doom and Gloom","Static Discharge","Force Field+1","Beam Cell+1","Recycle+1","Stack+1","Glacier"],"relics":["Cracked Core","Ice Cream","Bronze Scales","Centennial Puzzle","Juzu Bracelet","Busted Crown","Orichalcum","Mummified Hand","Meat on the Bone","Fusion Hammer","HandDrill","Cables","Incense Burner","Hallownest:HeavyBlowRelic","InkBottle","Omamori","Kunai","Hallownest:BeastSealRelic"],"acts_visited":["Exordium","Hallownest:Greenpath","Hallownest:CityofTears"],"potions_floor_usage":[16,33,33,33,46,46,47,50],"damage_taken":[{"damage":0,"enemies":"2_ Uuma","floor":1,"turns":1},{"damage":0,"enemies":"Hallownest:eliteCrystalGuardian","floor":7,"turns":1},{"damage":0,"enemies":"Hallownest:eliteMossKnight","floor":10,"turns":1},{"damage":4,"enemies":"Hallownest:monsterHuskWarrior","floor":11,"turns":3},{"damage":8,"enemies":"Hallownest:eliteVengeflyKing","floor":13,"turns":7},{"damage":7,"enemies":"Hallownest:monsterHuskGuard","floor":14,"turns":4},{"damage":39,"enemies":"Hallownest:BossFalseKnight","floor":16,"turns":8},{"damage":11,"enemies":"Hallownest:3_Youths","floor":18,"turns":4},{"damage":17,"enemies":"Hallownest:eliteSoulWarrior","floor":24,"turns":6},{"damage":0,"enemies":"Hallownest:Flukemon_and_Top","floor":27,"turns":4},{"damage":11,"enemies":"Hallownest:2_Husk_Sentries","floor":28,"turns":3},{"damage":6,"enemies":"Hallownest:Nosk","floor":30,"turns":5},{"damage":13,"enemies":"Hallownest:BossGrimm","floor":33,"turns":8},{"damage":9,"enemies":"Hallownest:3_Siblings","floor":35,"turns":3},{"damage":15,"enemies":"Hallownest:Shield_Heavy","floor":36,"turns":3},{"damage":5,"enemies":"Hallownest:2_Great","floor":37,"turns":4},{"damage":0,"enemies":"Hallownest:StalkingDevout","floor":40,"turns":4},{"damage":5,"enemies":"Hallownest:2_Wing_and_1_Kings","floor":44,"turns":3},{"damage":11,"enemies":"Hallownest:eliteHiveKnight","floor":45,"turns":5},{"damage":2,"enemies":"Hallownest:monsterPrimalAspid","floor":46,"turns":3},{"damage":7,"enemies":"Hallownest:StalkingDevout","floor":47,"turns":5},{"damage":31,"enemies":"Hallownest:BossGreyPrinceZote","floor":50,"turns":7}],"seed_played":"-6644690803475183621","potions_obtained":[{"floor":1,"key":"LiquidBronze"},{"floor":14,"key":"GamblersBrew"},{"floor":24,"key":"FearPotion"},{"floor":27,"key":"AttackPotion"},{"floor":37,"key":"BlessingOfTheForge"},{"floor":40,"key":"Block Potion"},{"floor":45,"key":"Block Potion"},{"floor":47,"key":"EssenceOfSteel"}],"is_trial":false,"path_per_floor":["M","?","?","?","$","R","E","$","T","E","M","R","E","M","R","B",null,"M","?","?","$","?","R","E","T","T","M","M","?","E","?","R","B",null,"M","M","M","?","$","E","?","R","T","M","E","M","E","?","R","B",null],"character_chosen":"DEFECT","items_purchased":["Storm","Blizzard","Reinforced Body","Conserve Battery","Static Discharge","Double Energy","HandDrill","Cables","Glacier","Panache","Doom and Gloom","Static Discharge"],"campfire_rested":4,"item_purchase_floors":[5,5,8,8,21,21,39,39,39,39,39,39],"current_hp_per_floor":[75,75,75,75,75,75,75,75,75,75,71,71,63,56,75,36,75,64,64,75,75,75,75,58,58,58,58,47,47,41,41,63,52,75,66,51,46,42,42,44,44,66,66,61,50,48,45,45,67,38],"gold":140,"neow_bonus":"THREE_ENEMY_KILL","is_daily":false,"chose_seed":false,"campfire_upgraded":3,"win_rate":0.0,"timestamp":1613199534,"path_taken":["M","?","?","?","$","R","E","?","T","E","?","R","E","M","R","BOSS","M","?","?","$","?","R","E","?","T","M","M","?","E","?","R","BOSS","M","M","M","?","$","E","?","R","T","M","E","M","E","?","R","BOSS"],"items_purchased_type":["Card","Card","Card","Card","Card","Card","Relic","Relic","Card","Card","Card","Card"],"build_version":"2020-12-22","purchased_purges":0,"victory":true,"max_hp_per_floor":[75,75,75,75,75,75,75,75,75,75,75,75,75,75,75,75,75,75,75,75,75,75,75,75,75,75,75,75,75,75,75,75,75,75,75,75,75,75,75,75,75,75,75,75,75,75,75,75,75,75],"card_choices":[{"not_picked":["Fusion","Streamline"],"picked":"Aggregate","floor":1},{"not_picked":["Mayhem","Violence"],"picked":"Madness","floor":3},{"not_picked":["Gash","Go for the Eyes"],"picked":"Cold Snap","floor":3},{"not_picked":["Coolheaded","Streamline"],"picked":"Chaos","floor":7},{"not_picked":["Compile Driver","Reprogram"],"picked":"Defragment","floor":10},{"not_picked":["Cold Snap","Go for the Eyes"],"picked":"Capacitor","floor":11},{"not_picked":["Lockon","Gash"],"picked":"Rebound","floor":13},{"not_picked":["Rebound","Double Energy"],"picked":"White Noise","floor":14},{"not_picked":["Fission","Multi-Cast"],"picked":"Electrodynamics","floor":16},{"not_picked":[],"picked":"Barrage","floor":18},{"not_picked":[],"picked":"Go for the Eyes","floor":24},{"not_picked":[],"picked":"Static Discharge","floor":27},{"not_picked":[],"picked":"Compile Driver","floor":28},{"not_picked":[],"picked":"Sweeping Beam","floor":30},{"not_picked":[],"picked":"Electrodynamics","floor":33},{"not_picked":[],"picked":"Streamline+1","floor":35},{"not_picked":[],"picked":"Conserve Battery+1","floor":36},{"not_picked":[],"picked":"Consume+1","floor":37},{"not_picked":[],"picked":"Force Field+1","floor":40},{"not_picked":[],"picked":"Beam Cell+1","floor":44},{"not_picked":[],"picked":"Recycle+1","floor":45},{"not_picked":[],"picked":"Stack+1","floor":46},{"not_picked":[],"picked":"Glacier","floor":47}],"player_experience":72097,"relics_obtained":[{"floor":7,"key":"Ice Cream"},{"floor":9,"key":"Bronze Scales"},{"floor":10,"key":"Centennial Puzzle"},{"floor":13,"key":"Juzu Bracelet"},{"floor":24,"key":"Orichalcum"},{"floor":26,"key":"Mummified Hand"},{"floor":30,"key":"Meat on the Bone"},{"floor":40,"key":"Incense Burner"},{"floor":43,"key":"InkBottle"},{"floor":45,"key":"Omamori"},{"floor":47,"key":"Kunai"}],"event_choices":[],"is_beta":false,"boss_relics":[{"not_picked":["Velvet Choker","Ectoplasm"],"picked":"Busted Crown"},{"not_picked":["Tiny House","Coffee Dripper"],"picked":"Fusion Hammer"}],"items_purged_floors":[],"is_endless":false,"potions_floor_spawned":[1,14,24,27,37,40,45,47],"ascension_level":1}}