{"host":"Jackie","time":1613192075,"event":{"mods":["BaseMod","Highlight Path","Minty Spire (QoL Compilation)","Relic Stats","Slay the Relics Exporter","StSLib","Twitch Decklist"],"gold_per_floor":[112,28,45,63,78,78,109,109,109,109,141,51,51,69,69,144,144,156,156,156],"floor_reached":19,"language":"ENG","playtime":1973,"items_purged":[],"score":354,"play_id":"efcaf1e3-a9d0-4fac-991e-575dcfd9bbea","local_time":"20210212205435","is_ascension_mode":true,"campfire_choices":[{"data":"Eruption","floor":6.0,"key":"SMITH"},{"data":"EmptyFist","floor":8.0,"key":"SMITH"},{"data":"MentalFortress","floor":13.0,"key":"SMITH"},{"data":"JustLucky","floor":15.0,"key":"SMITH"}],"circlet_count":0,"master_deck":["AscendersBane","Strike_P","Strike_P","Strike_P","Strike_P","Defend_P","Defend_P","Defend_P+1","Defend_P","Eruption+1","Vigilance","EmptyFist+1","JustLucky+1","BattleHymn","Crescendo","EmptyBody","Consecrate","MentalFortress+1","Adaptation","WaveOfTheHand","LessonLearned"],"relics":["Coffee Dripper","Blood Vial","Orichalcum","The Courier","White Beast Statue","Sozu"],"acts_visited":["Exordium","TheCity"],"potions_floor_usage":[19],"damage_taken":[{"damage":0.0,"enemies":"Cultist","floor":1.0,"turns":2.0},{"damage":5.0,"enemies":"2 Louse","floor":3.0,"turns":2.0},{"damage":3.0,"enemies":"Small Slimes","floor":4.0,"turns":2.0},{"damage":2.0,"enemies":"Red Slaver","floor":5.0,"turns":2.0},{"damage":17.0,"enemies":"3 Sentries","floor":7.0,"turns":6.0},{"damage":6.0,"enemies":"Gremlin Nob","floor":11.0,"turns":3.0},{"damage":7.0,"enemies":"Exordium Thugs","floor":14.0,"turns":4.0},{"damage":7.0,"enemies":"The Guardian","floor":16.0,"turns":8.0},{"damage":25.0,"enemies":"Spheric Guardian","floor":18.0,"turns":5.0},{"damage":42,"enemies":"Masked Bandits","floor":19,"turns":3}],"seed_played":"8133286619933707424","potions_obtained":[{"floor":4.0,"key":"EntropicBrew"},{"floor":16.0,"key":"LiquidMemories"}],"is_trial":false,"path_per_floor":["M","$","M","M","M","R","E","R","T","T","E","$","R","M","R","B",null,"M","?"],"character_chosen":"WATCHER","items_purchased":["Regen Potion","MentalFortress","Adaptation"],"campfire_rested":0,"item_purchase_floors":[2,12,12],"current_hp_per_floor":[61,61,56,53,51,51,49,49,49,49,45,45,45,40,40,35,60,37,0,0],"gold":156,"neow_bonus":"BOSS_RELIC","is_daily":false,"chose_seed":false,"campfire_upgraded":4,"win_rate":0.0,"timestamp":1613192075,"path_taken":["M","$","?","M","M","R","E","R","T","?","E","?","R","?","R","BOSS","M","?"],"items_purchased_type":["Potion","Card","Card"],"build_version":"2020-12-18","purchased_purges":0,"victory":false,"max_hp_per_floor":[68,68,68,68,68,68,68,68,68,68,68,68,68,68,68,68,68,68,68,68],"relic_stats":{"Blood Vial":10,"Sozu":0,"counters":[10,37],"Orichalcum":[24],"obtain_stats":[{"Blood Vial":7,"Sozu":17,"The Courier":10,"Coffee Dripper":0,"PureWater":0,"Orichalcum":9,"White Beast Statue":11},{"Blood Vial":5,"Sozu":8,"The Courier":5,"Coffee Dripper":0,"PureWater":0,"Orichalcum":5,"White Beast Statue":6},{"Blood Vial":14,"Sozu":29,"The Courier":14,"Coffee Dripper":0,"PureWater":0,"Orichalcum":14,"White Beast Statue":17}]},"card_choices":[{"not_picked":["Crescendo","Swivel"],"picked":"EmptyFist","floor":1.0},{"not_picked":["ThirdEye","PathToVictory"],"picked":"JustLucky","floor":3.0},{"not_picked":["Swivel","LikeWater"],"picked":"BattleHymn","floor":4.0},{"not_picked":["ForeignInfluence","Protect"],"picked":"Crescendo","floor":5.0},{"not_picked":["CrushJoints","WreathOfFlame"],"picked":"EmptyBody","floor":7.0},{"not_picked":["BattleHymn","DeceiveReality"],"picked":"Consecrate","floor":11.0},{"not_picked":["EmptyFist","WindmillStrike"],"picked":"WaveOfTheHand","floor":14.0},{"not_picked":["Scrawl","Wish"],"picked":"LessonLearned","floor":16.0},{"not_picked":["Swivel","Evaluate","Worship"],"picked":"SKIP","floor":18.0}],"player_experience":2221791,"relics_obtained":[{"floor":7.0,"key":"Blood Vial"},{"floor":9.0,"key":"Orichalcum"},{"floor":10.0,"key":"The Courier"},{"floor":11.0,"key":"White Beast Statue"}],"event_choices":[{"damage_healed":0,"gold_gain":0,"player_choice":"Fought Bandits","damage_taken":0,"max_hp_gain":0,"max_hp_loss":0,"event_name":"Masked Bandits","floor":19,"gold_loss":0}],"is_beta":true,"boss_relics":[{"not_picked":["Runic Dome","SlaversCollar"],"picked":"Sozu"}],"items_purged_floors":[],"is_endless":false,"potions_floor_spawned":[4,5,14,16,18],"killed_by":"Masked Bandits","ascension_level":20}}