{"host":"42xf941fomyavgzy","time":1613211747,"event":{"mods":["Act Like it!","Astrologer","BaseMod","Colored Map","Minty Spire (QoL Compilation)","Shop Mod","StSLib","SuperFastMode","The Cursed"],"gold_per_floor":[115,132,149,4,23,23,35,60,83,94,94,94,94,110,110,110,110],"floor_reached":16,"language":"JPN","playtime":667,"items_purged":[],"score":140,"play_id":"2752c135-1dda-42af-a1eb-490ee8c86d16","local_time":"20210213192227","is_ascension_mode":true,"campfire_choices":[{"data":"Bash","floor":6,"key":"SMITH"},{"data":"Perfected Strike","floor":11,"key":"SMITH"},{"data":"Immolate","floor":13,"key":"SMITH"},{"data":"Inflame","floor":15,"key":"SMITH"}],"circlet_count":0,"master_deck":["Strike_R","Strike_R","Strike_R","Strike_R","Strike_R","Defend_R","Defend_R","Defend_R","Bash+1","Barricade","Perfected Strike+1","Thunderclap","Shrug It Off","Reaper","Fire Breathing","Pommel Strike","Clothesline","Dual Wield","Immolate+1","Inflame+1"],"relics":["Burning Blood","Potion Belt","Smiling Mask"],"acts_visited":["Exordium"],"potions_floor_usage":[7,16],"damage_taken":[{"damage":8,"enemies":"Jaw Worm","floor":1,"turns":5},{"damage":6,"enemies":"2 Louse","floor":2,"turns":3},{"damage":6,"enemies":"Cultist","floor":3,"turns":4},{"damage":46,"enemies":"Exordium Wildlife","floor":5,"turns":10},{"damage":26,"enemies":"Lots of Slimes","floor":7,"turns":5},{"damage":18,"enemies":"Gremlin Nob","floor":8,"turns":4},{"damage":2,"enemies":"2 Fungi Beasts","floor":10,"turns":3},{"damage":17,"enemies":"Gremlin Gang","floor":14,"turns":2},{"damage":36,"enemies":"The Guardian","floor":16,"turns":2}],"seed_played":"-1431405944517414786","potions_obtained":[{"floor":5,"key":"Block Potion"},{"floor":8,"key":"ElixirPotion"},{"floor":10,"key":"GamblersBrew"},{"floor":14,"key":"SmokeBomb"}],"is_trial":false,"path_per_floor":["M","M","M","$","M","R","M","E","T","M","R","?","R","M","R","B"],"character_chosen":"IRONCLAD","items_purchased":["Reaper"],"campfire_rested":0,"item_purchase_floors":[4],"current_hp_per_floor":[70,70,70,70,38,38,33,21,21,25,25,25,25,30,30,0,0],"gold":110,"neow_bonus":"ONE_RANDOM_RARE_CARD","is_daily":false,"chose_seed":false,"campfire_upgraded":4,"win_rate":0.0,"timestamp":1613211747,"path_taken":["M","M","M","$","M","R","M","E","T","M","R","?","R","M","R","BOSS"],"items_purchased_type":["Card"],"build_version":"2020-12-22","purchased_purges":0,"victory":false,"max_hp_per_floor":[80,80,80,80,80,80,80,80,80,80,80,80,80,80,80,80,80],"card_choices":[{"not_picked":["Twin Strike","Warcry"],"picked":"Perfected Strike","floor":1},{"not_picked":["Twin Strike","Searing Blow"],"picked":"Thunderclap","floor":2},{"not_picked":["Cleave","Sword Boomerang"],"picked":"Shrug It Off","floor":3},{"not_picked":["Flex","Thunderclap"],"picked":"Fire Breathing","floor":5},{"not_picked":["Brutality","Entrench"],"picked":"Pommel Strike","floor":7},{"not_picked":["Bloodletting","Blood for Blood"],"picked":"Clothesline","floor":8},{"not_picked":["Havoc","Warcry"],"picked":"Dual Wield","floor":10},{"not_picked":["Havoc","Flex"],"picked":"Inflame","floor":14}],"player_experience":479704,"relics_obtained":[{"floor":8,"key":"Potion Belt"},{"floor":9,"key":"Smiling Mask"}],"event_choices":[{"damage_healed":0,"gold_gain":0,"cards_transformed":["Defend_R"],"player_choice":"Change","damage_taken":0,"max_hp_gain":0,"max_hp_loss":0,"event_name":"Living Wall","floor":12,"gold_loss":0,"cards_obtained":["Immolate"]}],"is_beta":false,"boss_relics":[],"items_purged_floors":[],"is_endless":false,"potions_floor_spawned":[5,8,10,14],"killed_by":"The Guardian","ascension_level":7}}