{"host":"7l2t4psy44vpcd9q","time":1613228911,"event":{"mods":["AchievementEnabler","BaseMod","DeckTracker","Minty Spire (QoL Compilation)","SuperFastMode"],"gold_per_floor":[118,132,152,152,171,201,201,201,201,201,217,217,243,259,259,336,336,356,356,367,379,379,379,379],"floor_reached":23,"language":"KOR","playtime":672,"items_purged":[],"score":406,"play_id":"fe4896cd-e840-4921-bf0b-a64025eb4f1a","local_time":"20210214000831","is_ascension_mode":true,"campfire_choices":[{"floor":7,"key":"REST"},{"data":"Bludgeon","floor":10,"key":"SMITH"},{"floor":15,"key":"REST"}],"circlet_count":0,"master_deck":["AscendersBane","Strike_R+1","Strike_R+1","Strike_R+1","Strike_R+1","Defend_R+1","Defend_R+1","Defend_R+1","Defend_R+1","Bash","Bludgeon+1","Ghostly Armor","Blood for Blood","Metallicize","Cleave","Evolve","Feed","Inflame","Fiend Fire","Bloodletting","Ghostly Armor+1"],"relics":["Burning Blood","Potion Belt","Blood Vial","Darkstone Periapt","Black Star"],"acts_visited":["Exordium","TheCity"],"potions_floor_usage":[13,14,16,16,16,16,16,18,20,21,21,21],"damage_taken":[{"damage":4,"enemies":"Small Slimes","floor":1,"turns":3},{"damage":2,"enemies":"Jaw Worm","floor":2,"turns":2},{"damage":6,"enemies":"Cultist","floor":3,"turns":3},{"damage":11,"enemies":"2 Fungi Beasts","floor":5,"turns":4},{"damage":26,"enemies":"Gremlin Nob","floor":6,"turns":4},{"damage":13,"enemies":"Blue Slaver","floor":11,"turns":2},{"damage":10,"enemies":"3 Sentries","floor":13,"turns":6},{"damage":21,"enemies":"Exordium Thugs","floor":14,"turns":5},{"damage":4,"enemies":"The Guardian","floor":16,"turns":9},{"damage":0,"enemies":"Chosen","floor":18,"turns":3},{"damage":33,"enemies":"Spheric Guardian","floor":20,"turns":4},{"damage":30,"enemies":"Snake Plant","floor":21,"turns":4},{"damage":26,"enemies":"Slavers","floor":23,"turns":2}],"seed_played":"1095081991910996644","potions_obtained":[{"floor":1,"key":"EssenceOfSteel"},{"floor":2,"key":"CultistPotion"},{"floor":6,"key":"Explosive Potion"},{"floor":11,"key":"Fire Potion"},{"floor":13,"key":"EntropicBrew"},{"floor":16,"key":"SteroidPotion"},{"floor":18,"key":"BloodPotion"},{"floor":20,"key":"CultistPotion"}],"is_trial":false,"path_per_floor":["M","M","M","?","M","E","R","?","T","R","M","?","E","M","R","B",null,"M","?","M","M","?","E"],"character_chosen":"IRONCLAD","items_purchased":[],"campfire_rested":2,"item_purchase_floors":[],"current_hp_per_floor":[68,68,68,48,43,23,43,43,43,43,38,38,36,23,43,47,63,68,49,38,16,16,0,0],"gold":379,"neow_bonus":"THREE_RARE_CARDS","is_daily":false,"chose_seed":false,"campfire_upgraded":1,"win_rate":0.0,"timestamp":1613228911,"path_taken":["M","M","M","?","M","E","R","?","T","R","M","?","E","M","R","BOSS","M","?","M","M","?","E"],"items_purchased_type":[],"build_version":"2020-12-22","purchased_purges":0,"victory":false,"max_hp_per_floor":[68,68,68,68,68,68,68,68,68,68,68,68,68,68,68,68,68,68,73,73,73,73,73,73],"card_choices":[{"not_picked":["Berserk","Demon Form"],"picked":"Bludgeon","floor":0},{"not_picked":["Sever Soul","Feel No Pain"],"picked":"Ghostly Armor","floor":1},{"not_picked":["Entrench","Body Slam"],"picked":"Blood for Blood","floor":2},{"not_picked":["Dark Embrace","Sword Boomerang"],"picked":"Metallicize","floor":3},{"not_picked":["Shrug It Off","Clash"],"picked":"Cleave","floor":5},{"not_picked":["Wild Strike","Fire Breathing"],"picked":"Evolve","floor":6},{"not_picked":["Twin Strike","Clash","Demon Form"],"picked":"SKIP","floor":11},{"not_picked":["Rampage","Clash","Second Wind"],"picked":"SKIP","floor":13},{"not_picked":["Pommel Strike","Metallicize"],"picked":"Inflame","floor":14},{"not_picked":["Feed","Corruption"],"picked":"Fiend Fire","floor":16},{"not_picked":["Flex","Headbutt"],"picked":"Bloodletting","floor":18},{"not_picked":["Perfected Strike","Hemokinesis","Wild Strike"],"picked":"SKIP","floor":20},{"not_picked":["Rampage","Warcry"],"picked":"Ghostly Armor+1","floor":21}],"player_experience":1297694,"relics_obtained":[{"floor":6,"key":"Potion Belt"},{"floor":9,"key":"Blood Vial"},{"floor":13,"key":"Darkstone Periapt"}],"event_choices":[{"damage_healed":0,"gold_gain":0,"player_choice":"Entered Light","damage_taken":20,"max_hp_gain":0,"max_hp_loss":0,"event_name":"Shining Light","floor":4,"gold_loss":0,"cards_upgraded":["Strike_R","Defend_R"]},{"damage_healed":0,"gold_gain":0,"cards_transformed":["Strike_R"],"player_choice":"Change","damage_taken":0,"max_hp_gain":0,"max_hp_loss":0,"event_name":"Living Wall","floor":8,"gold_loss":0,"cards_obtained":["Feed"]},{"damage_healed":0,"gold_gain":0,"player_choice":"Ignored","damage_taken":0,"max_hp_gain":0,"max_hp_loss":0,"event_name":"Liars Game","floor":12,"gold_loss":0},{"damage_healed":0,"gold_gain":0,"player_choice":"Shed Blood","damage_taken":24,"max_hp_gain":5,"max_hp_loss":0,"event_name":"Forgotten Altar","floor":19,"gold_loss":0},{"damage_healed":0,"gold_gain":0,"player_choice":"Simplicity","damage_taken":0,"max_hp_gain":0,"max_hp_loss":0,"event_name":"Back to Basics","floor":22,"gold_loss":0,"cards_upgraded":["Strike_R","Strike_R","Strike_R","Defend_R","Defend_R","Defend_R"]}],"is_beta":false,"boss_relics":[{"not_picked":["Pandora\u0027s Box","Calling Bell"],"picked":"Black Star"}],"items_purged_floors":[],"is_endless":false,"potions_floor_spawned":[1,2,6,11,13,16,18,20],"killed_by":"Slavers","ascension_level":20}}