{"host":"d6wf115srx44kjxl","time":1613195259,"event":{"mods":["BaseMod","Minty Spire (QoL Compilation)","Quick Restart"],"gold_per_floor":[112,112,45,58,68,99,99,99,99,111,111,111],"floor_reached":11,"language":"ENG","playtime":394,"items_purged":[],"score":117,"play_id":"ff42061b-64db-4d17-84a5-e83ba0fbaf42","local_time":"20210213164739","is_ascension_mode":true,"campfire_choices":[{"data":"Defragment","floor":7,"key":"SMITH"}],"circlet_count":0,"master_deck":["AscendersBane","Strike_B","Strike_B","Strike_B","Strike_B","Defend_B","Defend_B","Defend_B","Defend_B","Zap","Dualcast","Coolheaded","Defragment+1","Redo","Genetic Algorithm","Lockon","Doubt","PanicButton","Zap","Loop"],"relics":["Cracked Core","NeowsBlessing","Pear","White Beast Statue"],"acts_visited":[],"potions_floor_usage":[6],"damage_taken":[{"damage":0,"enemies":"2 Louse","floor":1,"turns":1},{"damage":0,"enemies":"Cultist","floor":4,"turns":1},{"damage":0,"enemies":"Jaw Worm","floor":5,"turns":1},{"damage":29,"enemies":"Lagavulin","floor":6,"turns":8},{"damage":4,"enemies":"3 Louse","floor":10,"turns":4},{"damage":60,"enemies":"Gremlin Nob","floor":11,"turns":4}],"seed_played":"6896700549219595464","potions_obtained":[{"floor":2,"key":"PowerPotion"},{"floor":2,"key":"Explosive Potion"},{"floor":10,"key":"Fire Potion"}],"is_trial":false,"path_per_floor":["M","?","$","M","M","E","R","?","T","M","E"],"character_chosen":"DEFECT","items_purchased":["Defragment"],"campfire_rested":0,"item_purchase_floors":[3],"current_hp_per_floor":[68,68,68,68,68,49,49,49,49,45,0,0],"gold":111,"neow_bonus":"THREE_ENEMY_KILL","is_daily":false,"chose_seed":false,"campfire_upgraded":1,"win_rate":0.0,"timestamp":1613195259,"path_taken":["M","?","?","M","M","E","R","?","T","?","E"],"items_purchased_type":["Card"],"build_version":"2020-12-22","purchased_purges":0,"victory":false,"max_hp_per_floor":[75,75,75,75,75,85,85,85,85,85,85,85],"card_choices":[{"not_picked":["Beam Cell","Sweeping Beam"],"picked":"Coolheaded","floor":1},{"not_picked":["Leap","Gash"],"picked":"Redo","floor":4},{"not_picked":["Cold Snap","Scrape"],"picked":"Genetic Algorithm","floor":5},{"not_picked":["Loop","BootSequence"],"picked":"Lockon","floor":6},{"not_picked":["Undo","Aggregate"],"picked":"Loop","floor":10}],"player_experience":480858,"relics_obtained":[{"floor":6,"key":"Pear"},{"floor":9,"key":"White Beast Statue"}],"event_choices":[{"damage_healed":0,"gold_gain":0,"player_choice":"Got Potions","damage_taken":0,"max_hp_gain":0,"max_hp_loss":0,"event_name":"Lab","floor":2,"gold_loss":0},{"damage_healed":0,"gold_gain":0,"player_choice":"3 cards matched","damage_taken":0,"max_hp_gain":0,"max_hp_loss":0,"event_name":"Match and Keep!","floor":8,"gold_loss":0,"cards_obtained":["Doubt","PanicButton","Zap"]}],"is_beta":false,"boss_relics":[],"items_purged_floors":[],"is_endless":false,"potions_floor_spawned":[5,10],"killed_by":"Gremlin Nob","ascension_level":12}}