{"host":"c3lc60y5x60jlt1y","time":1613224560,"event":{"mods":["AchievementEnabler","BaseMod","Bestiary","Colored Map","Minty Spire (QoL Compilation)","Quick Restart","StSLib","ojb\u0027s Info Mod"],"gold_per_floor":[110,125,125,12,12,12,45,62,86,112,143,188,200,228,240,252,252],"floor_reached":16,"language":"ENG","playtime":447,"items_purged":[],"score":274,"play_id":"f41cb487-f6f2-4bde-837a-8c91e3a39111","local_time":"20210213155600","is_ascension_mode":true,"campfire_choices":[{"data":"Doom and Gloom","floor":6.0,"key":"SMITH"},{"data":"Lockon","floor":13,"key":"SMITH"},{"floor":15,"key":"REST"}],"circlet_count":0,"master_deck":["AscendersBane","Strike_B","Strike_B","Strike_B","Defend_B","Defend_B","Defend_B","Defend_B","Zap","Dualcast","Aggregate","Doom and Gloom+1","Defragment","Fusion","Rip and Tear","Compile Driver","Sunder","Lockon+1","Coolheaded","Force Field"],"relics":["Cracked Core","NeowsBlessing","Boot","MawBank","Pen Nib"],"acts_visited":["Exordium"],"potions_floor_usage":[11,12,16],"damage_taken":[{"damage":0.0,"enemies":"Jaw Worm","floor":1.0,"turns":1.0},{"damage":0.0,"enemies":"2 Louse","floor":2.0,"turns":1.0},{"damage":0.0,"enemies":"Lagavulin","floor":7.0,"turns":1.0},{"damage":1.0,"enemies":"Cultist","floor":8.0,"turns":3.0},{"damage":24.0,"enemies":"Lots of Slimes","floor":10.0,"turns":3.0},{"damage":1,"enemies":"2 Fungi Beasts","floor":11,"turns":2},{"damage":11,"enemies":"Gremlin Nob","floor":12,"turns":3},{"damage":27,"enemies":"Exordium Wildlife","floor":14,"turns":4},{"damage":30,"enemies":"Hexaghost","floor":16,"turns":7}],"seed_played":"5069216491870283348","potions_obtained":[{"floor":2.0,"key":"BlessingOfTheForge"},{"floor":10.0,"key":"SkillPotion"},{"floor":14,"key":"ColorlessPotion"}],"is_trial":false,"path_per_floor":["M","M","?","$","?","R","E","M","T","M","M","E","R","M","R","B"],"character_chosen":"DEFECT","items_purchased":["Defragment","Fusion"],"campfire_rested":1,"item_purchase_floors":[4,4],"current_hp_per_floor":[64,64,69,69,69,69,69,68,68,44,43,32,32,5,27,0,0],"gold":252,"neow_bonus":"THREE_ENEMY_KILL","is_daily":false,"chose_seed":false,"campfire_upgraded":2,"win_rate":0.0,"timestamp":1613224560,"path_taken":["M","M","?","$","?","R","E","?","T","M","M","E","R","M","R","BOSS"],"items_purchased_type":["Card","Card"],"build_version":"2020-12-22","purchased_purges":0,"victory":false,"max_hp_per_floor":[71,71,76,76,76,76,76,76,76,76,76,76,76,76,76,76,76],"card_choices":[{"not_picked":["Rebound","Go for the Eyes"],"picked":"Aggregate","floor":1.0},{"not_picked":["Hologram","Cold Snap"],"picked":"Doom and Gloom","floor":2.0},{"not_picked":["Fusion","Go for the Eyes"],"picked":"Rip and Tear","floor":7.0},{"not_picked":["Barrage","Gash"],"picked":"Compile Driver","floor":8.0},{"not_picked":["Compile Driver","Barrage"],"picked":"Sunder","floor":10.0},{"not_picked":["Sunder","Gash"],"picked":"Lockon","floor":11},{"not_picked":["Streamline","Recycle"],"picked":"Coolheaded","floor":12},{"not_picked":["Defragment","Cold Snap"],"picked":"Force Field","floor":14}],"player_experience":9256873,"relics_obtained":[{"floor":7.0,"key":"Boot"},{"floor":9.0,"key":"MawBank"},{"floor":12,"key":"Pen Nib"}],"event_choices":[{"damage_healed":0.0,"max_hp_gain":5.0,"max_hp_loss":0.0,"gold_gain":0.0,"event_name":"Big Fish","player_choice":"Donut","floor":3.0,"gold_loss":0.0,"damage_taken":0.0},{"cards_removed":["Strike_B"],"damage_healed":0.0,"max_hp_gain":0.0,"max_hp_loss":0.0,"gold_gain":0.0,"event_name":"Bonfire Elementals","player_choice":"Offered Basic","floor":5.0,"gold_loss":0.0,"damage_taken":0.0}],"is_beta":false,"boss_relics":[],"items_purged_floors":[],"is_endless":false,"potions_floor_spawned":[2,10,14],"killed_by":"Hexaghost","ascension_level":20}}