{"host":"iwx63wjdqe91ab4t","time":1613233478,"event":{"mods":["AchievementEnabler","Act Like it!","Aspiration","BaseMod","BetterRewards","Downfall","Friendly Minions","Hermit","Hubris","Infinite Spire","Jorbs\u0027s Wanderer Trilogy","Marisa????????","Mimic Mod","Minty Spire (QoL Compilation)","Quick Restart","Reliquary","Replay The Spire","StSLib","The Bug Knight","The Construct","The Cursed","The Disciple","The Hierophant","The Jungle","The Necromancer","The Runesmith","The Servant 0.9.4"],"gold_per_floor":[99,119,139,156,66,98,98,98,109,139,54,54,54,72,86,86,86,86],"floor_reached":16,"language":"ENG","playtime":933,"items_purged":["hexamod:Defend"],"score":112,"play_id":"7a74d86d-cfdf-4046-bf64-0347bb2abda9","local_time":"20210213102438","is_ascension_mode":true,"campfire_choices":[{"floor":1,"key":"DIG"},{"floor":12,"key":"REST"}],"circlet_count":0,"master_deck":["hexamod:Strike","hexamod:Strike","hexamod:Strike","hexamod:Defend","hexamod:Defend","hexamod:Sear","hexamod:Float","hexamod:BurningTouch","hexamod:ExtraCrispy+1","hexamod:DynamicBlow","hexamod:Incineration","hexamod:WildfireWeapon+1","hexamod:FlamesFromBeyond","hexamod:CatchUp","hexamod:Toasty","hexamod:ForkedFlame","hexamod:Haunt","hexamod:NightmareGuise"],"relics":["hexamod:SpiritBrand","Frozen Egg 2","Chameleon Ring","hubris:Spice","downfall:BrokenWingStatue","Odd Mushroom","NlothsMask"],"acts_visited":["Exordium"],"potions_floor_usage":[9,10,15,16],"damage_taken":[{"damage":1,"enemies":"2 Louse","floor":2,"turns":3},{"damage":4,"enemies":"Small Slimes","floor":3,"turns":4},{"damage":0,"enemies":"Cultist","floor":4,"turns":3},{"damage":5,"enemies":"downfall:FleeingMerchant","floor":5,"turns":4},{"damage":8,"enemies":"Replay:BlueRogue","floor":6,"turns":3},{"damage":6,"enemies":"Blue Slaver","floor":9,"turns":3},{"damage":28,"enemies":"The Mushroom Lair","floor":10,"turns":4},{"damage":5,"enemies":"downfall:FleeingMerchant","floor":11,"turns":4},{"damage":7,"enemies":"Exordium Wildlife","floor":14,"turns":3},{"damage":24,"enemies":"Exordium Thugs","floor":15,"turns":3},{"damage":8,"enemies":"WA_ARCHETYPE_RETAIN","floor":16,"turns":2}],"seed_played":"-3534540349534984109","potions_obtained":[{"floor":6,"key":"Adrenaline Potion"},{"floor":9,"key":"SteroidPotion"},{"floor":14,"key":"Energy Potion"},{"floor":15,"key":"champ:CounterPotion"}],"is_trial":false,"path_per_floor":["R","M","M","M","$","E","T","?","M","?","$","R","?","M","M","B"],"character_chosen":"THE_SPIRIT","items_purchased":["hexamod:ForkedFlame"],"campfire_rested":1,"item_purchase_floors":[11],"current_hp_per_floor":[63,62,58,58,53,45,53,53,47,19,14,35,35,28,4,0,0,0],"gold":86,"neow_bonus":"REMOVE_TWO","is_daily":false,"chose_seed":false,"campfire_upgraded":0,"win_rate":0.0,"timestamp":1613233478,"path_taken":["R","M","M","M","$","E","T","?","M","?","$","R","?","M","M","BOSS"],"items_purchased_type":["Card"],"build_version":"2020-12-22","purchased_purges":1,"victory":false,"max_hp_per_floor":[63,63,63,63,63,63,71,71,71,71,71,71,71,71,71,71,71,71],"card_choices":[{"not_picked":["hexamod:FastForward","hexamod:GhostLash"],"picked":"hexamod:BurningTouch","floor":2},{"not_picked":["hexamod:DynamicBlow","hexamod:SkipABeat"],"picked":"hexamod:ExtraCrispy+1","floor":3},{"not_picked":["hexamod:GhostShield","hexamod:SpectersWail"],"picked":"hexamod:DynamicBlow","floor":4},{"not_picked":["hexamod:RecurringNightmare","hexamod:SwordOfDarkness"],"picked":"hexamod:Incineration","floor":5},{"not_picked":["hexamod:SwordOfDarkness","hexamod:ChargedBarrage"],"picked":"hexamod:WildfireWeapon+1","floor":6},{"not_picked":["hexamod:NecessarySacrifice","hexamod:EtherealExpedition"],"picked":"hexamod:FlamesFromBeyond","floor":9},{"not_picked":["hexamod:Incineration","hexamod:NightmareStrike"],"picked":"hexamod:CatchUp","floor":10},{"not_picked":["hexamod:BurningTouch","hexamod:HeatMetal"],"picked":"hexamod:Toasty","floor":11},{"not_picked":["hexamod:NightmareStrike","hexamod:BacktrackSmack"],"picked":"hexamod:Haunt","floor":14},{"not_picked":["hexamod:RecurringNightmare","hexamod:BurningTouch"],"picked":"hexamod:NightmareGuise","floor":15}],"player_experience":291495,"relics_obtained":[{"floor":1,"key":"Frozen Egg 2"},{"floor":6,"key":"Chameleon Ring"},{"floor":7,"key":"hubris:Spice"},{"floor":10,"key":"Odd Mushroom"}],"event_choices":[{"damage_healed":0,"gold_gain":0,"player_choice":"Fought Mushrooms","damage_taken":0,"max_hp_gain":0,"max_hp_loss":0,"event_name":"Mushrooms","floor":10,"gold_loss":0},{"damage_healed":0,"gold_gain":0,"player_choice":"Trade","damage_taken":0,"relics_obtained":["NlothsMask"],"max_hp_gain":0,"max_hp_loss":0,"event_name":"FaceTrader","floor":13,"gold_loss":0}],"is_beta":false,"boss_relics":[],"items_purged_floors":[5],"is_endless":false,"potions_floor_spawned":[6,9,14,15],"killed_by":"WA_ARCHETYPE_RETAIN","ascension_level":2}}