{"host":"yn1175etg9ni8l0q","time":1613215915,"event":{"mods":["AchievementEnabler","BaseMod","Colored Map","Colored Powertips","DeckTracker","Minty Spire (QoL Compilation)","Rare Cards Sparkle","Relic Stats","SuperFastMode","everything is the same but u backflip on backflip"],"gold_per_floor":[114,289,25,35,35,35,56,56,56,56,72,83,83,8,8,107,107,118,118,131,148,48,48,48,58,58,58,58,73,84,97,97,193,193,211,211,256,306,321,321,338,338,338,338,356,356,368,383,383,383],"floor_reached":51,"language":"KOR","playtime":1117,"items_purged":["Doubt","Strike_R"],"score":689,"play_id":"72f2c2f9-a577-426e-b19f-4b204a71b38e","local_time":"20210213203155","is_ascension_mode":false,"campfire_choices":[{"data":"Shrug It Off","floor":6.0,"key":"SMITH"},{"data":"Carnage","floor":10.0,"key":"SMITH"},{"data":"Blood for Blood","floor":13.0,"key":"SMITH"},{"data":"Combust","floor":15.0,"key":"SMITH"},{"data":"Immolate","floor":23.0,"key":"SMITH"},{"data":"Flex","floor":32.0,"key":"SMITH"},{"data":"Berserk","floor":40.0,"key":"SMITH"},{"data":"Burning Pact","floor":42.0,"key":"SMITH"},{"data":"Offering","floor":44.0,"key":"SMITH"},{"data":"Limit Break","floor":46,"key":"SMITH"},{"floor":49,"key":"REST"}],"circlet_count":0,"master_deck":["Strike_R+1","Strike_R+1","Strike_R+1","Strike_R+1","Defend_R+1","Defend_R+1","Defend_R+1","Bash","Limit Break+1","Shrug It Off+1","Carnage+1","Blood for Blood+1","Combust+1","Immolate+1","Metallicize+1","Necronomicurse","Burning Pact+1","Pummel+1","Bash","Flex+1","Offering+1","Berserk+1","CurseOfTheBell","Evolve+1","Defend_B","Power Through+1","Fire Breathing+1","Flex+1","Combust"],"relics":["Burning Blood","Mummified Hand","Odd Mushroom","Turnip","Mark of Pain","Necronomicon","MutagenicStrength","Calling Bell","Juzu Bracelet","Letter Opener","TungstenRod","Mango","Incense Burner","Toxic Egg 2"],"acts_visited":["Exordium","TheCity","TheBeyond"],"potions_floor_usage":[50,50,50,50],"damage_taken":[{"damage":7.0,"enemies":"2 Louse","floor":1.0,"turns":4.0},{"damage":17.0,"enemies":"Jaw Worm","floor":4.0,"turns":6.0},{"damage":28.0,"enemies":"The Mushroom Lair","floor":7.0,"turns":7.0},{"damage":1.0,"enemies":"Cultist","floor":11.0,"turns":3.0},{"damage":17.0,"enemies":"3 Louse","floor":12.0,"turns":5.0},{"damage":4.0,"enemies":"Slime Boss","floor":16.0,"turns":4.0},{"damage":12.0,"enemies":"Shell Parasite","floor":18.0,"turns":4.0},{"damage":27.0,"enemies":"2 Thieves","floor":20.0,"turns":4.0},{"damage":6.0,"enemies":"Cultist and Chosen","floor":21.0,"turns":4.0},{"damage":7.0,"enemies":"Shelled Parasite and Fungi","floor":25.0,"turns":2.0},{"damage":0.0,"enemies":"3 Cultists","floor":29.0,"turns":1.0},{"damage":3.0,"enemies":"Snecko","floor":30.0,"turns":3.0},{"damage":1.0,"enemies":"Chosen and Byrds","floor":31.0,"turns":3.0},{"damage":28.0,"enemies":"Automaton","floor":33.0,"turns":5.0},{"damage":0.0,"enemies":"3 Shapes","floor":35.0,"turns":2.0},{"damage":21.0,"enemies":"2 Orb Walkers","floor":37.0,"turns":3.0},{"damage":33.0,"enemies":"Mind Bloom Boss Battle","floor":38.0,"turns":3.0},{"damage":5.0,"enemies":"3 Darklings","floor":39.0,"turns":3.0},{"damage":27.0,"enemies":"Jaw Worm Horde","floor":41.0,"turns":3.0},{"damage":15,"enemies":"Transient","floor":45,"turns":5},{"damage":10,"enemies":"Maw","floor":47,"turns":5},{"damage":0,"enemies":"Spire Growth","floor":48,"turns":2},{"damage":37,"enemies":"Donu and Deca","floor":50,"turns":5}],"seed_played":"-7618383443786531936","potions_obtained":[{"floor":4.0,"key":"Energy Potion"},{"floor":11.0,"key":"PowerPotion"},{"floor":12.0,"key":"SteroidPotion"},{"floor":16.0,"key":"EntropicBrew"},{"floor":18.0,"key":"LiquidBronze"},{"floor":20.0,"key":"GamblersBrew"},{"floor":33.0,"key":"GamblersBrew"},{"floor":37.0,"key":"LiquidBronze"},{"floor":41.0,"key":"BloodPotion"},{"floor":47,"key":"AttackPotion"},{"floor":48,"key":"PowerPotion"}],"is_trial":false,"path_per_floor":["M","?","$","M","?","R","?","$","T","R","M","M","R","$","R","B",null,"M","?","M","M","$","R","?","M","T","?","?","M","M","M","R","B",null,"M","?","?","?","M","R","M","R","T","R","M","R","M","M","R","B",null],"character_chosen":"IRONCLAD","items_purchased":["Mummified Hand","Shrug It Off"],"campfire_rested":1,"item_purchase_floors":[3,3],"current_hp_per_floor":[79,79,79,68,68,68,46,46,46,46,51,40,40,40,40,42,80,74,58,37,37,37,37,37,36,36,36,36,42,45,50,50,28,80,80,80,79,52,53,53,32,32,32,32,23,23,19,25,53,40],"gold":383,"neow_bonus":"ONE_RANDOM_RARE_CARD","is_daily":false,"chose_seed":false,"campfire_upgraded":10,"win_rate":0.0,"timestamp":1613215915,"path_taken":["M","?","$","M","?","R","?","?","T","R","?","M","R","?","R","BOSS","M","?","M","M","$","R","?","M","T","?","?","M","M","M","R","BOSS","M","?","?","?","M","R","M","R","T","R","M","R","M","M","R","BOSS"],"items_purchased_type":["Relic","Card"],"build_version":"2020-12-22","purchased_purges":2,"victory":true,"max_hp_per_floor":[80,80,80,80,80,80,80,80,80,80,80,80,80,80,80,80,80,80,80,80,80,80,80,80,80,80,80,80,80,80,80,80,80,80,80,80,94,94,94,94,94,94,94,94,94,94,94,94,94,94],"relic_stats":{"counters":[23,86],"Mummified Hand":[45],"Turnip":[3],"Necronomicon":[36],"Juzu Bracelet":2,"Letter Opener":[20],"obtain_stats":[{"Mango":37,"Juzu Bracelet":34,"Incense Burner":38,"Letter Opener":34,"Odd Mushroom":7,"Burning Blood":0,"Calling Bell":34,"Mummified Hand":3,"MutagenicStrength":27,"Turnip":9,"Mark of Pain":17,"Necronomicon":19,"Toxic Egg 2":43,"TungstenRod":34},{"Mango":16,"Juzu Bracelet":14,"Incense Burner":17,"Letter Opener":14,"Odd Mushroom":3,"Burning Blood":0,"Calling Bell":14,"Mummified Hand":1,"MutagenicStrength":10,"Turnip":3,"Mark of Pain":6,"Necronomicon":7,"Toxic Egg 2":19,"TungstenRod":14},{"Mango":60,"Juzu Bracelet":55,"Incense Burner":63,"Letter Opener":55,"Odd Mushroom":17,"Burning Blood":0,"Calling Bell":55,"Mummified Hand":4,"MutagenicStrength":43,"Turnip":17,"Mark of Pain":29,"Necronomicon":33,"Toxic Egg 2":69,"TungstenRod":55}],"Burning Blood":132,"TungstenRod":38},"card_choices":[{"not_picked":["Thunderclap","Heavy Blade","Dual Wield"],"picked":"SKIP","floor":1.0},{"not_picked":["Clash","Heavy Blade","Clothesline"],"picked":"SKIP","floor":4.0},{"not_picked":["Warcry","Sentinel"],"picked":"Carnage","floor":7.0},{"not_picked":["Shrug It Off","Uppercut"],"picked":"Blood for Blood","floor":11.0},{"not_picked":["Flex","Rage"],"picked":"Combust","floor":12.0},{"not_picked":["Berserk","Bludgeon"],"picked":"Immolate","floor":16.0},{"not_picked":["Battle Trance","Shrug It Off+1"],"picked":"Metallicize+1","floor":18.0},{"not_picked":["Clash","Blood for Blood","Body Slam"],"picked":"SKIP","floor":20.0},{"not_picked":["Warcry","Sever Soul"],"picked":"Burning Pact","floor":21.0},{"not_picked":["Dropkick","Wild Strike"],"picked":"Pummel+1","floor":25.0},{"not_picked":["Sword Boomerang","Entrench","Metallicize+1"],"picked":"SKIP","floor":29.0},{"not_picked":["Clothesline","Dropkick"],"picked":"Flex","floor":30.0},{"not_picked":["Headbutt","Armaments"],"picked":"Offering","floor":31.0},{"not_picked":["Impervious","Feed"],"picked":"Berserk","floor":33.0},{"not_picked":["Uppercut+1","True Grit"],"picked":"Evolve+1","floor":35.0},{"not_picked":["Clothesline+1","Pommel Strike"],"picked":"Power Through+1","floor":37.0},{"not_picked":["Flame Barrier","Power Through","Clothesline"],"picked":"SKIP","floor":39.0},{"not_picked":["Uppercut+1","Sentinel","Disarm+1"],"picked":"SKIP","floor":41.0},{"not_picked":["Thunderclap","Pummel+1"],"picked":"Fire Breathing+1","floor":45},{"not_picked":["Thunderclap","Iron Wave"],"picked":"Flex+1","floor":47},{"not_picked":["Heavy Blade+1","Wild Strike"],"picked":"Combust","floor":48}],"player_experience":377685,"relics_obtained":[{"floor":7.0,"key":"Odd Mushroom"},{"floor":9.0,"key":"Turnip"},{"floor":19.0,"key":"Necronomicon"},{"floor":34.0,"key":"Juzu Bracelet"},{"floor":34.0,"key":"Letter Opener"},{"floor":34.0,"key":"TungstenRod"},{"floor":37.0,"key":"Mango"},{"floor":38.0,"key":"Incense Burner"},{"floor":43.0,"key":"Toxic Egg 2"}],"event_choices":[{"damage_healed":0.0,"max_hp_gain":0.0,"max_hp_loss":0.0,"gold_gain":175.0,"event_name":"Liars Game","player_choice":"AGREE","floor":2.0,"gold_loss":0.0,"damage_taken":0.0,"cards_obtained":["Doubt"]},{"damage_healed":0.0,"max_hp_gain":0.0,"max_hp_loss":0.0,"gold_gain":0.0,"event_name":"The Cleric","player_choice":"Leave","floor":5.0,"gold_loss":0.0,"damage_taken":0.0},{"damage_healed":0.0,"max_hp_gain":0.0,"max_hp_loss":0.0,"gold_gain":0.0,"event_name":"Mushrooms","player_choice":"Fought Mushrooms","floor":7.0,"gold_loss":0.0,"damage_taken":0.0},{"damage_healed":0.0,"max_hp_gain":0.0,"max_hp_loss":0.0,"gold_gain":0.0,"event_name":"Cursed Tome","player_choice":"Obtained Book","floor":19.0,"gold_loss":0.0,"damage_taken":16.0},{"damage_healed":0.0,"max_hp_gain":0.0,"max_hp_loss":0.0,"gold_gain":0.0,"event_name":"Back to Basics","player_choice":"Simplicity","floor":24.0,"gold_loss":0.0,"damage_taken":0.0,"cards_upgraded":["Strike_R","Strike_R","Strike_R","Strike_R","Defend_R","Defend_R","Defend_R","Defend_R"]},{"damage_healed":0.0,"max_hp_gain":0.0,"max_hp_loss":0.0,"gold_gain":0.0,"event_name":"Drug Dealer","player_choice":"Inject Mutagens","floor":27.0,"gold_loss":0.0,"damage_taken":0.0,"relics_obtained":["MutagenicStrength"]},{"damage_healed":0.0,"max_hp_gain":0.0,"max_hp_loss":0.0,"gold_gain":0.0,"event_name":"Match and Keep!","player_choice":"1 cards matched","floor":28.0,"gold_loss":0.0,"damage_taken":0.0,"cards_obtained":["Bash"]},{"cards_removed":["Defend_R"],"damage_healed":0.0,"max_hp_gain":0.0,"max_hp_loss":0.0,"gold_gain":0.0,"event_name":"NoteForYourself","player_choice":"Took Card","floor":36.0,"gold_loss":0.0,"damage_taken":0.0,"cards_obtained":["Defend_B"]},{"damage_healed":0.0,"max_hp_gain":0.0,"max_hp_loss":0.0,"gold_gain":0.0,"event_name":"Mysterious Sphere","player_choice":"Fight","floor":37.0,"gold_loss":0.0,"damage_taken":0.0},{"damage_healed":0.0,"max_hp_gain":0.0,"max_hp_loss":0.0,"gold_gain":0.0,"event_name":"MindBloom","player_choice":"Fight","floor":38.0,"gold_loss":0.0,"damage_taken":0.0}],"is_beta":false,"boss_relics":[{"not_picked":["Runic Pyramid","Fusion Hammer"],"picked":"Mark of Pain"},{"not_picked":["Black Star","Runic Dome"],"picked":"Calling Bell"}],"items_purged_floors":[14,22],"is_endless":false,"potions_floor_spawned":[4,11,12,16,18,20,29,30,33,37,41,47,48],"ascension_level":0}}