{"host":"f9ztaq6figs4snwj","time":1613232992,"event":{"mods":["BaseMod","Bestiary","Colored Map","Colored Powertips","Curses Come First","DeckTracker","Minty Spire (QoL Compilation)","Quick Restart","StSLib"],"gold_per_floor":[218,231,251,265,265,265,280,167,167,167,227,205,205,205,205,307,307,325,325,398,497,535,535,554,554,554,554,554,554],"floor_reached":28,"language":"ENG","playtime":1599,"items_purged":[],"score":237,"play_id":"522b8a91-e2c4-4e0b-8ffb-6d3e5555731e","local_time":"20210213171632","is_ascension_mode":true,"campfire_choices":[{"data":"MasterReality","floor":6,"key":"SMITH"},{"data":"Collect","floor":10,"key":"SMITH"},{"floor":13,"key":"REST"},{"data":"Vault","floor":15,"key":"SMITH"},{"data":"ForeignInfluence","floor":23,"key":"SMITH"},{"floor":27,"key":"REST"}],"circlet_count":0,"master_deck":["Strike_P","Strike_P","Strike_P","Defend_P","Defend_P","Defend_P","Defend_P","Eruption","Vigilance","FollowUp","Protect","MasterReality+1","SashWhip","FlurryOfBlows","Collect+1","Study","Vault+1","Wish","ForeignInfluence+1","Evaluate","JustLucky+1"],"relics":["HolyWater","CaptainsWheel","Molten Egg 2","Ice Cream","Regal Pillow"],"acts_visited":["Exordium","TheCity"],"potions_floor_usage":[7,24,25],"damage_taken":[{"damage":0,"enemies":"Cultist","floor":1,"turns":5},{"damage":0,"enemies":"Small Slimes","floor":2,"turns":2},{"damage":0,"enemies":"Jaw Worm","floor":3,"turns":2},{"damage":4,"enemies":"Large Slime","floor":4,"turns":10},{"damage":9,"enemies":"Exordium Wildlife","floor":7,"turns":4},{"damage":21,"enemies":"Gremlin Nob","floor":11,"turns":4},{"damage":13,"enemies":"The Guardian","floor":16,"turns":16},{"damage":2,"enemies":"Shell Parasite","floor":18,"turns":4},{"damage":2,"enemies":"2 Thieves","floor":22,"turns":6},{"damage":11,"enemies":"Shelled Parasite and Fungi","floor":24,"turns":14},{"damage":81,"enemies":"Book of Stabbing","floor":25,"turns":7},{"damage":42,"enemies":"Slavers","floor":28,"turns":4}],"seed_played":"-6099207837960917335","potions_obtained":[{"floor":1,"key":"LiquidMemories"},{"floor":7,"key":"SmokeBomb"},{"floor":22,"key":"DuplicationPotion"},{"floor":24,"key":"FairyPotion"}],"is_trial":false,"path_per_floor":["M","M","M","M","?","R","M","$","T","R","?","?","R","?","R","B",null,"M","?","T","?","M","R","M","E","T","R","E"],"character_chosen":"WATCHER","items_purchased":["Collect","Study"],"campfire_rested":2,"item_purchase_floors":[8,8],"current_hp_per_floor":[72,72,72,68,68,68,59,59,59,59,38,38,59,52,52,39,72,70,70,70,70,68,68,57,2,2,38,0,0],"gold":554,"neow_bonus":"HUNDRED_GOLD","is_daily":false,"chose_seed":false,"campfire_upgraded":4,"win_rate":0.0,"timestamp":1613232992,"path_taken":["M","M","M","?","?","R","?","$","T","R","?","?","R","?","R","BOSS","M","?","?","?","M","R","M","E","T","R","E"],"items_purchased_type":["Card","Card"],"build_version":"2020-12-22","purchased_purges":0,"victory":false,"max_hp_per_floor":[72,72,72,72,72,72,72,72,72,72,72,72,72,72,72,72,72,72,72,72,72,72,72,72,72,72,72,72,72],"card_choices":[{"not_picked":["BowlingBash","CrushJoints"],"picked":"FollowUp","floor":1},{"not_picked":["CutThroughFate","ThirdEye"],"picked":"Protect","floor":2},{"not_picked":["Crescendo","SashWhip"],"picked":"MasterReality","floor":3},{"not_picked":["Halt","Conclude"],"picked":"SashWhip","floor":4},{"not_picked":["Tantrum","ClearTheMind"],"picked":"FlurryOfBlows","floor":7},{"not_picked":["Weave+1","ThirdEye"],"picked":"Vault","floor":11},{"not_picked":["Vault","SpiritShield"],"picked":"Wish","floor":16},{"not_picked":["Evaluate+1","FlyingSleeves+1"],"picked":"ForeignInfluence","floor":18},{"not_picked":["Perseverance","LikeWater+1"],"picked":"Evaluate","floor":22},{"not_picked":["Swivel","ThirdEye"],"picked":"JustLucky+1","floor":24}],"player_experience":404761,"relics_obtained":[{"floor":9,"key":"CaptainsWheel"},{"floor":26,"key":"Regal Pillow"}],"event_choices":[{"damage_healed":0,"gold_gain":0,"player_choice":"Bought 0 Potions","damage_taken":0,"max_hp_gain":0,"max_hp_loss":0,"event_name":"The Woman in Blue","floor":5,"gold_loss":0},{"damage_healed":0,"gold_gain":30,"player_choice":"Searched \u00273\u0027 times","damage_taken":0,"relics_obtained":["Molten Egg 2"],"max_hp_gain":0,"max_hp_loss":0,"event_name":"Dead Adventurer","floor":11,"gold_loss":0},{"damage_healed":0,"gold_gain":0,"player_choice":"Left Gold","damage_taken":0,"max_hp_gain":0,"max_hp_loss":0,"event_name":"World of Goop","floor":12,"gold_loss":22},{"cards_removed":["Strike_P"],"damage_healed":0,"gold_gain":0,"player_choice":"Card Removal","damage_taken":7,"max_hp_gain":0,"max_hp_loss":0,"event_name":"Golden Wing","floor":14,"gold_loss":0},{"damage_healed":0,"gold_gain":0,"player_choice":"Opened","damage_taken":0,"relics_obtained":["Ice Cream"],"max_hp_gain":0,"max_hp_loss":0,"event_name":"The Mausoleum","floor":19,"gold_loss":0},{"damage_healed":0,"gold_gain":99,"player_choice":"Stole From Cult","damage_taken":0,"max_hp_gain":0,"max_hp_loss":0,"event_name":"Nest","floor":21,"gold_loss":0}],"is_beta":false,"boss_relics":[{"not_picked":["Philosopher\u0027s Stone","Runic Pyramid"],"picked":"HolyWater"}],"items_purged_floors":[],"is_endless":false,"potions_floor_spawned":[1,7,22,24],"killed_by":"Slavers","ascension_level":1}}