{"host":"bf5upntvbdompq33","time":1613203862,"event":{"mods":["BaseMod","Bestiary","Colored Map","Colored Powertips","Curses Come First","Minty Spire (QoL Compilation)","StSLib","ojb\u0027s Info Mod"],"gold_per_floor":[115,190,190,190,35,35,75,99,99,133,83,9,28,28,28,124,124,147,147,170,17,0,0,41,41,41,64,64,64],"floor_reached":28,"language":"ENG","playtime":1132,"items_purged":["Strike_R"],"score":454,"play_id":"e5e2f487-3b24-4b09-b33b-f8920c912648","local_time":"20210213011102","is_ascension_mode":true,"campfire_choices":[{"data":"Uppercut","floor":6,"key":"SMITH"},{"data":"Hemokinesis","floor":15,"key":"SMITH"},{"data":"Flame Barrier","floor":23,"key":"SMITH"},{"data":"Seeing Red","floor":25,"key":"SMITH"}],"circlet_count":0,"master_deck":["AscendersBane","Strike_R+1","Strike_R+1","Defend_R+1","Defend_R+1","Defend_R+1","Defend_R+1","Bash","Uppercut+1","Cleave","Iron Wave","Headbutt","Whirlwind","Hemokinesis+1","Shockwave","Clothesline","Double Tap","Anger","Flame Barrier+1","Seeing Red+1","Pommel Strike"],"relics":["Burning Blood","NeowsBlessing","Golden Idol","Nunchaku","Blue Candle","Self Forming Clay","Gremlin Horn","Philosopher\u0027s Stone","Bag of Marbles","StrikeDummy","Letter Opener"],"acts_visited":["Exordium","TheCity"],"potions_floor_usage":[16],"damage_taken":[{"damage":0,"enemies":"Small Slimes","floor":1,"turns":1},{"damage":0,"enemies":"3 Sentries","floor":7,"turns":1},{"damage":0,"enemies":"Jaw Worm","floor":8,"turns":1},{"damage":21,"enemies":"Gremlin Nob","floor":10,"turns":4},{"damage":0,"enemies":"2 Louse","floor":13,"turns":3},{"damage":34,"enemies":"Hexaghost","floor":16,"turns":12},{"damage":14,"enemies":"Spheric Guardian","floor":18,"turns":3},{"damage":19,"enemies":"2 Thieves","floor":20,"turns":4},{"damage":22,"enemies":"Book of Stabbing","floor":24,"turns":5},{"damage":7,"enemies":"Centurion and Healer","floor":27,"turns":4},{"damage":19,"enemies":"Slavers","floor":28,"turns":1}],"seed_played":"3112933950142023127","potions_obtained":[{"floor":1,"key":"Fire Potion"},{"floor":7,"key":"Energy Potion"},{"floor":24,"key":"Energy Potion"}],"is_trial":false,"path_per_floor":["M","?","?","?","$","R","E","M","T","E","?","$","M","?","R","B",null,"M","?","M","$","?","R","E","R","T","M","E"],"character_chosen":"IRONCLAD","items_purchased":["Cleave","Iron Wave","Shockwave","Bag of Marbles"],"campfire_rested":0,"item_purchase_floors":[5,5,12,21],"current_hp_per_floor":[74,63,63,63,63,63,69,69,69,54,54,54,60,42,42,14,55,47,47,34,34,34,34,18,18,18,17,0,0],"gold":64,"neow_bonus":"THREE_ENEMY_KILL","is_daily":false,"chose_seed":false,"campfire_upgraded":4,"win_rate":0.0,"timestamp":1613203862,"path_taken":["M","?","?","?","$","R","E","?","T","E","?","$","M","?","R","BOSS","M","?","M","$","?","R","E","R","T","M","E"],"items_purchased_type":["Card","Card","Card","Relic"],"build_version":"2020-12-22","purchased_purges":1,"victory":false,"max_hp_per_floor":[75,75,75,69,69,69,69,69,69,69,69,69,69,69,69,69,69,69,69,69,69,69,69,69,69,69,69,69,69],"card_choices":[{"not_picked":["Shockwave","Shrug It Off"],"picked":"Uppercut","floor":1},{"not_picked":["Rampage","Clash"],"picked":"Headbutt","floor":7},{"not_picked":["Iron Wave","Havoc"],"picked":"Whirlwind","floor":8},{"not_picked":["Wild Strike","Uppercut"],"picked":"Hemokinesis","floor":10},{"not_picked":["True Grit","Heavy Blade"],"picked":"Clothesline","floor":13},{"not_picked":["Fiend Fire","Corruption"],"picked":"Double Tap","floor":16},{"not_picked":["Inflame","Thunderclap"],"picked":"Anger","floor":18},{"not_picked":["Wild Strike","Pummel"],"picked":"Flame Barrier","floor":20},{"not_picked":["Evolve","Thunderclap"],"picked":"Seeing Red","floor":24},{"not_picked":["Wild Strike","Armaments"],"picked":"Pommel Strike","floor":27}],"player_experience":1567816,"relics_obtained":[{"floor":7,"key":"Nunchaku"},{"floor":9,"key":"Blue Candle"},{"floor":10,"key":"Self Forming Clay"},{"floor":24,"key":"StrikeDummy"},{"floor":26,"key":"Letter Opener"}],"event_choices":[{"damage_healed":0,"gold_gain":75,"player_choice":"Gather Gold","damage_taken":11,"max_hp_gain":0,"max_hp_loss":0,"event_name":"World of Goop","floor":2,"gold_loss":0},{"cards_removed":["Strike_R"],"damage_healed":0,"gold_gain":0,"player_choice":"Forget","damage_taken":0,"max_hp_gain":0,"max_hp_loss":0,"event_name":"Living Wall","floor":3,"gold_loss":0},{"damage_healed":0,"gold_gain":0,"player_choice":"Lose Max HP","damage_taken":0,"relics_obtained":["Golden Idol"],"max_hp_gain":0,"max_hp_loss":6,"event_name":"Golden Idol","floor":4,"gold_loss":0},{"cards_removed":["Strike_R"],"damage_healed":0,"gold_gain":0,"player_choice":"Card Removal","damage_taken":0,"max_hp_gain":0,"max_hp_loss":0,"event_name":"The Cleric","floor":11,"gold_loss":50},{"damage_healed":0,"gold_gain":0,"player_choice":"Success","damage_taken":18,"relics_obtained":["Gremlin Horn"],"max_hp_gain":0,"max_hp_loss":0,"event_name":"Scrap Ooze","floor":14,"gold_loss":0},{"damage_healed":0,"gold_gain":0,"player_choice":"Simplicity","damage_taken":0,"max_hp_gain":0,"max_hp_loss":0,"event_name":"Back to Basics","floor":19,"gold_loss":0,"cards_upgraded":["Strike_R","Strike_R","Defend_R","Defend_R","Defend_R","Defend_R"]},{"damage_healed":0,"gold_gain":0,"player_choice":"Paid Fearfully","damage_taken":0,"max_hp_gain":0,"max_hp_loss":0,"event_name":"Masked Bandits","floor":22,"gold_loss":17}],"is_beta":false,"boss_relics":[{"not_picked":["Coffee Dripper","Calling Bell"],"picked":"Philosopher\u0027s Stone"}],"items_purged_floors":[5],"is_endless":false,"potions_floor_spawned":[1,7,8,24,27],"killed_by":"Slavers","ascension_level":14}}