{"host":"4203e5c3jb9f7sur","time":1613213283,"event":{"mods":["AchievementEnabler","BaseMod","Minty Spire (QoL Compilation)","Replay The Spire","StSLib","SuperFastMode"],"gold_per_floor":[99,3826,3826,3846,2798,2798,2830,2830,2830,2830,2830,2830,1954,1985,1985,2059,2059,2059,2011,2011,2022,1277,1277,1277,1312,1312,1312,862,862,862,7950,7950,8028,8028,8028,8028,8028,8043,8043,8043,8043,8043,8043,8043,8043,8056,7741,7293,7293,7293,7293,7293,7293],"floor_reached":54,"language":"KOR","playtime":4216,"items_purged":["Eclipse","Offering","Fiend Fire","Hemogenesis","Immolate+1","Fiend Fire","Spot Weakness","Sword Boomerang"],"score":1015,"play_id":"011da79d-a223-42c9-b9a2-c5c80f38dab1","local_time":"20210213194802","daily_mods":["Shiny","Vintage","Heirloom","Flight"],"is_ascension_mode":true,"campfire_choices":[{"floor":15,"key":"REST"},{"floor":23,"key":"REST"},{"floor":29,"key":"REST"},{"data":"ReplayTheSpireMod:Muscle Training","floor":30,"key":"SMITH"},{"floor":32,"key":"DIG"},{"floor":40,"key":"DIG"},{"floor":43,"key":"DIG"},{"data":"Panacea","floor":44,"key":"SMITH"},{"data":"ReplayTheSpireMod:Private Reserves","floor":49,"key":"SMITH"},{"floor":51,"key":"DIG"}],"circlet_count":0,"master_deck":["AscendersBane","Double Tap","Demon Form","Impervious","Juggernaut","Exhume","Bludgeon","Feed","Replay:Many Hands","Limit Break","Barricade","Reaper","Flex","Pommel Strike","Panacea","Massacre","Fire Breathing","Panacea+1","Sword Boomerang","Ghostly Armor","Flex","Flex","Enlightenment","Shrug It Off+1","Replay:Undeath\u0027s Touch","ReplayTheSpireMod:Muscle Training+1","Shrug It Off","Double Tap","ReplayReversal+1","Reckless Charge+1","Hemokinesis+1","Twin Strike","Inflame+1","Rampage","Reckless Charge","Dramatic Entrance","True Grit+1","Fire Breathing+1","Trip","Feed","ReplayTheSpireMod:Private Reserves+1","Replay:Undeath\u0027s Touch+1"],"relics":["Unceasing Top","TungstenRod","Replay:Multitool","Ginger","Replay:Ringing Soul","Strange Spoon","Pet Ghost","Counterbalance","BargainBundle","Replay:Bottled Flurry","ReplayTheSpireMod:Spearhead","Centennial Puzzle","Frozen Eye","Nunchaku","Dream Catcher","Singing Bowl","Astrolabe","Smiling Mask","Du-Vu Doll","Cauldron","Bag of Marbles","Potion Belt","Frozen Egg 2","Replay:Bottled Steam","Membership Card","ReplayTheSpireMod:TigerMarble","Gremlin Food","HandDrill","Chameleon Ring","Ornamental Fan","Quantum Egg","Runic Pyramid","Question Card","Paper Frog","Akabeko","Iron Hammer","Replay:WaspNest","CeramicFish","Oddly Smooth Stone","Durian","Bottled Lightning","PrismaticShard","Turnip"],"acts_visited":["Exordium","TheCity","TheBeyond"],"potions_floor_usage":[19,19,21,22,33,33,52,52,52,52],"damage_taken":[{"damage":7,"enemies":"2 Louse","floor":4,"turns":3},{"damage":73,"enemies":"Gremlin Nob","floor":7,"turns":6},{"damage":7,"enemies":"Replay:BlueRogue","floor":14,"turns":4},{"damage":31,"enemies":"The Guardian","floor":16,"turns":8},{"damage":19,"enemies":"2 Thieves","floor":19,"turns":5},{"damage":27,"enemies":"3 Byrds","floor":21,"turns":5},{"damage":34,"enemies":"Gremlin Leader","floor":25,"turns":3},{"damage":0,"enemies":"Champ","floor":33,"turns":8},{"damage":16,"enemies":"Orb Walker","floor":38,"turns":3},{"damage":0,"enemies":"3 Shapes","floor":46,"turns":1},{"damage":68,"enemies":"Replay:Hell Engine","floor":52,"turns":7},{"damage":98,"enemies":"Awakened One","floor":53,"turns":9}],"seed_played":"-1301957088757380384","potions_obtained":[{"floor":19,"key":"Adrenaline Potion"},{"floor":21,"key":"Toxic Potion"},{"floor":22,"key":"EntropicBrew"},{"floor":33,"key":"PowerPotion"},{"floor":38,"key":"Dexterity Potion"}],"is_trial":true,"path_per_floor":["WH","$","WH","M","$","R","E","WH","T","WH","R","WH","$","E","R","B",null,"WH","M","WH","M","$","R","WH","E","T","WH","$","R","R","$","R","B",null,"WH","WH","WH","M","WH","R","PTL","PTL","R","R","T","M","$","$","R","WH","R","B","B",null],"character_chosen":"IRONCLAD","items_purchased":["Flex","Pommel Strike","Ginger","Replay:Ringing Soul","Strange Spoon","Panacea","Massacre","Explosive Potion","GamblersBrew","Fire Breathing","Panacea","Sword Boomerang","Counterbalance","BargainBundle","Ghostly Armor","Replay:Bottled Flurry","Frozen Eye","Nunchaku","Dream Catcher","Flex","Enlightenment","Shrug It Off","Replay:Undeath\u0027s Touch","Cauldron","Bag of Marbles","Potion Belt","Twin Strike","Spot Weakness","Inflame+1","Membership Card","ReplayTheSpireMod:TigerMarble","Gremlin Food","Dramatic Entrance","True Grit+1","HandDrill","Chameleon Ring","Ornamental Fan","Trip","CeramicFish","Oddly Smooth Stone","ReplayTheSpireMod:Private Reserves","Replay:Undeath\u0027s Touch+1","Toxic Potion","Durian","Bottled Lightning","PrismaticShard"],"campfire_rested":3,"item_purchase_floors":[2,2,2,2,2,2,2,2,2,5,5,5,5,5,5,5,13,13,13,13,13,13,13,22,22,22,22,22,22,28,28,28,28,28,31,31,31,31,47,47,47,47,47,48,48,48],"current_hp_per_floor":[68,71,78,71,74,77,11,20,20,30,63,74,77,73,115,107,132,145,126,141,114,117,171,188,157,157,176,179,218,218,221,221,224,224,246,270,297,281,310,310,310,310,310,310,310,310,313,318,318,351,351,318,254],"gold":7293,"neow_bonus":"TEN_PERCENT_HP_BONUS","is_daily":false,"chose_seed":false,"campfire_upgraded":3,"win_rate":0.0,"timestamp":1613213282,"path_taken":["WH","$","WH","M","$","R","E","WH","T","WH","R","WH","$","E","R","BOSS","WH","M","WH","M","$","R","WH","E","T","WH","$","R","R","$","R","BOSS","WH","WH","WH","M","WH","R","PTL","PTL","R","R","T","M","$","$","R","WH","R","BOSS","BOSS"],"items_purchased_type":["Card","Card","Relic","Relic","Relic","Card","Card","Potion","Potion","Card","Card","Card","Relic","Relic","Card","Relic","Relic","Relic","Relic","Card","Card","Card","Card","Relic","Relic","Relic","Card","Card","Card","Relic","Relic","Relic","Card","Card","Relic","Relic","Relic","Card","Relic","Relic","Card","Card","Potion","Relic","Relic","Relic"],"build_version":"2020-12-22","purchased_purges":8,"victory":true,"max_hp_per_floor":[75,78,85,85,88,91,94,103,103,113,113,124,127,130,133,136,139,152,152,167,167,170,173,190,193,193,212,215,218,218,221,221,224,224,246,270,297,297,326,326,326,326,326,326,326,326,329,334,334,367,367,367,370],"card_choices":[{"not_picked":["Warcry","Iron Wave"],"picked":"Sword Boomerang","floor":7},{"not_picked":["Rupture","Second Wind"],"picked":"ReplayTheSpireMod:Muscle Training","floor":14},{"not_picked":["Hemokinesis","Dark Embrace"],"picked":"Shrug It Off","floor":15},{"not_picked":["Fiend Fire","Demon Form"],"picked":"Double Tap","floor":16},{"not_picked":["Pommel Strike","Clash+1"],"picked":"Rampage","floor":23},{"not_picked":["Dropkick","Disarm"],"picked":"Reckless Charge","floor":25},{"not_picked":["ReplayTheSpireMod:Strike From Hell","Flex"],"picked":"Fire Breathing+1","floor":29},{"not_picked":["Eclipse","Corruption+1"],"picked":"Feed","floor":33}],"player_experience":14,"relics_obtained":[{"floor":4,"key":"Pet Ghost"},{"floor":7,"key":"ReplayTheSpireMod:Spearhead"},{"floor":9,"key":"Centennial Puzzle"},{"floor":14,"key":"Singing Bowl"},{"floor":19,"key":"Smiling Mask"},{"floor":21,"key":"Du-Vu Doll"},{"floor":25,"key":"Frozen Egg 2"},{"floor":26,"key":"Replay:Bottled Steam"},{"floor":32,"key":"Quantum Egg"},{"floor":38,"key":"Question Card"},{"floor":40,"key":"Paper Frog"},{"floor":43,"key":"Akabeko"},{"floor":45,"key":"Iron Hammer"},{"floor":46,"key":"Replay:WaspNest"},{"floor":51,"key":"Turnip"}],"event_choices":[],"is_beta":false,"boss_relics":[{"not_picked":["ReplayTheSpireMod:DimensionalGlitch","Tiny House"],"picked":"Astrolabe"},{"not_picked":["Replay:Bronze Core","Replay:Ancient Bell"],"picked":"Runic Pyramid"}],"items_purged_floors":[2,5,13,22,28,31,47,48],"is_endless":false,"potions_floor_spawned":[4,16,19,21,33,38],"ascension_level":20}}