{"host":"gn5np1e2857ww9ha","time":1613209673,"event":{"mods":["AchievementEnabler","Act Like it!","Aspiration","Astrologer","BaseMod","Better Altar","Better Match","Better Note","Better Sensory Stone","Better Skull","Better Third Choice","BetterRewards","Block Reminder","CCEM2","CapriCore","Colored Map","Conspire","DeckTracker","Downfall","Elementarium","Energized Spire","Gensokyo","GungeonMod","Halation","Hallownest","Hermit","Hubris","Infinite Spire","Jedi Mod","JesterMod","Jorbs\u0027s Wanderer Trilogy","Marisa????????","Mimic Mod","Minty Spire (QoL Compilation)","Pale of the Ancients","Quick Restart","RNG Fix","Rare Cards Sparkle","Replay The Spire","StSLib","The Bug Knight","The Construct","The Hierophant","The Immortal","The Jungle","The Saiyan","The Senshi","The Wild Card"],"gold_per_floor":[99,115,115,13,28,28,77,77,97,127,127,161,161,172,184,281,281,281,294,311,148,148,148],"floor_reached":22,"language":"ENG","playtime":980,"items_purged":[],"score":184,"play_id":"fe6687c9-3699-4cf1-92d6-cf32b77810a4","local_time":"20210213034753","is_ascension_mode":false,"campfire_choices":[{"data":"Dramatic Entrance","floor":1,"key":"SMITH"},{"data":"Poisoned Stab","floor":6,"key":"SMITH"},{"data":"Neutralize","floor":8,"key":"SMITH"},{"data":"Noxious Fumes","floor":11,"key":"SMITH"},{"data":"jedi:pocketpoison","floor":13,"key":"SMITH"},{"data":"ReplayTheSpireMod:Necrosis","floor":18,"key":"SMITH"}],"circlet_count":0,"master_deck":["Strike_G","Strike_G","Strike_G","Strike_G","Strike_G","Defend_G","Defend_G","Defend_G","Defend_G","Defend_G","Survivor","Neutralize+1","Dramatic Entrance+1","Bane","Poisoned Stab+1","Noxious Fumes+1","Bane","Deadly Poison","ReplayTheSpireMod:The Works","Bane","jedi:pocketpoison+1","Venomology","jedi:pocketpoison","ReplayTheSpireMod:Necrosis+1","jedi:poisonivy","jedi:poisonivy","PiercingWail","Outmaneuver","Poisoned Stab","Noxious Fumes"],"relics":["Ring of the Snake","ReplayTheSpireMod:Ring of Collecting","CCEMRelics:BundleOfDynamite","infinitespire:Lucky Rock","infinitespire:Golems Mask","energizedSpire:OgreHead"],"acts_visited":["Exordium","TheCity"],"potions_floor_usage":[16,21,21],"damage_taken":[{"damage":0,"enemies":"Cultist","floor":2,"turns":3},{"damage":0,"enemies":"downfall:FleeingMerchant","floor":4,"turns":4},{"damage":4,"enemies":"Jaw Worm","floor":5,"turns":3},{"damage":0,"enemies":"2 Louse","floor":9,"turns":1},{"damage":0,"enemies":"Looter","floor":10,"turns":4},{"damage":10,"enemies":"Gremlin Nob","floor":12,"turns":3},{"damage":5,"enemies":"Looter","floor":14,"turns":2},{"damage":6,"enemies":"3 Louse","floor":15,"turns":2},{"damage":21,"enemies":"The Guardian","floor":16,"turns":7},{"damage":24,"enemies":"3 Byrds","floor":19,"turns":3},{"damage":37,"enemies":"Snake Plant","floor":20,"turns":3},{"damage":0,"enemies":"downfall:FleeingMerchant","floor":21,"turns":4},{"damage":9,"enemies":"Shelled Parasite and Fungi","floor":22,"turns":3}],"seed_played":"1521477638403791492","potions_obtained":[{"floor":5,"key":"construct:ShiftPotion"},{"floor":9,"key":"Weak Potion"},{"floor":14,"key":"SpeedPotion"},{"floor":16,"key":"AttackPotion"},{"floor":19,"key":"Strength Potion"},{"floor":20,"key":"SkillPotion"}],"is_trial":false,"path_per_floor":["R","M","?","$","M","R","T","R","M","MIM","R","E","R","M","M","B",null,"R","M","M","$","M"],"character_chosen":"THE_SILENT","items_purchased":["Noxious Fumes","Bane","Outmaneuver","Poisoned Stab","Noxious Fumes"],"campfire_rested":0,"item_purchase_floors":[4,4,21,21,21],"current_hp_per_floor":[70,70,70,70,66,66,66,66,66,66,66,56,56,51,45,24,70,70,46,9,9,0,0],"gold":148,"neow_bonus":"RANDOM_COLORLESS","is_daily":false,"chose_seed":false,"campfire_upgraded":6,"win_rate":0.0,"timestamp":1613209673,"path_taken":["R","M","?","$","M","R","T","R","M","?","R","E","R","M","M","BOSS","R","M","M","$","M"],"items_purchased_type":["Card","Card","Card","Card","Card"],"build_version":"2020-12-22","purchased_purges":0,"victory":false,"max_hp_per_floor":[70,70,70,70,70,70,70,70,70,70,70,70,70,70,70,70,70,70,70,70,70,70,70],"card_choices":[{"not_picked":["hubris:Ssssneak","Replay:Parry"],"picked":"Dramatic Entrance","floor":0},{"not_picked":["Distraction","Dodge and Roll"],"picked":"Bane","floor":2},{"not_picked":["Flying Knee","Underhanded Strike"],"picked":"Poisoned Stab","floor":4},{"not_picked":["Fluid Movement","jedi:collectorvenom"],"picked":"Deadly Poison","floor":5},{"not_picked":["Acrobatics","ReplayTheSpireMod:Speed Training"],"picked":"ReplayTheSpireMod:The Works","floor":9},{"not_picked":["Eviscerate","Poisoned Stab"],"picked":"Bane","floor":10},{"not_picked":["Acrobatics","Sucker Punch"],"picked":"jedi:pocketpoison","floor":12},{"not_picked":["Skewer","Sucker Punch"],"picked":"Venomology","floor":14},{"not_picked":["Deflect","Reflex"],"picked":"jedi:pocketpoison","floor":15},{"not_picked":["ReplayTheSpireMod:From All Sides","Atom Bomb"],"picked":"ReplayTheSpireMod:Necrosis","floor":16},{"not_picked":["hubris:Sniper+1","Poisoned Stab"],"picked":"jedi:poisonivy","floor":19},{"not_picked":["Underhanded Strike+1","hubris:SlightOfHand"],"picked":"jedi:poisonivy","floor":20},{"not_picked":["Sucker Punch","Reflex+1"],"picked":"PiercingWail","floor":21}],"player_experience":40124,"relics_obtained":[{"floor":3,"key":"ReplayTheSpireMod:Ring of Collecting"},{"floor":7,"key":"CCEMRelics:BundleOfDynamite"},{"floor":10,"key":"infinitespire:Lucky Rock"},{"floor":12,"key":"infinitespire:Golems Mask"}],"event_choices":[],"is_beta":false,"boss_relics":[{"not_picked":["Kintsugi","Astrolabe"],"picked":"energizedSpire:OgreHead"}],"items_purged_floors":[],"is_endless":false,"potions_floor_spawned":[5,9,14,16,19,20],"killed_by":"Shelled Parasite and Fungi","ascension_level":0}}