{"host":"t8hqdz2qn09y00vh","time":1613231408,"event":{"mods":["AchievementEnabler","BaseMod","Colored Map","Colored Powertips","Highlight Path","Infinite Spire","Minty Spire (QoL Compilation)","Quick Restart","StSLib"],"gold_per_floor":[115,133,149,149,74,105,105,121,190,190,222,241,241,61,61,161,161,174,174,174,186,186,186],"floor_reached":22,"language":"ENG","playtime":999,"items_purged":["Regret","Strike_B"],"score":223,"play_id":"6586bd02-35e4-497e-9329-7246ba80fa6f","local_time":"20210213105008","is_ascension_mode":true,"campfire_choices":[{"floor":7.0,"key":"REST"},{"data":"Fusion","floor":7.0,"key":"SMITH"},{"floor":10.0,"key":"REST"},{"data":"1","floor":10.0,"key":"LIFT"},{"floor":13.0,"key":"REST"},{"data":"Static Discharge","floor":13.0,"key":"SMITH"},{"floor":15.0,"key":"REST"}],"circlet_count":0,"master_deck":["Strike_B","Defend_B","Defend_B","Defend_B","Defend_B","Zap","Dualcast","Leap","Fusion+1","Rebound","Hello World","Ball Lightning","Static Discharge+1","Reprogram","Buffer","White Noise","Self Repair","Capacitor","Self Repair+1"],"relics":["Cracked Core","Girya","infinitespire:Magic Flask","DataDisk","Molten Egg 2","Darkstone Periapt","SacredBark"],"acts_visited":["Exordium","TheCity"],"potions_floor_usage":[],"damage_taken":[{"damage":0.0,"enemies":"2 Louse","floor":1.0,"turns":2.0},{"damage":0.0,"enemies":"Cultist","floor":2.0,"turns":4.0},{"damage":7.0,"enemies":"Jaw Worm","floor":3.0,"turns":6.0},{"damage":32.0,"enemies":"Gremlin Nob","floor":6.0,"turns":4.0},{"damage":16.0,"enemies":"Blue Slaver","floor":8.0,"turns":3.0},{"damage":31.0,"enemies":"Lagavulin","floor":11.0,"turns":5.0},{"damage":7.0,"enemies":"2 Fungi Beasts","floor":12.0,"turns":2.0},{"damage":26.0,"enemies":"The Guardian","floor":16.0,"turns":9.0},{"damage":25.0,"enemies":"2 Thieves","floor":18.0,"turns":3.0},{"damage":31.0,"enemies":"Shell Parasite","floor":21.0,"turns":6.0},{"damage":19,"enemies":"Chosen and Byrds","floor":22,"turns":4}],"seed_played":"8939303977224336543","potions_obtained":[{"floor":1.0,"key":"DuplicationPotion"},{"floor":6.0,"key":"SneckoOil"},{"floor":16.0,"key":"FocusPotion"}],"is_trial":false,"path_per_floor":["M","M","M","?","$","E","R","M","T","R","E","M","R","$","R","B",null,"M","?","?","M","M"],"character_chosen":"DEFECT","items_purchased":["Reprogram"],"campfire_rested":4,"item_purchase_floors":[14],"current_hp_per_floor":[68,68,61,61,61,29,49,33,33,53,22,15,35,35,55,29,68,43,43,43,19,0,0],"gold":186,"neow_bonus":"ONE_RARE_RELIC","is_daily":false,"chose_seed":false,"campfire_upgraded":2,"win_rate":0.0,"timestamp":1613231408,"path_taken":["M","M","M","?","?","E","R","M","T","R","E","M","R","$","R","BOSS","M","?","?","M","M"],"items_purchased_type":["Card"],"build_version":"2020-12-22","purchased_purges":2,"victory":false,"max_hp_per_floor":[68,68,68,68,68,68,68,68,68,68,68,68,68,68,68,68,68,68,68,68,68,68,68],"card_choices":[{"not_picked":["Steam","Skim"],"picked":"Leap","floor":1.0},{"not_picked":["Rebound","Rip and Tear"],"picked":"Fusion","floor":2.0},{"not_picked":["Sweeping Beam","Reprogram"],"picked":"Rebound","floor":3.0},{"not_picked":["Beam Cell","Go for the Eyes"],"picked":"Hello World","floor":6.0},{"not_picked":["Machine Learning","Sunder"],"picked":"Ball Lightning","floor":8.0},{"not_picked":["Fusion","Force Field"],"picked":"Static Discharge","floor":11.0},{"not_picked":["Steam","Blizzard+1","Streamline+1"],"picked":"SKIP","floor":12.0},{"not_picked":["Steam","Blizzard+1","Streamline+1"],"picked":"SKIP","floor":12.0},{"not_picked":["All For One+1","Hyperbeam+1"],"picked":"Buffer","floor":16.0},{"not_picked":["Rebound+1","Leap"],"picked":"White Noise","floor":18.0},{"not_picked":["Leap","Blizzard+1"],"picked":"Self Repair+1","floor":21}],"player_experience":265669,"relics_obtained":[{"floor":6.0,"key":"DataDisk"},{"floor":9.0,"key":"Molten Egg 2"},{"floor":11.0,"key":"Darkstone Periapt"}],"event_choices":[{"damage_healed":0.0,"max_hp_gain":0.0,"max_hp_loss":0.0,"gold_gain":0.0,"event_name":"Big Fish","player_choice":"Box","floor":4.0,"gold_loss":0.0,"damage_taken":0.0,"relics_obtained":["infinitespire:Magic Flask"],"cards_obtained":["Regret"]},{"damage_healed":0.0,"max_hp_gain":0.0,"max_hp_loss":0.0,"gold_gain":0.0,"cards_transformed":["Strike_B","Strike_B"],"event_name":"Drug Dealer","player_choice":"Became Test Subject","floor":19.0,"gold_loss":0.0,"damage_taken":0.0,"cards_obtained":["Self Repair","Capacitor"]},{"damage_healed":0.0,"max_hp_gain":0.0,"max_hp_loss":0.0,"gold_gain":0.0,"event_name":"Ghosts","player_choice":"Ignored","floor":20.0,"gold_loss":0.0,"damage_taken":0.0}],"is_beta":false,"boss_relics":[{"not_picked":["infinitespire:Cupcake","Coffee Dripper"],"picked":"SacredBark"}],"items_purged_floors":[5,14],"is_endless":false,"potions_floor_spawned":[1,6,16],"killed_by":"Chosen and Byrds","ascension_level":3}}