{"host":"t1puqh5lxz8sp6fn","time":1613251019,"event":{"mods":["AchievementEnabler","BaseMod","Colored Powertips","Minty Spire (QoL Compilation)","Rare Cards Sparkle","Relic Stats","StSLib"],"gold_per_floor":[117,35,35,46,46,77,77,106,106,106,106],"floor_reached":10,"playtime":222,"items_purged":[],"score":173,"play_id":"b1a1aa68-a55e-4307-8fe6-f2beda4aab0d","local_time":"20210213181659","is_ascension_mode":true,"campfire_choices":[{"data":"Terror","floor":7,"key":"SMITH"}],"circlet_count":0,"master_deck":["AscendersBane","Strike_G","Strike_G","Strike_G","Strike_G","Strike_G","Defend_G","Defend_G","Defend_G","Defend_G","Defend_G","Survivor","Neutralize","Blade Dance","Dark Shackles","Terror+1","Poisoned Stab","Dodge and Roll"],"relics":["Ring of the Snake","NeowsBlessing","Tough Bandages","The Courier","Unceasing Top"],"acts_visited":["Exordium"],"potions_floor_usage":[8],"damage_taken":[{"damage":0,"enemies":"Small Slimes","floor":1,"turns":1},{"damage":0,"enemies":"2 Louse","floor":4,"turns":1},{"damage":0,"enemies":"3 Sentries","floor":6,"turns":1},{"damage":33,"enemies":"Gremlin Nob","floor":8,"turns":5},{"damage":28,"enemies":"3 Sentries","floor":10,"turns":7}],"seed_played":"445386914742372692","potions_obtained":[{"floor":4,"key":"DuplicationPotion"}],"is_trial":false,"path_per_floor":["M","$","?","M","?","E","R","E","T","E"],"character_chosen":"THE_SILENT","items_purchased":["Dark Shackles"],"campfire_rested":0,"item_purchase_floors":[2],"current_hp_per_floor":[59,59,59,59,59,59,59,26,26,0,0],"gold":106,"neow_bonus":"THREE_ENEMY_KILL","is_daily":false,"chose_seed":false,"campfire_upgraded":1,"win_rate":0.0,"timestamp":1613251019,"path_taken":["M","$","?","M","?","E","R","E","T","E"],"items_purchased_type":["Card"],"build_version":"2020-12-13","purchased_purges":0,"victory":false,"max_hp_per_floor":[66,66,66,66,66,66,66,66,66,66,66],"relic_stats":{"Tough Bandages":[6],"counters":[5,15],"obtain_stats":[{"Tough Bandages":6,"NeowsBlessing":0,"The Courier":8,"Unceasing Top":9,"Ring of the Snake":0},{"Tough Bandages":3,"NeowsBlessing":0,"The Courier":4,"Unceasing Top":4,"Ring of the Snake":0},{"Tough Bandages":3,"NeowsBlessing":0,"The Courier":8,"Unceasing Top":8,"Ring of the Snake":0}],"Unceasing Top":[0],"Ring of the Snake":[10]},"card_choices":[{"not_picked":["Slice","Well Laid Plans"],"picked":"Blade Dance","floor":1},{"not_picked":["Catalyst","Flying Knee"],"picked":"Terror","floor":4},{"not_picked":["Quick Slash","Riddle With Holes"],"picked":"Poisoned Stab","floor":6},{"not_picked":["Tactician","Finisher"],"picked":"Dodge and Roll","floor":8}],"player_experience":522566,"relics_obtained":[{"floor":6,"key":"Tough Bandages"},{"floor":8,"key":"The Courier"},{"floor":9,"key":"Unceasing Top"}],"event_choices":[{"damage_healed":0,"gold_gain":0,"player_choice":"Leave","damage_taken":0,"max_hp_gain":0,"max_hp_loss":0,"event_name":"The Cleric","floor":3,"gold_loss":0},{"damage_healed":0,"gold_gain":0,"player_choice":"Ignored","damage_taken":0,"max_hp_gain":0,"max_hp_loss":0,"event_name":"Liars Game","floor":5,"gold_loss":0}],"is_beta":false,"boss_relics":[],"items_purged_floors":[],"is_endless":false,"potions_floor_spawned":[4],"killed_by":"3 Sentries","ascension_level":15}}