{"host":"s0ikvqhe10eopvjn","time":1613240343,"event":{"mods":["Act Like it!","Bard","BaseMod","Better Third Choice","Block Reminder","Colored Map","Colored Powertips","Dark Map","DeckTracker","Downfall","GifTheSpireLib","Halation","Hallownest","Hermit","Highlight Path","Hubris","Infinite Spire","Mad Scientist","Minty Spire (QoL Compilation)","Permanent Neow","Random Character Button","Relic Stats","Reliquary","StSLib","The Blue Laboratory","The Bug Knight","The Construct","The Cursed","The Disciple","The Marked","The Necromancer","The Poker Player","The Runesmith","The Servant 0.9.4"],"gold_per_floor":[99,114,114,131,131,142,169,183,201,201,220,235,267,267,280,280,280,280],"floor_reached":16,"language":"ENG","playtime":850,"items_purged":[],"score":106,"play_id":"b390210e-1348-4f7f-a031-6c67560d3c02","local_time":"20210213181903","is_ascension_mode":false,"campfire_choices":[{"floor":1,"key":"RECALL"}],"circlet_count":0,"master_deck":["expansioncontent:QuickStudy+1","bronze:Strike","bronze:Strike","bronze:Strike","bronze:Strike","bronze:Defend","bronze:Defend","bronze:Defend","bronze:Defend","bronze:Replicate","bronze:Goto","bronze:Verify","bronze:WhirlingStrike","bronze:CutThrough","bronze:Iterate","bronze:FineTuning","bronze:Frontload","Parasite","bronze:OilSpill","bronze:ItsAFeature","bronze:FindAndReplace"],"relics":["bronze:BronzeCore","halation:PinkSoulGem","hubris:Towel","PreservedInsect"],"acts_visited":["Exordium"],"potions_floor_usage":[8,16],"damage_taken":[{"damage":0,"enemies":"Jaw Worm","floor":2,"turns":5},{"damage":0,"enemies":"Small Slimes","floor":4,"turns":2},{"damage":6,"enemies":"2 Louse","floor":6,"turns":2},{"damage":10,"enemies":"Exordium Wildlife","floor":8,"turns":5},{"damage":0,"enemies":"Gremlin Gang","floor":9,"turns":1},{"damage":4,"enemies":"2 Fungi Beasts","floor":11,"turns":3},{"damage":7,"enemies":"3 Louse","floor":12,"turns":3},{"damage":20,"enemies":"Lagavulin","floor":13,"turns":5},{"damage":15,"enemies":"downfall:LooterAlt","floor":15,"turns":3},{"damage":39,"enemies":"WA_ARCHETYPE_RETAIN","floor":16,"turns":4}],"seed_played":"-2106188964403011367","potions_obtained":[{"floor":2,"key":"Block Potion"},{"floor":11,"key":"SteroidPotion"}],"is_trial":false,"path_per_floor":["R","M","?","M","?","M","T","M","M","?","M","M","E","?","M","B"],"character_chosen":"THE_AUTOMATON","items_purchased":[],"campfire_rested":0,"item_purchase_floors":[],"current_hp_per_floor":[70,70,70,70,70,64,64,54,54,70,66,59,39,42,27,0,0,0],"gold":280,"neow_bonus":"ONE_RANDOM_RARE_CARD","is_daily":false,"chose_seed":false,"campfire_upgraded":0,"win_rate":0.0,"timestamp":1613240343,"path_taken":["R","M","?","M","?","M","T","M","M","?","M","M","E","?","M","BOSS"],"items_purchased_type":[],"build_version":"2020-12-22","purchased_purges":0,"victory":false,"max_hp_per_floor":[70,70,70,70,70,70,70,70,70,70,70,70,70,73,73,73,73,73],"relic_stats":{"counters":[10,33],"PreservedInsect":0,"obtain_stats":[{"bronze:BronzeCore":0,"PreservedInsect":13,"hubris:Towel":5,"halation:PinkSoulGem":3},{"bronze:BronzeCore":0,"PreservedInsect":8,"hubris:Towel":2,"halation:PinkSoulGem":1},{"bronze:BronzeCore":0,"PreservedInsect":26,"hubris:Towel":7,"halation:PinkSoulGem":5}]},"card_choices":[{"not_picked":["bronze:Deprecate","bronze:Flail"],"picked":"bronze:WhirlingStrike","floor":2},{"not_picked":["bronze:WildBeam","bronze:WhirlingStrike"],"picked":"bronze:CutThrough","floor":4},{"not_picked":["bronze:Turbo","bronze:WildBeam"],"picked":"bronze:Iterate","floor":6},{"not_picked":["bronze:BurnOut","bronze:Shield"],"picked":"bronze:FineTuning","floor":8},{"not_picked":["bronze:Iterate","bronze:Shell"],"picked":"bronze:Frontload","floor":9},{"not_picked":["bronze:BitShift","bronze:Frontload"],"picked":"bronze:OilSpill","floor":11},{"not_picked":["bronze:Deprecate","bronze:Shell"],"picked":"bronze:ItsAFeature","floor":12},{"not_picked":["bronze:Boost","bronze:BuggyMess"],"picked":"bronze:FindAndReplace","floor":13},{"not_picked":["bronze:Frontload","bronze:DelayedGuard","bronze:CutThrough"],"picked":"SKIP","floor":15}],"player_experience":335606,"relics_obtained":[{"floor":13,"key":"PreservedInsect"}],"event_choices":[{"damage_healed":17,"gold_gain":0,"player_choice":"Healed and dodged fight","damage_taken":0,"max_hp_gain":0,"max_hp_loss":0,"event_name":"Mushrooms","floor":10,"gold_loss":0,"cards_obtained":["Parasite"]}],"is_beta":false,"boss_relics":[],"items_purged_floors":[],"is_endless":false,"potions_floor_spawned":[2,4,11,13],"killed_by":"WA_ARCHETYPE_RETAIN","ascension_level":0}}