{"host":"19r1ww88x2tc73i0","time":1613186876,"event":{"mods":["BaseMod","Bestiary","BetterRewards","Colored Map","Minty Spire (QoL Compilation)","Relic Stats","StSLib","SuperFastMode","slay the spire mod where everything is the same but ironclad has a cowboy hat"],"gold_per_floor":[109,109,109,34,5,37,37,37,83,117,117,127,140,168,168,244,244,264,275,294,294,312,312,337,337,337,337,353,353,353,387,387,459,459,473,230,155,155,166,197,208,233,233,247,247,272,285,68,68,68,68,68],"floor_reached":51,"language":"ENG","playtime":1697,"items_purged":["Strike_G"],"score":1857,"play_id":"276d0692-2c28-46ca-ae0f-c2a682e600dd","local_time":"25640213102756","is_ascension_mode":true,"campfire_choices":[{"data":"Glass Knife","floor":7.0,"key":"SMITH"},{"data":"Blade Dance","floor":11.0,"key":"SMITH"},{"data":"Masterful Stab","floor":15.0,"key":"SMITH"},{"data":"Accuracy","floor":23.0,"key":"SMITH"},{"data":"Cloak And Dagger","floor":25.0,"key":"SMITH"},{"data":"Cloak And Dagger","floor":27.0,"key":"SMITH"},{"data":"After Image","floor":29.0,"key":"SMITH"},{"floor":32.0,"key":"REST"},{"data":"Footwork","floor":45.0,"key":"SMITH"},{"floor":49.0,"key":"RECALL"}],"circlet_count":0,"master_deck":["AscendersBane","Defend_G+1","Defend_G+1","Defend_G","Survivor","Neutralize","All Out Attack","Blade Dance+1","Glass Knife+1","Flying Knee","PiercingWail","Dodge and Roll","Masterful Stab+1","After Image+1","Accuracy+1","Backflip","Cloak And Dagger+1","Cloak And Dagger+1","Corpse Explosion","Calculated Gamble","Terror","Tools of the Trade","Heel Hook+1","A Thousand Cuts+1","Predator+1","Footwork+1","Storm of Steel","Footwork","Backstab+1","Calculated Gamble+1","Dash","Footwork","Prepared+1","Dodge and Roll","After Image"],"relics":["Ring of the Snake","NeowsBlessing","Art of War","Oddly Smooth Stone","Pen Nib","FossilizedHelix","Sozu","Nloth\u0027s Gift","Tiny Chest","HornCleat","White Beast Statue","Astrolabe","Vajra","PreservedInsect","Pantograph","Unceasing Top","Boot","War Paint"],"acts_visited":["Exordium","TheCity","TheBeyond"],"potions_floor_usage":[],"damage_taken":[{"damage":0.0,"enemies":"Jaw Worm","floor":1.0,"turns":1.0},{"damage":0.0,"enemies":"Gremlin Nob","floor":6.0,"turns":1.0},{"damage":0.0,"enemies":"3 Sentries","floor":10.0,"turns":1.0},{"damage":0.0,"enemies":"2 Louse","floor":12.0,"turns":2.0},{"damage":0.0,"enemies":"Small Slimes","floor":13.0,"turns":1.0},{"damage":0.0,"enemies":"Lagavulin","floor":14.0,"turns":2.0},{"damage":29.0,"enemies":"Slime Boss","floor":16.0,"turns":11.0},{"damage":2.0,"enemies":"Chosen","floor":18.0,"turns":5.0},{"damage":5.0,"enemies":"3 Byrds","floor":19.0,"turns":6.0},{"damage":0.0,"enemies":"Centurion and Healer","floor":20.0,"turns":6.0},{"damage":0.0,"enemies":"Snecko","floor":22.0,"turns":5.0},{"damage":19.0,"enemies":"Book of Stabbing","floor":24.0,"turns":6.0},{"damage":0.0,"enemies":"Snake Plant","floor":28.0,"turns":4.0},{"damage":21.0,"enemies":"Slavers","floor":31.0,"turns":3.0},{"damage":24.0,"enemies":"Automaton","floor":33.0,"turns":12.0},{"damage":0.0,"enemies":"Orb Walker","floor":35.0,"turns":4.0},{"damage":0.0,"enemies":"3 Shapes","floor":39.0,"turns":4.0},{"damage":0.0,"enemies":"Reptomancer","floor":40.0,"turns":4.0},{"damage":13.0,"enemies":"Jaw Worm Horde","floor":41.0,"turns":3.0},{"damage":0.0,"enemies":"Giant Head","floor":42.0,"turns":5.0},{"damage":0.0,"enemies":"Writhing Mass","floor":44.0,"turns":5.0},{"damage":0.0,"enemies":"Reptomancer","floor":46.0,"turns":5.0},{"damage":0.0,"enemies":"4 Shapes","floor":47.0,"turns":5.0},{"damage":44.0,"enemies":"Donu and Deca","floor":50.0,"turns":10.0},{"damage":66,"enemies":"Awakened One","floor":51,"turns":3}],"seed_played":"-4018780238936012072","potions_obtained":[{"floor":1.0,"key":"LiquidMemories"},{"floor":8.0,"key":"SteroidPotion"}],"is_trial":false,"path_per_floor":["M","?","?","?","$","E","R","?","T","E","R","M","M","E","R","B",null,"M","M","M","?","M","R","E","R","T","R","M","R","T","E","R","B",null,"M","$","?","T","M","E","M","E","T","M","R","E","M","$","R","B","B"],"character_chosen":"THE_SILENT","items_purchased":["Blade Dance","Vajra","Dodge and Roll","After Image"],"campfire_rested":1,"item_purchase_floors":[5,36,48,48],"current_hp_per_floor":[59,64,59,59,59,59,59,59,66,66,66,66,66,66,66,37,68,66,61,61,61,61,61,42,42,42,42,42,42,42,21,44,20,64,64,64,64,64,64,64,51,51,51,51,51,51,51,51,51,32,0,0],"gold":68,"neow_bonus":"THREE_ENEMY_KILL","is_daily":false,"chose_seed":false,"campfire_upgraded":8,"win_rate":0.0,"timestamp":1613186876,"path_taken":["M","?","?","?","$","E","R","?","T","E","R","M","M","E","R","BOSS","M","M","?","?","M","R","E","R","T","R","?","R","?","E","R","BOSS","M","$","?","?","?","E","?","E","T","M","R","E","M","$","R","BOSS","BOSS"],"items_purchased_type":["Card","Relic","Card","Card"],"build_version":"2020-12-22","purchased_purges":1,"victory":false,"max_hp_per_floor":[66,71,71,71,71,71,71,71,78,78,78,78,78,78,78,78,78,78,78,78,78,78,78,78,78,78,78,78,78,78,78,78,78,78,78,78,78,78,78,78,78,78,78,78,78,78,78,78,78,78,78,78],"relic_stats":{"counters":[25,114],"Astrolabe":["Heel Hook","A Thousand Cuts","Predator"],"Pen Nib":[30],"PreservedInsect":250,"War Paint":["Defend_G","Defend_G"],"Boot":[9],"Sozu":12,"Pantograph":50,"Tiny Chest":1,"Art of War":[4],"Nloth\u0027s Gift":3,"obtain_stats":[{"NeowsBlessing":0,"Astrolabe":34,"Oddly Smooth Stone":6,"Vajra":36,"Pen Nib":10,"PreservedInsect":38,"War Paint":46,"Boot":43,"White Beast Statue":31,"Sozu":17,"HornCleat":26,"Strawberry":9,"Pantograph":40,"Tiny Chest":24,"Art of War":3,"Nloth\u0027s Gift":21,"FossilizedHelix":14,"Unceasing Top":42,"Ring of the Snake":0},{"NeowsBlessing":0,"Astrolabe":15,"Oddly Smooth Stone":2,"Vajra":16,"Pen Nib":3,"PreservedInsect":16,"War Paint":22,"Boot":20,"White Beast Statue":14,"Sozu":7,"HornCleat":12,"Strawberry":2,"Pantograph":18,"Tiny Chest":12,"Art of War":1,"Nloth\u0027s Gift":10,"FossilizedHelix":6,"Unceasing Top":20,"Ring of the Snake":0},{"NeowsBlessing":0,"Astrolabe":66,"Oddly Smooth Stone":2,"Vajra":70,"Pen Nib":3,"PreservedInsect":70,"War Paint":96,"Boot":86,"White Beast Statue":54,"Sozu":19,"HornCleat":47,"Strawberry":2,"Pantograph":78,"Tiny Chest":47,"Art of War":1,"Nloth\u0027s Gift":36,"FossilizedHelix":8,"Unceasing Top":86,"Ring of the Snake":0}],"Unceasing Top":[11],"Ring of the Snake":[50]},"card_choices":[{"not_picked":["Blur","Deflect"],"picked":"All Out Attack","floor":1.0},{"not_picked":["Poisoned Stab","Prepared"],"picked":"Glass Knife","floor":6.0},{"not_picked":["Quick Slash","Deadly Poison"],"picked":"Flying Knee","floor":10.0},{"not_picked":["Sucker Punch","Underhanded Strike"],"picked":"PiercingWail","floor":12.0},{"not_picked":["Flying Knee","Dagger Throw"],"picked":"Dodge and Roll","floor":13.0},{"not_picked":["Reflex","Poisoned Stab"],"picked":"Masterful Stab","floor":14.0},{"not_picked":["Die Die Die","Tools of the Trade"],"picked":"After Image","floor":16.0},{"not_picked":["Dagger Throw","Footwork"],"picked":"Accuracy","floor":18.0},{"not_picked":["Masterful Stab+1","Noxious Fumes"],"picked":"Backflip","floor":19.0},{"not_picked":["Tactician","Calculated Gamble"],"picked":"Cloak And Dagger","floor":20.0},{"not_picked":["Poisoned Stab","Outmaneuver"],"picked":"Cloak And Dagger","floor":22.0},{"not_picked":["Deadly Poison","Bane"],"picked":"Corpse Explosion","floor":24.0},{"not_picked":["Prepared","Deflect"],"picked":"Calculated Gamble","floor":28.0},{"not_picked":["Sucker Punch","Backstab"],"picked":"Terror","floor":31.0},{"not_picked":["Grand Finale","Corpse Explosion"],"picked":"Tools of the Trade","floor":33.0},{"not_picked":["Sucker Punch+1","Slice+1"],"picked":"Footwork","floor":35.0},{"not_picked":["Blade Dance","Tactician"],"picked":"Backstab+1","floor":39.0},{"not_picked":["Bullet Time","Caltrops"],"picked":"Calculated Gamble+1","floor":40.0},{"not_picked":["Riddle With Holes","Slice","Bouncing Flask"],"picked":"SKIP","floor":41.0},{"not_picked":["Bullet Time","Tools of the Trade"],"picked":"Dash","floor":42.0},{"not_picked":["Dodge and Roll+1","Poisoned Stab+1"],"picked":"Footwork","floor":44.0},{"not_picked":["Endless Agony+1","Backstab","Dagger Spray+1"],"picked":"SKIP","floor":46.0},{"not_picked":["Bane+1","Tactician+1"],"picked":"Prepared+1","floor":47.0}],"player_experience":1062088,"relics_obtained":[{"floor":6.0,"key":"Oddly Smooth Stone"},{"floor":9.0,"key":"Strawberry"},{"floor":10.0,"key":"Pen Nib"},{"floor":14.0,"key":"FossilizedHelix"},{"floor":24.0,"key":"Tiny Chest"},{"floor":26.0,"key":"HornCleat"},{"floor":31.0,"key":"White Beast Statue"},{"floor":38.0,"key":"PreservedInsect"},{"floor":40.0,"key":"Pantograph"},{"floor":42.0,"key":"Unceasing Top"},{"floor":43.0,"key":"Boot"},{"floor":46.0,"key":"War Paint"}],"event_choices":[{"damage_healed":0.0,"max_hp_gain":5.0,"max_hp_loss":0.0,"gold_gain":0.0,"event_name":"Big Fish","player_choice":"Donut","floor":2.0,"gold_loss":0.0,"damage_taken":0.0},{"damage_healed":0.0,"max_hp_gain":0.0,"max_hp_loss":0.0,"gold_gain":0.0,"event_name":"Scrap Ooze","player_choice":"Success","floor":3.0,"gold_loss":0.0,"damage_taken":5.0,"relics_obtained":["Art of War"]},{"cards_removed":["Strike_G"],"damage_healed":0.0,"max_hp_gain":0.0,"max_hp_loss":0.0,"gold_gain":0.0,"event_name":"The Cleric","player_choice":"Card Removal","floor":4.0,"gold_loss":75.0,"damage_taken":0.0},{"damage_healed":0.0,"max_hp_gain":0.0,"max_hp_loss":0.0,"gold_gain":0.0,"event_name":"Lab","player_choice":"Got Potions","floor":8.0,"gold_loss":0.0,"damage_taken":0.0},{"damage_healed":0.0,"max_hp_gain":0.0,"max_hp_loss":0.0,"gold_gain":0.0,"event_name":"N\u0027loth","player_choice":"Traded Relic","floor":21.0,"relics_lost":["Strawberry"],"gold_loss":0.0,"damage_taken":0.0,"relics_obtained":["Nloth\u0027s Gift"]},{"damage_healed":0.0,"max_hp_gain":0.0,"max_hp_loss":0.0,"gold_gain":0.0,"cards_transformed":["Defend_G","Defend_G"],"event_name":"Designer","player_choice":"Transformed Cards","floor":37.0,"gold_loss":75.0,"damage_taken":0.0,"cards_obtained":["Storm of Steel","Footwork"]}],"is_beta":false,"boss_relics":[{"not_picked":["SlaversCollar","Snecko Eye"],"picked":"Sozu"},{"not_picked":["Runic Dome","Runic Pyramid"],"picked":"Astrolabe"}],"items_purged_floors":[36],"is_endless":false,"potions_floor_spawned":[1,13,18,19,22,33,35,39,40,41,42,44,46,47],"killed_by":"Awakened One","ascension_level":20}}