{"host":"e2ju6k0wppswbhbd","time":1613250608,"event":{"mods":["BaseMod","Minty Spire (QoL Compilation)","Rare Cards Sparkle","StSLib"],"gold_per_floor":[113,183,198,273,285,285,311,311,311,327,356,356,321,332,332,436,436,449,449,16,26,38,70,70,97,166,178,178,178,191,191,191,293,293,307,307,325,341,353,353,378,14,14,40,40,60,60,74,74,74,74,74,24,51,51,51],"floor_reached":55,"language":"FRA","playtime":7070,"items_purged":["Strike_B","Pain"],"score":827,"play_id":"d0b7bab1-4bca-471a-b4ac-ab7d3e353322","local_time":"20210213221008","is_ascension_mode":false,"campfire_choices":[{"floor":6.0,"key":"RECALL"},{"data":"Zap","floor":8.0,"key":"SMITH"},{"data":"White Noise","floor":15.0,"key":"SMITH"},{"data":"Defragment","floor":24.0,"key":"SMITH"},{"data":"Glacier","floor":32.0,"key":"SMITH"},{"floor":40.0,"key":"REST"},{"floor":45.0,"key":"REST"},{"data":"Rainbow","floor":49.0,"key":"SMITH"},{"data":"Capacitor","floor":52.0,"key":"SMITH"}],"circlet_count":0,"master_deck":["Zap+1","Dualcast","Redo+1","Streamline","Coolheaded","White Noise+1","Doom and Gloom","Sweeping Beam","Cold Snap","Redo","Electrodynamics","Loop+1","Defragment+1","Leap","White Noise+1","Stack+1","Beam Cell","Pain","Glacier+1","Static Discharge","Rainbow+1","Glacier","White Noise","Force Field","Coolheaded","Blizzard","Double Energy","Leap+1","Biased Cognition","Capacitor+1","Aggregate","Pain","Conserve Battery","Mayhem","Barrage+1","Leap+1"],"relics":["Cracked Core","Turnip","Mango","Toy Ornithopter","Cursed Key","Pen Nib","DollysMirror","Smiling Mask","MealTicket","Mummified Hand","Pandora\u0027s Box","Blue Candle","FossilizedHelix","Kunai","InkBottle","HornCleat"],"acts_visited":["Exordium","TheCity","TheBeyond","TheEnding"],"potions_floor_usage":[54],"damage_taken":[{"damage":0.0,"enemies":"2 Louse","floor":1.0,"turns":3.0},{"damage":1.0,"enemies":"Jaw Worm","floor":3.0,"turns":3.0},{"damage":0.0,"enemies":"Small Slimes","floor":5.0,"turns":2.0},{"damage":18.0,"enemies":"3 Sentries","floor":7.0,"turns":9.0},{"damage":7.0,"enemies":"Blue Slaver","floor":10.0,"turns":2.0},{"damage":0.0,"enemies":"Gremlin Nob","floor":11.0,"turns":3.0},{"damage":2.0,"enemies":"3 Louse","floor":14.0,"turns":3.0},{"damage":26.0,"enemies":"Hexaghost","floor":16.0,"turns":9.0},{"damage":0.0,"enemies":"3 Byrds","floor":18.0,"turns":3.0},{"damage":1.0,"enemies":"Shell Parasite","floor":21.0,"turns":5.0},{"damage":16.0,"enemies":"Snake Plant","floor":22.0,"turns":2.0},{"damage":26.0,"enemies":"Slavers","floor":23.0,"turns":3.0},{"damage":13.0,"enemies":"Book of Stabbing","floor":25.0,"turns":5.0},{"damage":17.0,"enemies":"Snecko","floor":27.0,"turns":6.0},{"damage":11.0,"enemies":"Centurion and Healer","floor":30.0,"turns":5.0},{"damage":27.0,"enemies":"Collector","floor":33.0,"turns":13.0},{"damage":18.0,"enemies":"Orb Walker","floor":35.0,"turns":5.0},{"damage":8.0,"enemies":"3 Shapes","floor":37.0,"turns":6.0},{"damage":4.0,"enemies":"Maw","floor":38.0,"turns":8.0},{"damage":38.0,"enemies":"Jaw Worm Horde","floor":39.0,"turns":5.0},{"damage":5.0,"enemies":"Reptomancer","floor":41.0,"turns":6.0},{"damage":44.0,"enemies":"Nemesis","floor":44.0,"turns":7.0},{"damage":1.0,"enemies":"Sphere and 2 Shapes","floor":46.0,"turns":5.0},{"damage":1.0,"enemies":"3 Darklings","floor":48.0,"turns":5.0},{"damage":4.0,"enemies":"Awakened One","floor":50.0,"turns":13.0},{"damage":51,"enemies":"Shield and Spear","floor":54,"turns":6},{"damage":48,"enemies":"The Heart","floor":55,"turns":5}],"seed_played":"-8527379292819224952","potions_obtained":[{"floor":3.0,"key":"AttackPotion"},{"floor":10.0,"key":"PowerPotion"},{"floor":16.0,"key":"EssenceOfDarkness"},{"floor":21.0,"key":"Ancient Potion"},{"floor":23.0,"key":"PowerPotion"},{"floor":25.0,"key":"FearPotion"},{"floor":29.0,"key":"Fruit Juice"},{"floor":29.0,"key":"Swift Potion"},{"floor":29.0,"key":"Dexterity Potion"},{"floor":30.0,"key":"Fruit Juice"},{"floor":33.0,"key":"DistilledChaos"},{"floor":39.0,"key":"Energy Potion"},{"floor":41.0,"key":"DuplicationPotion"},{"floor":44.0,"key":"Fire Potion"},{"floor":46.0,"key":"BlessingOfTheForge"},{"floor":54,"key":"SmokeBomb"}],"is_trial":false,"path_per_floor":["M","?","M","?","M","R","E","R","T","M","E","?","?","M","R","B",null,"M","?","$","M","M","E","R","E","T","M","?","?","M","T","R","B",null,"M","?","M","M","M","R","E","$","T","E","R","M","?","M","R","B",null,"R","$","E","B"],"character_chosen":"DEFECT","items_purchased":["Pen Nib","Leap","DollysMirror","FossilizedHelix","Dexterity Potion"],"campfire_rested":2,"item_purchase_floors":[20,20,20,42,53],"current_hp_per_floor":[75,75,74,63,63,63,45,45,59,52,52,34,56,54,54,28,89,89,89,89,88,77,56,56,48,48,31,31,31,40,40,40,23,99,83,83,75,71,33,62,62,77,77,33,62,61,61,65,65,71,99,99,99,48,0,0],"gold":51,"neow_bonus":"THREE_CARDS","is_daily":false,"chose_seed":false,"campfire_upgraded":6,"win_rate":0.0,"timestamp":1613250608,"path_taken":["M","?","M","?","M","R","E","R","T","M","E","?","?","M","R","BOSS","M","?","$","M","M","E","R","E","T","M","?","?","?","?","R","BOSS","M","?","M","M","M","R","E","$","T","E","R","M","?","M","R","BOSS","R","$","E","BOSS"],"items_purchased_type":["Relic","Card","Relic","Relic","Potion"],"build_version":"2020-12-22","purchased_purges":2,"victory":false,"max_hp_per_floor":[75,75,75,75,75,75,75,75,89,89,89,89,89,89,89,89,89,89,89,89,89,89,89,89,89,89,89,89,89,94,94,94,99,99,99,99,99,99,99,99,99,99,99,99,99,99,99,99,99,99,99,99,99,99,99,99],"card_choices":[{"not_picked":["Fusion","Leap"],"picked":"Redo","floor":0.0},{"not_picked":["Hello World","Hologram"],"picked":"Streamline","floor":1.0},{"not_picked":["Leap","Turbo"],"picked":"Coolheaded","floor":3.0},{"not_picked":["Gash","Go for the Eyes"],"picked":"White Noise","floor":5.0},{"not_picked":["Cold Snap","Recycle"],"picked":"Doom and Gloom","floor":7.0},{"not_picked":["Blizzard","Reprogram"],"picked":"Sweeping Beam","floor":10.0},{"not_picked":["FTL","All For One"],"picked":"Cold Snap","floor":11.0},{"not_picked":["Melter","Turbo"],"picked":"Redo","floor":14.0},{"not_picked":["All For One","Thunder Strike"],"picked":"Electrodynamics","floor":16.0},{"not_picked":["Rebound","Steam Power"],"picked":"Loop+1","floor":18.0},{"not_picked":["Streamline","Recycle","Cold Snap"],"picked":"SKIP","floor":21.0},{"not_picked":["Barrage+1","Streamline"],"picked":"Stack+1","floor":22.0},{"not_picked":["Sweeping Beam","Gash"],"picked":"Beam Cell","floor":23.0},{"not_picked":["Rebound","Fission","Go for the Eyes"],"picked":"SKIP","floor":25.0},{"not_picked":["Stack+1","Rebound"],"picked":"Glacier","floor":27.0},{"not_picked":["Steam","Leap"],"picked":"Static Discharge","floor":30.0},{"not_picked":["All For One","Electrodynamics"],"picked":"Rainbow","floor":33.0},{"not_picked":["Lockon+1","Rebound"],"picked":"Leap+1","floor":35.0},{"not_picked":["Cold Snap","Rebound"],"picked":"Biased Cognition","floor":37.0},{"not_picked":["Stack","Beam Cell+1"],"picked":"Capacitor","floor":38.0},{"not_picked":["Consume+1","Double Energy"],"picked":"Aggregate","floor":39.0},{"not_picked":["Redo+1","Streamline+1","Conserve Battery"],"picked":"SKIP","floor":41.0},{"not_picked":["Static Discharge+1","Streamline","Cold Snap"],"picked":"SKIP","floor":44.0},{"not_picked":["Sweeping Beam+1","Stack"],"picked":"Conserve Battery","floor":46.0},{"not_picked":["Magnetism","Enlightenment"],"picked":"Mayhem","floor":47.0},{"not_picked":["Melter","Genetic Algorithm+1"],"picked":"Barrage+1","floor":48.0},{"not_picked":["Skim","Redo+1"],"picked":"Leap+1","floor":54}],"player_experience":2840031,"relics_obtained":[{"floor":7.0,"key":"Turnip"},{"floor":9.0,"key":"Mango"},{"floor":11.0,"key":"Toy Ornithopter"},{"floor":23.0,"key":"Smiling Mask"},{"floor":25.0,"key":"MealTicket"},{"floor":31.0,"key":"Mummified Hand"},{"floor":41.0,"key":"Blue Candle"},{"floor":43.0,"key":"Kunai"},{"floor":44.0,"key":"InkBottle"},{"floor":54,"key":"HornCleat"}],"event_choices":[{"damage_healed":0.0,"max_hp_gain":0.0,"max_hp_loss":0.0,"gold_gain":70.0,"event_name":"Golden Wing","player_choice":"Gained Gold","floor":2.0,"gold_loss":0.0,"damage_taken":0.0},{"damage_healed":0.0,"max_hp_gain":0.0,"max_hp_loss":0.0,"gold_gain":75.0,"event_name":"World of Goop","player_choice":"Gather Gold","floor":4.0,"gold_loss":0.0,"damage_taken":11.0},{"damage_healed":0.0,"max_hp_gain":0.0,"max_hp_loss":0.0,"gold_gain":0.0,"event_name":"Shining Light","player_choice":"Entered Light","floor":12.0,"gold_loss":0.0,"damage_taken":18.0,"cards_upgraded":["Strike_B","Redo"]},{"damage_healed":22.0,"max_hp_gain":0.0,"max_hp_loss":0.0,"gold_gain":0.0,"event_name":"The Cleric","player_choice":"Healed","floor":13.0,"gold_loss":35.0,"damage_taken":0.0},{"damage_healed":0.0,"max_hp_gain":0.0,"max_hp_loss":0.0,"gold_gain":0.0,"event_name":"The Library","player_choice":"Read","floor":19.0,"gold_loss":0.0,"damage_taken":0.0,"cards_obtained":["Defragment"]},{"damage_healed":0.0,"max_hp_gain":0.0,"max_hp_loss":0.0,"gold_gain":0.0,"event_name":"Beggar","player_choice":"Ignored","floor":28.0,"gold_loss":0.0,"damage_taken":0.0},{"damage_healed":0.0,"max_hp_gain":0.0,"max_hp_loss":0.0,"gold_gain":0.0,"event_name":"Lab","player_choice":"Got Potions","floor":29.0,"gold_loss":0.0,"damage_taken":0.0},{"cards_removed":["Beam Cell"],"damage_healed":0.0,"max_hp_gain":0.0,"max_hp_loss":0.0,"gold_gain":0.0,"event_name":"Falling","player_choice":"Removed Attack","floor":36.0,"gold_loss":0.0,"damage_taken":0.0},{"damage_healed":0.0,"max_hp_gain":0.0,"max_hp_loss":0.0,"gold_gain":0.0,"event_name":"SensoryStone","player_choice":"Memory 1","floor":47.0,"gold_loss":0.0,"damage_taken":0.0}],"is_beta":false,"boss_relics":[{"not_picked":["Ectoplasm","SlaversCollar"],"picked":"Cursed Key"},{"not_picked":["Coffee Dripper","Runic Dome"],"picked":"Pandora\u0027s Box"}],"items_purged_floors":[20,42],"is_endless":false,"potions_floor_spawned":[3,10,16,21,23,25,30,33,39,41,44,46,54],"killed_by":"The Heart","ascension_level":0}}