{"host":"7gewg82ormp6yt4e","time":1613220477,"event":{"mods":["BaseMod","Block Reminder","Colored Map","DeckTracker","Highlight Path","Minty Spire (QoL Compilation)","Relic Stats","StSLib","ojb\u0027s Info Mod"],"gold_per_floor":[113,113,127,127,127,154,154,21,75,100,100,133,133,160,160,237,237,256,169,169,55,55,55,55,55,81,181,181,196,196,230,230,304,304,322,339,1338,1338,1338,1338,881,952,952,376,376,376,393,442,442,442,442,442],"floor_reached":51,"language":"JPN","playtime":3370,"items_purged":["Strike_P","Normality"],"score":1393,"play_id":"bb54f05f-6da7-4cb2-a2e5-8ec9a9acae07","local_time":"20210213214757","is_ascension_mode":true,"campfire_choices":[{"data":"Eruption","floor":7.0,"key":"SMITH"},{"data":"Wallop","floor":13.0,"key":"SMITH"},{"data":"TalkToTheHand","floor":15.0,"key":"SMITH"},{"data":"TalkToTheHand","floor":23.0,"key":"SMITH"},{"data":"MentalFortress","floor":25.0,"key":"SMITH"},{"floor":28.0,"key":"REST"},{"data":"MentalFortress","floor":32.0,"key":"SMITH"},{"data":"Normality","floor":40.0,"key":"PURGE"},{"floor":46,"key":"RECALL"},{"floor":49,"key":"REST"}],"circlet_count":0,"master_deck":["AscendersBane","Strike_P+1","Strike_P+1","Defend_P+1","Defend_P+1","Defend_P+1","Defend_P+1","Eruption+1","Vigilance","Consecrate+1","DeusExMachina","FollowUp","FlurryOfBlows","TalkToTheHand+1","ClearTheMind","Wallop+1","DevaForm","MentalFortress+1","MentalFortress+1","TalkToTheHand+1","EmptyBody","SashWhip+1","InnerPeace","ConjureBlade","Vengeance","TalkToTheHand","Master of Strategy","WaveOfTheHand","CutThroughFate","EmptyBody+1"],"relics":["PureWater","NeowsBlessing","Mango","Matryoshka","War Paint","Juzu Bracelet","Odd Mushroom","Ornamental Fan","Oddly Smooth Stone","Nunchaku","VioletLotus","Vajra","Peace Pipe","Meat on the Bone","Boot","Sozu","Regal Pillow","Prayer Wheel","Chemical X","HornCleat","CaptainsWheel"],"acts_visited":["Exordium","TheCity","TheBeyond"],"potions_floor_usage":[50,50],"damage_taken":[{"damage":0.0,"enemies":"Jaw Worm","floor":1.0,"turns":1.0},{"damage":0.0,"enemies":"Small Slimes","floor":3.0,"turns":1.0},{"damage":0.0,"enemies":"Gremlin Nob","floor":6.0,"turns":1.0},{"damage":5.0,"enemies":"The Mushroom Lair","floor":10.0,"turns":3.0},{"damage":22.0,"enemies":"3 Sentries","floor":12.0,"turns":5.0},{"damage":7.0,"enemies":"The Guardian","floor":16.0,"turns":11.0},{"damage":10.0,"enemies":"Shell Parasite","floor":18.0,"turns":5.0},{"damage":1.0,"enemies":"Colosseum Slavers","floor":27.0,"turns":3.0},{"damage":16.0,"enemies":"Colosseum Nobs","floor":27.0,"turns":5.0},{"damage":9.0,"enemies":"Chosen","floor":29.0,"turns":7.0},{"damage":0.0,"enemies":"Gremlin Leader","floor":31.0,"turns":7.0},{"damage":4.0,"enemies":"Champ","floor":33.0,"turns":19.0},{"damage":13.0,"enemies":"3 Shapes","floor":35.0,"turns":10.0},{"damage":21.0,"enemies":"3 Darklings","floor":36.0,"turns":6.0},{"damage":1,"enemies":"Writhing Mass","floor":47,"turns":9},{"damage":30,"enemies":"2 Orb Walkers","floor":48,"turns":6},{"damage":54,"enemies":"Awakened One","floor":50,"turns":19},{"damage":35,"enemies":"Donu and Deca","floor":51,"turns":5}],"seed_played":"5165016221740983879","potions_obtained":[{"floor":1.0,"key":"DuplicationPotion"},{"floor":10.0,"key":"SkillPotion"},{"floor":16.0,"key":"Ambrosia"},{"floor":27.0,"key":"FearPotion"},{"floor":29.0,"key":"ColorlessPotion"},{"floor":33.0,"key":"Energy Potion"}],"is_trial":false,"path_per_floor":["M","?","M","T","?","E","R","$","T","?","?","E","R","T","R","B",null,"M","$","?","$","?","R","?","R","T","?","R","M","?","E","R","B",null,"M","M","?","?","?","R","$","T","T","$","?","R","M","?","R","B","B"],"character_chosen":"WATCHER","items_purchased":["TalkToTheHand","Fire Potion","MentalFortress","TalkToTheHand","Master of Strategy","Regal Pillow","Chemical X","HornCleat","WaveOfTheHand","CutThroughFate"],"campfire_rested":2,"item_purchase_floors":[8,8,19,21,41,41,44,44,44,44],"current_hp_per_floor":[61,61,61,75,50,50,50,50,50,45,50,28,28,28,28,21,71,61,61,61,61,61,61,36,36,36,19,46,49,49,49,49,57,83,70,49,49,49,49,49,49,49,49,49,49,49,48,30,71,29,0,0],"gold":442,"neow_bonus":"THREE_ENEMY_KILL","is_daily":false,"chose_seed":false,"campfire_upgraded":6,"win_rate":0.0,"timestamp":1613220477,"path_taken":["M","?","M","?","?","E","R","$","T","?","?","E","R","?","R","BOSS","M","$","?","$","?","R","?","R","T","?","R","M","?","E","R","BOSS","M","M","?","?","?","R","?","?","T","$","?","R","M","?","R","BOSS","BOSS"],"items_purchased_type":["Card","Potion","Card","Card","Card","Relic","Relic","Relic","Card","Card"],"build_version":"2020-12-22","purchased_purges":2,"victory":false,"max_hp_per_floor":[68,68,68,82,82,82,82,82,82,82,87,87,87,87,87,87,87,87,87,87,87,87,87,92,92,92,92,92,92,92,92,92,92,92,92,92,92,92,87,87,87,87,87,87,87,87,87,87,87,87,87,87],"relic_stats":{"Regal Pillow":15,"counters":[18,123],"Juzu Bracelet":3,"War Paint":["Defend_P","Defend_P"],"Boot":[35],"Peace Pipe":1,"Sozu":0,"Nunchaku":[29],"Ornamental Fan":[236],"Prayer Wheel":1,"VioletLotus":[30],"Chemical X":[5],"obtain_stats":[{"Regal Pillow":41,"NeowsBlessing":0,"Oddly Smooth Stone":14,"Vajra":26,"Mango":4,"Juzu Bracelet":9,"War Paint":9,"Odd Mushroom":10,"Boot":31,"Peace Pipe":27,"Sozu":34,"Nunchaku":14,"CaptainsWheel":48,"Matryoshka":6,"HornCleat":44,"Ornamental Fan":12,"Prayer Wheel":43,"VioletLotus":17,"Chemical X":44,"PureWater":0,"Meat on the Bone":27},{"Regal Pillow":14,"NeowsBlessing":0,"Oddly Smooth Stone":5,"Vajra":7,"Mango":2,"Juzu Bracelet":3,"War Paint":3,"Odd Mushroom":4,"Boot":11,"Peace Pipe":9,"Sozu":12,"Nunchaku":5,"CaptainsWheel":16,"Matryoshka":3,"HornCleat":14,"Ornamental Fan":5,"Prayer Wheel":14,"VioletLotus":6,"Chemical X":14,"PureWater":0,"Meat on the Bone":9},{"Regal Pillow":84,"NeowsBlessing":0,"Oddly Smooth Stone":11,"Vajra":27,"Mango":2,"Juzu Bracelet":3,"War Paint":3,"Odd Mushroom":6,"Boot":49,"Peace Pipe":35,"Sozu":68,"Nunchaku":11,"CaptainsWheel":99,"Matryoshka":3,"HornCleat":84,"Ornamental Fan":11,"Prayer Wheel":84,"VioletLotus":22,"Chemical X":84,"PureWater":0,"Meat on the Bone":35}],"Meat on the Bone":48},"card_choices":[{"not_picked":["ForeignInfluence","ThirdEye"],"picked":"Consecrate","floor":1.0},{"not_picked":["SashWhip","CutThroughFate"],"picked":"FollowUp","floor":3.0},{"not_picked":["FlyingSleeves","Prostrate"],"picked":"FlurryOfBlows","floor":6.0},{"not_picked":["FlyingSleeves","FlurryOfBlows"],"picked":"ClearTheMind","floor":10.0},{"not_picked":["EmptyFist","PathToVictory"],"picked":"Wallop","floor":12.0},{"not_picked":["MasterReality","DeusExMachina"],"picked":"DevaForm","floor":16.0},{"not_picked":["LikeWater","Halt+1"],"picked":"ClearTheMind","floor":18.0},{"not_picked":["Perseverance","Blasphemy"],"picked":"EmptyBody","floor":27.0},{"not_picked":["CarveReality","Crescendo+1"],"picked":"SashWhip+1","floor":29.0},{"not_picked":["DeusExMachina","Fasting2"],"picked":"InnerPeace","floor":31.0},{"not_picked":["DevaForm","Brilliance"],"picked":"ConjureBlade","floor":33.0},{"not_picked":["ClearTheMind","FollowUp"],"picked":"Vengeance","floor":35.0},{"not_picked":["JustLucky+1","Consecrate+1"],"picked":"TalkToTheHand","floor":36.0},{"not_picked":["CrushJoints","BattleHymn","Protect"],"picked":"SKIP","floor":47},{"not_picked":["Evaluate","Study","FollowUp+1"],"picked":"SKIP","floor":47},{"not_picked":["WindmillStrike+1","EmptyFist+1"],"picked":"EmptyBody+1","floor":48}],"player_experience":2851950,"relics_obtained":[{"floor":4.0,"key":"Mango"},{"floor":6.0,"key":"Matryoshka"},{"floor":9.0,"key":"War Paint"},{"floor":9.0,"key":"Juzu Bracelet"},{"floor":10.0,"key":"Odd Mushroom"},{"floor":12.0,"key":"Ornamental Fan"},{"floor":14.0,"key":"Oddly Smooth Stone"},{"floor":14.0,"key":"Nunchaku"},{"floor":26.0,"key":"Vajra"},{"floor":27.0,"key":"Peace Pipe"},{"floor":27.0,"key":"Meat on the Bone"},{"floor":31.0,"key":"Boot"},{"floor":43.0,"key":"Prayer Wheel"},{"floor":48,"key":"CaptainsWheel"}],"event_choices":[{"damage_healed":0.0,"max_hp_gain":0.0,"max_hp_loss":0.0,"gold_gain":0.0,"cards_transformed":["Strike_P"],"event_name":"Living Wall","player_choice":"Change","floor":2.0,"gold_loss":0.0,"damage_taken":0.0,"cards_obtained":["DeusExMachina"]},{"damage_healed":0.0,"max_hp_gain":0.0,"max_hp_loss":0.0,"gold_gain":0.0,"event_name":"Shining Light","player_choice":"Entered Light","floor":5.0,"gold_loss":0.0,"damage_taken":25.0,"cards_upgraded":["Consecrate","Defend_P"]},{"damage_healed":0.0,"max_hp_gain":0.0,"max_hp_loss":0.0,"gold_gain":0.0,"event_name":"Mushrooms","player_choice":"Fought Mushrooms","floor":10.0,"gold_loss":0.0,"damage_taken":0.0},{"damage_healed":0.0,"max_hp_gain":5.0,"max_hp_loss":0.0,"gold_gain":0.0,"event_name":"Big Fish","player_choice":"Donut","floor":11.0,"gold_loss":0.0,"damage_taken":0.0},{"damage_healed":0.0,"max_hp_gain":0.0,"max_hp_loss":0.0,"gold_gain":0.0,"event_name":"The Library","player_choice":"Read","floor":20.0,"gold_loss":0.0,"damage_taken":0.0,"cards_obtained":["MentalFortress"]},{"damage_healed":0.0,"max_hp_gain":5.0,"max_hp_loss":0.0,"gold_gain":0.0,"event_name":"Forgotten Altar","player_choice":"Shed Blood","floor":24.0,"gold_loss":0.0,"damage_taken":30.0},{"damage_healed":0.0,"max_hp_gain":0.0,"max_hp_loss":0.0,"gold_gain":0.0,"event_name":"Colosseum","player_choice":"Fight","floor":27.0,"gold_loss":0.0,"damage_taken":0.0},{"damage_healed":0.0,"max_hp_gain":0.0,"max_hp_loss":0.0,"gold_gain":0.0,"event_name":"Colosseum","player_choice":"Fought Nobs","floor":27.0,"gold_loss":0.0,"damage_taken":0.0},{"damage_healed":0.0,"max_hp_gain":0.0,"max_hp_loss":0.0,"gold_gain":0.0,"event_name":"Back to Basics","player_choice":"Simplicity","floor":30.0,"gold_loss":0.0,"damage_taken":0.0,"cards_upgraded":["Strike_P","Strike_P","Defend_P"]},{"damage_healed":0.0,"max_hp_gain":0.0,"max_hp_loss":0.0,"gold_gain":999.0,"event_name":"MindBloom","player_choice":"Gold","floor":37.0,"gold_loss":0.0,"damage_taken":0.0,"cards_obtained":["Normality","Normality"]},{"damage_healed":0.0,"max_hp_gain":0.0,"max_hp_loss":0.0,"gold_gain":0.0,"event_name":"Tomb of Lord Red Mask","player_choice":"Ignored","floor":38.0,"gold_loss":0.0,"damage_taken":0.0},{"damage_healed":0.0,"max_hp_gain":0.0,"max_hp_loss":5.0,"gold_gain":0.0,"event_name":"Winding Halls","player_choice":"Max HP","floor":39.0,"gold_loss":0.0,"damage_taken":0.0},{"cards_removed":["ClearTheMind"],"damage_healed":0,"gold_gain":0,"player_choice":"Removed Skill","damage_taken":0,"max_hp_gain":0,"max_hp_loss":0,"event_name":"Falling","floor":45,"gold_loss":0},{"damage_healed":0,"gold_gain":0,"player_choice":"Fight","damage_taken":0,"max_hp_gain":0,"max_hp_loss":0,"event_name":"Mysterious Sphere","floor":48,"gold_loss":0}],"is_beta":false,"boss_relics":[{"not_picked":["Black Star","Calling Bell"],"picked":"VioletLotus"},{"not_picked":["Busted Crown","Runic Dome"],"picked":"Sozu"}],"items_purged_floors":[21,41],"is_endless":false,"potions_floor_spawned":[1,10,16,27,29,33,47],"killed_by":"Donu and Deca","ascension_level":20}}