{"host":"fauqrvll5t0ss0vm","time":1613255378,"event":{"mods":["2.2 Compatiblity","Act Like it!","Aspiration","Bard","BaseMod","Beaked The Cultist","Better Altar","Better Match","Better Note","Better Sensory Stone","Better Skull","Better Third Choice","Better Vampires","Card Filter","Clockwork Mod","Colored Map","Conspire","Displayed Cursed Tome","Downfall","Emptier Cage","Energized Spire","Friendly Minions","GifTheSpireLib","Glutton Mod","Gremlin Mod","Gremlin Skip","Halation","Hermit","Highlight Path","Hubris","Jorbs\u0027s Wanderer Trilogy","Mad Scientist","Marked Mod","Minty Spire (QoL Compilation)","Permanent Neow","Random Character Button","Relic Filter","Reorder Act Four","Replay The Spire","Shop Mod","Somnambulant","Spikes Relics","StSLib","Stuff the Spire","SuperFastMode","The Construct","The Cursed","The Disciple","The Elementalist","The Judge","The Juggle","The Mystic","The Runesmith","The Sage","The Servant 0.9.4","The Valiant","Trackpad","Uncapped"],"gold_per_floor":[113,123,123,1,13,13,28,19,19,19,29,29,29,63,63,137,137,149,162,5,16,31,31,56,81,105,153,153,153,133,133,133,238,238,268,306,328,328],"floor_reached":37,"language":"ENG","playtime":8079,"items_purged":[],"score":1122,"play_id":"65964eb5-1fc7-4f00-bf4b-f99f687ec769","local_time":"20210213232938","is_ascension_mode":true,"campfire_choices":[{"data":"Dagger Spray","floor":6,"key":"SMITH"},{"data":"Cloak And Dagger","floor":12,"key":"SMITH"},{"data":"Tools of the Trade","floor":15,"key":"SMITH"},{"data":"Cloak And Dagger","floor":23,"key":"SMITH"},{"data":"Cloak And Dagger","floor":28,"key":"SMITH"},{"data":"Burst","floor":32,"key":"SMITH"}],"circlet_count":0,"master_deck":["AscendersBane","Strike_G","Strike_G","Strike_G","Strike_G","Strike_G","Defend_G","Defend_G","Defend_G","Defend_G","Defend_G","Survivor","Neutralize","Dagger Spray+1","Dagger Throw","Adrenaline","Cloak And Dagger+1","Good Instincts","Dagger Throw","Dagger Throw","Cloak And Dagger+1","Tools of the Trade+1","Burst+1","PiercingWail","Infinite Blades+1","hubris:Sniper+1","Cloak And Dagger+1","Infinite Blades","sagemod:Altitude+1","Phantasmal Killer","hubris:Wrath","Sickly","WordoMod:Accursed","Hidden Blade"],"relics":["GremlinMask","Strawberry","Du-Vu Doll","Sizzling Blood","ReplayFunnel","HoveringKite","Guardian:PocketSentry","Replay:Bandana","PreservedInsect","aspiration:StickyExplosives","Replay:Ancient Bell","halation:PrussianBluePaint","Paper Crane","StuffTheSpire:NeowsTribute"],"acts_visited":["Exordium","TheCity","TheBeyond"],"potions_floor_usage":[8,14,27,33],"damage_taken":[{"damage":4,"enemies":"Jaw Worm","floor":1,"turns":5},{"damage":0,"enemies":"Cultist","floor":2,"turns":3},{"damage":0,"enemies":"2 Louse","floor":5,"turns":2},{"damage":0,"enemies":"Large Slime","floor":7,"turns":4},{"damage":5,"enemies":"Exordium Thugs","floor":8,"turns":5},{"damage":0,"enemies":"Looter","floor":11,"turns":3},{"damage":12,"enemies":"3 Sentries","floor":14,"turns":4},{"damage":6,"enemies":"The Guardian","floor":16,"turns":14},{"damage":9,"enemies":"Spheric Guardian","floor":18,"turns":5},{"damage":6,"enemies":"3 Byrds","floor":19,"turns":7},{"damage":6,"enemies":"Snake Plant","floor":21,"turns":5},{"damage":5,"enemies":"Centurion and Healer","floor":22,"turns":4},{"damage":14,"enemies":"Book of Stabbing","floor":24,"turns":4},{"damage":10,"enemies":"Snecko","floor":25,"turns":5},{"damage":4,"enemies":"Replay:Snechameleon","floor":27,"turns":9},{"damage":16,"enemies":"Pondfish","floor":33,"turns":9},{"damage":7,"enemies":"3 Darklings","floor":35,"turns":2},{"damage":26,"enemies":"3 Shapes","floor":36,"turns":3}],"seed_played":"-684918210675050060","potions_obtained":[{"floor":2,"key":"LifebloodPotion"},{"floor":5,"key":"Guardian:BlockOnCardUsePotion"},{"floor":11,"key":"SteroidPotion"},{"floor":14,"key":"Strength Potion"},{"floor":30,"key":"Energy Potion"},{"floor":35,"key":"AttackPotion"}],"is_trial":false,"path_per_floor":["M","M","?","$","M","R","M","M","T","?","M","R","?","E","R_BF","B",null,"M","M","$","M","M","R","E","M","T","E","R","?","?","?","R","B",null,"M","M","M"],"character_chosen":"THE_SILENT","items_purchased":["Cloak And Dagger","Good Instincts","Guardian:PocketSentry"],"campfire_rested":0,"item_purchase_floors":[4,4,20],"current_hp_per_floor":[55,55,55,55,55,55,55,50,57,57,57,57,61,53,53,51,71,66,64,64,62,61,61,51,45,45,45,45,45,45,45,45,33,66,63,41,0,0],"gold":328,"neow_bonus":"THREE_CARDS","is_daily":false,"chose_seed":false,"campfire_upgraded":6,"win_rate":0.0,"timestamp":1613255378,"path_taken":["M","M","?","$","?","R","M","?","T","?","M","R","?","E","R_BF","BOSS","M","M","$","M","M","R","E","M","T","E","R","?","?","?","R","BOSS","M","?","?"],"items_purchased_type":["Card","Card","Relic"],"build_version":"2020-12-22","purchased_purges":0,"victory":false,"max_hp_per_floor":[66,66,66,66,66,66,66,66,73,73,73,73,77,77,77,77,77,77,77,77,77,77,77,77,77,77,77,77,77,77,77,77,77,77,77,77,77,77],"card_choices":[{"not_picked":["ReplayTheSpireMod:The Works","Outmaneuver"],"picked":"Dagger Spray","floor":0},{"not_picked":["Outmaneuver","Prepared"],"picked":"Dagger Throw","floor":1},{"not_picked":["Outmaneuver","Cloak And Dagger"],"picked":"Adrenaline","floor":2},{"not_picked":["Dagger Spray","hubris:TrickCloak"],"picked":"Dagger Throw","floor":5},{"not_picked":["StuffTheSpire:Incursion","StuffTheSpire:Python","Deflect"],"picked":"SKIP","floor":7},{"not_picked":["Poisoned Stab","Bane"],"picked":"Dagger Throw","floor":8},{"not_picked":["Bouncing Flask","ReplayTheSpireMod:Tripwire"],"picked":"Cloak And Dagger","floor":11},{"not_picked":["Cloak And Dagger","Wraith Form v2"],"picked":"Tools of the Trade","floor":14},{"not_picked":["Doppelganger","Envenom"],"picked":"Burst","floor":16},{"not_picked":["Deadly Poison","Catalyst"],"picked":"PiercingWail","floor":18},{"not_picked":["Flechettes","StuffTheSpire:Python"],"picked":"Infinite Blades+1","floor":19},{"not_picked":["Cloak And Dagger","Poisoned Stab"],"picked":"hubris:Sniper+1","floor":21},{"not_picked":["Quick Slash","conspire:PoisonWeapons","Flying Knee"],"picked":"SKIP","floor":22},{"not_picked":["StuffTheSpire:Python","Toxin Wave"],"picked":"Cloak And Dagger","floor":24},{"not_picked":["Flying Knee","ShadowRift"],"picked":"Infinite Blades","floor":25},{"not_picked":["Flying Knee","Tactician","Poisoned Stab"],"picked":"SKIP","floor":27},{"not_picked":["Grand Finale","Glass Knife"],"picked":"Phantasmal Killer","floor":33},{"not_picked":["CurseOfTheBell","Delirium"],"picked":"hubris:Wrath","floor":34},{"not_picked":["Shame","stsjorbsmod:Amnesia"],"picked":"Sickly","floor":34},{"not_picked":["ReplayTheSpireMod:Whispers of Evil","Doubt"],"picked":"WordoMod:Accursed","floor":34},{"not_picked":["Night Terror","ReplayTheSpireMod:Speed Training"],"picked":"Hidden Blade","floor":35},{"not_picked":["Predator","StuffTheSpire:Incursion","Dodge and Roll"],"picked":"SKIP","floor":36}],"player_experience":7465588,"relics_obtained":[{"floor":9,"key":"Strawberry"},{"floor":14,"key":"ReplayFunnel"},{"floor":24,"key":"Replay:Bandana"},{"floor":26,"key":"PreservedInsect"},{"floor":27,"key":"aspiration:StickyExplosives"}],"event_choices":[{"damage_healed":0,"gold_gain":0,"player_choice":"Trade","damage_taken":0,"relics_obtained":["GremlinMask"],"max_hp_gain":0,"max_hp_loss":0,"event_name":"FaceTrader","floor":3,"gold_loss":0},{"cards_removed":["downfall:Haunted","downfall:Haunted"],"damage_healed":0,"gold_gain":0,"player_choice":"Removed Curses","damage_taken":0,"max_hp_gain":0,"max_hp_loss":0,"event_name":"Fountain of Cleansing","floor":29,"gold_loss":0},{"damage_healed":0,"gold_gain":0,"player_choice":"Bought 1 Potion","damage_taken":0,"max_hp_gain":0,"max_hp_loss":0,"event_name":"The Woman in Blue","floor":30,"gold_loss":0},{"cards_removed":["Tools of the Trade"],"damage_healed":0,"gold_gain":0,"player_choice":"Take \u0026 Give","damage_taken":0,"max_hp_gain":0,"max_hp_loss":0,"event_name":"betterNote:BetterNote","floor":31,"gold_loss":0,"cards_obtained":["sagemod:Altitude"]}],"is_beta":false,"boss_relics":[{"not_picked":["ReplayTheSpireMod:DimensionalGlitch","Astrolabe"],"picked":"HoveringKite"},{"not_picked":["halation:PinkAlligatorPlush","aspiration:ServantSkillbook"],"picked":"Replay:Ancient Bell"},{"not_picked":["Boot","Dream Catcher"],"picked":"halation:PrussianBluePaint"},{"not_picked":["Mercury Hourglass","Question Card"],"picked":"Paper Crane"},{"not_picked":["CherryCoatedStake","Peace Pipe"],"picked":"StuffTheSpire:NeowsTribute"}],"items_purged_floors":[],"is_endless":false,"potions_floor_spawned":[2,5,11,14,21,22,24,35],"killed_by":"Sphere and 2 Shapes","ascension_level":20}}