{"host":"vxxgntm1odai56nh","time":1613245845,"event":{"mods":["AchievementEnabler","BaseMod","Colored Map","Colored Powertips","Highlight Path","Minty Spire (QoL Compilation)","Permanent Neow","Rare Cards Sparkle","Relic Stats","StSLib"],"gold_per_floor":[119,294,294,70,88,88,117,117,117,117,151,165,176,192,192,192,192],"floor_reached":16,"language":"ENG","playtime":461,"items_purged":["Doubt"],"score":127,"play_id":"fc039051-8695-49d2-924e-579f7815e784","local_time":"20210213145045","is_ascension_mode":true,"campfire_choices":[{"data":"Dualcast","floor":6,"key":"SMITH"},{"data":"Heatsinks","floor":8,"key":"SMITH"},{"data":"Gash","floor":10,"key":"SMITH"},{"data":"Sweeping Beam","floor":15,"key":"SMITH"}],"circlet_count":0,"master_deck":["Strike_B","Strike_B","Strike_B","Defend_B","Defend_B","Defend_B","Defend_B","Zap+1","Dualcast+1","Leap","Gash+1","Heatsinks+1","Redo","Turbo","Sweeping Beam","Sweeping Beam+1"],"relics":["Cracked Core","PreservedInsect","Gambling Chip","Mango","Bottled Lightning"],"acts_visited":["Exordium"],"potions_floor_usage":[],"damage_taken":[{"damage":7,"enemies":"Jaw Worm","floor":1,"turns":4},{"damage":0,"enemies":"Small Slimes","floor":5,"turns":3},{"damage":38,"enemies":"3 Sentries","floor":7,"turns":7},{"damage":20,"enemies":"Lagavulin","floor":11,"turns":5},{"damage":5,"enemies":"2 Louse","floor":12,"turns":2},{"damage":1,"enemies":"2 Fungi Beasts","floor":13,"turns":3},{"damage":0,"enemies":"Exordium Wildlife","floor":14,"turns":3},{"damage":14,"enemies":"The Guardian","floor":16,"turns":4}],"seed_played":"-3408404053713507383","potions_obtained":[{"floor":13,"key":"EssenceOfSteel"}],"is_trial":false,"path_per_floor":["M","?","?","$","M","R","E","R","T","R","E","M","M","M","R","B"],"character_chosen":"DEFECT","items_purchased":["PreservedInsect"],"campfire_rested":0,"item_purchase_floors":[4],"current_hp_per_floor":[68,68,61,61,61,61,23,23,37,37,17,12,11,11,11,0,0],"gold":192,"neow_bonus":"UPGRADE_CARD","is_daily":false,"chose_seed":false,"campfire_upgraded":4,"win_rate":0.0,"timestamp":1613245845,"path_taken":["M","?","?","$","M","R","E","R","T","R","E","M","M","M","R","BOSS"],"items_purchased_type":["Relic"],"build_version":"2020-12-22","purchased_purges":1,"victory":false,"max_hp_per_floor":[75,75,75,75,75,75,75,75,89,89,89,89,89,89,89,89,89],"relic_stats":{"counters":[8,31],"Gambling Chip":[15],"PreservedInsect":60,"obtain_stats":[{"Gambling Chip":7,"Mango":9,"PreservedInsect":4,"Bottled Lightning":11,"Cracked Core":0},{"Gambling Chip":3,"Mango":3,"PreservedInsect":1,"Bottled Lightning":4,"Cracked Core":0},{"Gambling Chip":14,"Mango":14,"PreservedInsect":4,"Bottled Lightning":19,"Cracked Core":0}]},"card_choices":[{"not_picked":["Fusion","Stack"],"picked":"Leap","floor":1},{"not_picked":["Stack","Turbo"],"picked":"Gash","floor":5},{"not_picked":["Go for the Eyes","Turbo"],"picked":"Heatsinks","floor":7},{"not_picked":["Go for the Eyes","Rebound"],"picked":"Redo","floor":11},{"not_picked":["Redo","Doom and Gloom"],"picked":"Turbo","floor":12},{"not_picked":["Leap","Rip and Tear"],"picked":"Sweeping Beam","floor":13},{"not_picked":["Force Field","Coolheaded"],"picked":"Sweeping Beam","floor":14}],"player_experience":137960,"relics_obtained":[{"floor":7,"key":"Gambling Chip"},{"floor":9,"key":"Mango"},{"floor":11,"key":"Bottled Lightning"}],"event_choices":[{"damage_healed":0,"gold_gain":175,"player_choice":"AGREE","damage_taken":0,"max_hp_gain":0,"max_hp_loss":0,"event_name":"Liars Game","floor":2,"gold_loss":0,"cards_obtained":["Doubt"]},{"cards_removed":["Strike_B"],"damage_healed":0,"gold_gain":0,"player_choice":"Card Removal","damage_taken":7,"max_hp_gain":0,"max_hp_loss":0,"event_name":"Golden Wing","floor":3,"gold_loss":0}],"is_beta":false,"boss_relics":[],"items_purged_floors":[4],"is_endless":false,"potions_floor_spawned":[13],"killed_by":"The Guardian","ascension_level":3}}