{"host":"pzi5ngddyemmtlbx","time":1613252086,"event":{"mods":["AchievementEnabler","BaseMod","Googly Eyes","Highlight Path","Minty Spire (QoL Compilation)","Permanent Neow"],"gold_per_floor":[116,116,391,118,134,168,168,198,198,198,210,239,90,106,106,206,206,216,216,141,51,67,97,111,30,57,91,91,91],"floor_reached":28,"language":"ENG","playtime":1253,"items_purged":["Regret"],"score":425,"play_id":"1c1caea8-1ebc-4cfe-8df7-5310dd430778","local_time":"20210213163446","is_ascension_mode":true,"campfire_choices":[{"floor":7,"key":"REST"},{"floor":10,"key":"REST"},{"floor":15,"key":"RECALL"}],"circlet_count":0,"master_deck":["AscendersBane","Survivor","Neutralize","Accuracy","Blade Dance","Blur","Infinite Blades","Backflip","Malaise","Quick Slash+1","Doppelganger","Caltrops","Deflect","Tools of the Trade","PiercingWail","Skewer","Tactician+1","Dagger Throw+1","Noxious Fumes","Choke","Tactician+1","Leg Sweep+1","Finisher","Adrenaline"],"relics":["Fusion Hammer","ClockworkSouvenir","CaptainsWheel","Vajra","Ice Cream","Pantograph","Pen Nib","Pandora\u0027s Box","Whetstone","Potion Belt","Thread and Needle"],"acts_visited":["Exordium","TheCity"],"potions_floor_usage":[6,12,16,27,27],"damage_taken":[{"damage":2,"enemies":"Jaw Worm","floor":1,"turns":6},{"damage":0,"enemies":"Small Slimes","floor":5,"turns":3},{"damage":40,"enemies":"3 Sentries","floor":6,"turns":12},{"damage":22,"enemies":"Lagavulin","floor":8,"turns":9},{"damage":1,"enemies":"Cultist","floor":11,"turns":4},{"damage":15,"enemies":"Gremlin Nob","floor":12,"turns":4},{"damage":1,"enemies":"2 Fungi Beasts","floor":14,"turns":3},{"damage":13,"enemies":"Hexaghost","floor":16,"turns":9},{"damage":1,"enemies":"Spheric Guardian","floor":18,"turns":3},{"damage":8,"enemies":"Shell Parasite","floor":22,"turns":4},{"damage":10,"enemies":"Book of Stabbing","floor":23,"turns":5},{"damage":21,"enemies":"Snake Plant","floor":24,"turns":3},{"damage":22,"enemies":"Gremlin Leader","floor":27,"turns":4},{"damage":8,"enemies":"3 Cultists","floor":28,"turns":2}],"seed_played":"-5257125326278476633","potions_obtained":[{"floor":1,"key":"Swift Potion"},{"floor":8,"key":"Regen Potion"},{"floor":11,"key":"LiquidBronze"},{"floor":18,"key":"ColorlessPotion"},{"floor":22,"key":"Energy Potion"}],"is_trial":false,"path_per_floor":["M","?","?","$","M","E","R","E","T","R","M","E","$","M","R","B",null,"M","?","?","?","M","E","M","$","T","E","M"],"character_chosen":"THE_SILENT","items_purchased":["Blade Dance","ClockworkSouvenir","Pen Nib","Adrenaline"],"campfire_rested":2,"item_purchase_floors":[4,4,13,25],"current_hp_per_floor":[61,66,66,66,66,26,48,26,26,48,47,44,44,43,43,55,70,69,69,69,69,61,51,30,30,30,8,0,0],"gold":91,"neow_bonus":"BOSS_RELIC","is_daily":false,"chose_seed":false,"campfire_upgraded":0,"win_rate":0.0,"timestamp":1613252086,"path_taken":["M","?","?","$","M","E","R","E","T","R","M","E","$","?","R","BOSS","M","?","?","?","M","E","M","$","T","E","M"],"items_purchased_type":["Card","Relic","Relic","Card"],"build_version":"2020-12-22","purchased_purges":1,"victory":false,"max_hp_per_floor":[70,75,75,75,75,75,75,75,75,75,75,75,75,75,75,75,75,75,75,75,75,75,75,75,75,75,75,75,75],"card_choices":[{"not_picked":["Dagger Spray","Deadly Poison"],"picked":"Accuracy","floor":1},{"not_picked":["Heel Hook","Setup"],"picked":"Blur","floor":5},{"not_picked":["Outmaneuver","Masterful Stab","Prepared"],"picked":"SKIP","floor":6},{"not_picked":["Grand Finale","Terror"],"picked":"Infinite Blades","floor":8},{"not_picked":["Underhanded Strike","All Out Attack"],"picked":"Backflip","floor":11},{"not_picked":["Endless Agony","Underhanded Strike"],"picked":"Malaise","floor":12},{"not_picked":["Backflip","Dagger Throw"],"picked":"Quick Slash","floor":14},{"not_picked":["Wraith Form v2","Night Terror"],"picked":"Doppelganger","floor":16},{"not_picked":["Catalyst+1","Prepared"],"picked":"Choke","floor":18},{"not_picked":["Sucker Punch","Underhanded Strike"],"picked":"Tactician+1","floor":22},{"not_picked":["Bane","Setup+1"],"picked":"Leg Sweep+1","floor":23},{"not_picked":["PiercingWail","Slice"],"picked":"Finisher","floor":24},{"not_picked":["Underhanded Strike","Flechettes","Bullet Time"],"picked":"SKIP","floor":27}],"player_experience":563027,"relics_obtained":[{"floor":6,"key":"CaptainsWheel"},{"floor":8,"key":"Vajra"},{"floor":9,"key":"Ice Cream"},{"floor":12,"key":"Pantograph"},{"floor":23,"key":"Whetstone"},{"floor":26,"key":"Potion Belt"},{"floor":27,"key":"Thread and Needle"}],"event_choices":[{"damage_healed":0,"gold_gain":0,"player_choice":"Donut","damage_taken":0,"max_hp_gain":5,"max_hp_loss":0,"event_name":"Big Fish","floor":2,"gold_loss":0},{"damage_healed":0,"gold_gain":275,"player_choice":"Desecrate","damage_taken":0,"max_hp_gain":0,"max_hp_loss":0,"event_name":"Golden Shrine","floor":3,"gold_loss":0,"cards_obtained":["Regret"]},{"damage_healed":0,"gold_gain":0,"player_choice":"Ignored","damage_taken":0,"max_hp_gain":0,"max_hp_loss":0,"event_name":"Ghosts","floor":19,"gold_loss":0},{"cards_removed":["Grand Finale"],"damage_healed":0,"gold_gain":0,"player_choice":"Gave Gold","damage_taken":0,"max_hp_gain":0,"max_hp_loss":0,"event_name":"Beggar","floor":20,"gold_loss":75},{"cards_removed":["Eviscerate"],"damage_healed":0,"gold_gain":0,"player_choice":"Upgrade and Remove","damage_taken":0,"max_hp_gain":0,"max_hp_loss":0,"event_name":"Designer","floor":21,"gold_loss":90,"cards_upgraded":["Tactician"]}],"is_beta":false,"boss_relics":[{"not_picked":["Empty Cage","Runic Pyramid"],"picked":"Pandora\u0027s Box"}],"items_purged_floors":[4],"is_endless":false,"potions_floor_spawned":[1,8,11,18,22,24],"killed_by":"3 Cultists","ascension_level":11}}