{"host":"2kfsro7skzomnm41","time":1613244641,"event":{"mods":["AchievementEnabler","BaseMod","Googly Eyes","Highlight Path","Minty Spire (QoL Compilation)","StSLib"],"gold_per_floor":[116,130,130,141,158,191,203,216,216,230,260,276,276,294,294,396,396,412,412,337,337,58,86,86,115,115,98,98,110,110,121,121,219,219,237,32,43,54,54,54,54,86,86,86,114,114,127,139,139,139,139,139,2,30,30],"floor_reached":56,"language":"ENG","playtime":4469,"items_purged":["Strike_G","Strike_G","Defend_G"],"score":1813,"play_id":"c7a47a02-5d32-400e-beed-49631f5c17bd","local_time":"20210213143041","is_ascension_mode":true,"campfire_choices":[{"floor":13.0,"key":"REST"},{"floor":15.0,"key":"REST"},{"data":"Catalyst","floor":24.0,"key":"SMITH"},{"floor":28.0,"key":"REST"},{"data":"Noxious Fumes","floor":32.0,"key":"SMITH"},{"data":"After Image","floor":40.0,"key":"SMITH"},{"floor":44.0,"key":"REST"},{"data":"Footwork","floor":46.0,"key":"SMITH"},{"floor":49.0,"key":"RECALL"},{"data":"Backflip","floor":52.0,"key":"SMITH"}],"circlet_count":0,"master_deck":["AscendersBane","Defend_G","Defend_G","Defend_G","Survivor","Neutralize","Flechettes","Infinite Blades","Dodge and Roll","Escape Plan","Deadly Poison","Catalyst+1","Bane","After Image+1","Blur","Noxious Fumes+1","Backflip+1","Crippling Poison","Cloak And Dagger","Deflect","Corpse Explosion","Prepared+1","Footwork+1","PiercingWail","Caltrops+1","Acrobatics","Madness","Madness","Secret Technique","Cloak And Dagger","PiercingWail","Dark Shackles","PiercingWail"],"relics":["Ring of the Snake","FaceOfCleric","HornCleat","Boot","Runic Pyramid","OrangePellets","Singing Bowl","White Beast Statue","FossilizedHelix","Sozu","Meat on the Bone","Blue Candle","Smiling Mask","Blood Vial"],"acts_visited":["Exordium","TheCity","TheBeyond","TheEnding"],"potions_floor_usage":[],"damage_taken":[{"damage":1.0,"enemies":"Small Slimes","floor":1.0,"turns":4.0},{"damage":0.0,"enemies":"Cultist","floor":2.0,"turns":4.0},{"damage":0.0,"enemies":"2 Louse","floor":4.0,"turns":3.0},{"damage":3.0,"enemies":"Blue Slaver","floor":5.0,"turns":6.0},{"damage":29.0,"enemies":"Gremlin Nob","floor":6.0,"turns":5.0},{"damage":10.0,"enemies":"Exordium Thugs","floor":7.0,"turns":6.0},{"damage":0.0,"enemies":"Exordium Wildlife","floor":8.0,"turns":3.0},{"damage":0.0,"enemies":"Large Slime","floor":10.0,"turns":6.0},{"damage":22.0,"enemies":"Lagavulin","floor":11.0,"turns":7.0},{"damage":0.0,"enemies":"3 Louse","floor":12.0,"turns":2.0},{"damage":8.0,"enemies":"Lots of Slimes","floor":14.0,"turns":4.0},{"damage":39.0,"enemies":"Slime Boss","floor":16.0,"turns":12.0},{"damage":14.0,"enemies":"Spheric Guardian","floor":18.0,"turns":6.0},{"damage":19.0,"enemies":"Gremlin Leader","floor":23.0,"turns":7.0},{"damage":17.0,"enemies":"Slavers","floor":25.0,"turns":5.0},{"damage":1.0,"enemies":"2 Thieves","floor":27.0,"turns":4.0},{"damage":18.0,"enemies":"Centurion and Healer","floor":29.0,"turns":8.0},{"damage":0.0,"enemies":"Shelled Parasite and Fungi","floor":31.0,"turns":4.0},{"damage":18.0,"enemies":"Automaton","floor":33.0,"turns":10.0},{"damage":0.0,"enemies":"3 Darklings","floor":35.0,"turns":3.0},{"damage":0.0,"enemies":"Orb Walker","floor":37.0,"turns":4.0},{"damage":14.0,"enemies":"Writhing Mass","floor":38.0,"turns":6.0},{"damage":37.0,"enemies":"Reptomancer","floor":42.0,"turns":7.0},{"damage":9.0,"enemies":"Nemesis","floor":45.0,"turns":9.0},{"damage":0.0,"enemies":"Spire Growth","floor":47.0,"turns":6.0},{"damage":1.0,"enemies":"Jaw Worm Horde","floor":48.0,"turns":3.0},{"damage":29.0,"enemies":"Time Eater","floor":50.0,"turns":14.0},{"damage":57,"enemies":"Shield and Spear","floor":54,"turns":7},{"damage":68,"enemies":"The Heart","floor":55,"turns":12}],"seed_played":"9073833870646670121","potions_obtained":[{"floor":1.0,"key":"Fire Potion"},{"floor":5.0,"key":"EssenceOfSteel"},{"floor":7.0,"key":"Explosive Potion"},{"floor":10.0,"key":"LiquidMemories"},{"floor":14.0,"key":"AttackPotion"},{"floor":16.0,"key":"DistilledChaos"},{"floor":18.0,"key":"Block Potion"},{"floor":23.0,"key":"Energy Potion"},{"floor":27.0,"key":"CultistPotion"},{"floor":29.0,"key":"EntropicBrew"},{"floor":31.0,"key":"DistilledChaos"},{"floor":33.0,"key":"SteroidPotion"}],"is_trial":false,"path_per_floor":["M","M","?","M","M","E","M","M","T","M","E","M","R","M","R","B",null,"M","?","?","?","$","E","R","E","T","M","R","M","?","M","R","B",null,"M","$","M","M","?","R","?","E","T","R","E","R","M","M","R","B",null,"R","$","E","B",null],"character_chosen":"THE_SILENT","items_purchased":["Backflip","OrangePellets","Footwork","PiercingWail","Dark Shackles"],"campfire_rested":4,"item_purchase_floors":[22,22,36,36,53],"current_hp_per_floor":[62,62,62,63,61,33,24,25,25,26,5,6,27,20,41,3,56,43,43,43,43,43,25,25,11,11,13,37,20,20,21,21,4,64,65,65,66,53,42,42,42,6,6,32,38,38,53,53,53,37,81,81,81,37,37],"gold":30,"neow_bonus":"REMOVE_TWO","is_daily":false,"chose_seed":false,"campfire_upgraded":5,"win_rate":0.0,"timestamp":1613244641,"path_taken":["M","M","?","M","M","E","M","M","T","M","E","?","R","M","R","BOSS","M","?","?","?","$","E","R","E","T","?","R","M","?","M","R","BOSS","M","$","M","M","?","R","?","E","T","R","E","R","M","M","R","BOSS","R","$","E","BOSS"],"items_purchased_type":["Card","Relic","Card","Card","Card"],"build_version":"2020-12-22","purchased_purges":3,"victory":true,"max_hp_per_floor":[63,63,63,64,65,66,67,68,68,69,70,71,71,72,72,73,73,74,74,74,74,74,75,75,78,78,81,81,82,82,83,83,84,84,85,85,86,87,87,87,87,88,88,88,91,91,94,95,95,96,96,96,96,97,98],"card_choices":[{"not_picked":["Prepared","Underhanded Strike"],"picked":"Flechettes","floor":1.0},{"not_picked":["Backflip","Dodge and Roll"],"picked":"Infinite Blades","floor":2.0},{"not_picked":["Dagger Throw","Bane"],"picked":"Dodge and Roll","floor":4.0},{"not_picked":["Tactician","Prepared","Underhanded Strike"],"picked":"SKIP","floor":5.0},{"not_picked":["Tactician","Catalyst"],"picked":"Escape Plan","floor":6.0},{"not_picked":["Catalyst","Dodge and Roll"],"picked":"Deadly Poison","floor":7.0},{"not_picked":["Deadly Poison","Eviscerate"],"picked":"Catalyst","floor":8.0},{"not_picked":["Underhanded Strike","Flying Knee"],"picked":"Bane","floor":10.0},{"not_picked":["Malaise","Acrobatics","Heel Hook"],"picked":"SKIP","floor":11.0},{"not_picked":["Choke","Concentrate","Accuracy"],"picked":"SKIP","floor":12.0},{"not_picked":["All Out Attack","Accuracy","Flying Knee"],"picked":"SKIP","floor":14.0},{"not_picked":["Phantasmal Killer","Glass Knife"],"picked":"After Image","floor":16.0},{"not_picked":["Riddle With Holes","Bane"],"picked":"Blur","floor":18.0},{"not_picked":["Dagger Spray","Calculated Gamble"],"picked":"Crippling Poison","floor":23.0},{"not_picked":["Accuracy","Dodge and Roll","Outmaneuver"],"picked":"Singing Bowl","floor":25.0},{"not_picked":["Blur","Acrobatics","All Out Attack"],"picked":"Singing Bowl","floor":27.0},{"not_picked":["Noxious Fumes","Prepared"],"picked":"Cloak And Dagger","floor":29.0},{"not_picked":["Sucker Punch","Poisoned Stab"],"picked":"Deflect","floor":31.0},{"not_picked":["Storm of Steel","Adrenaline"],"picked":"Corpse Explosion","floor":33.0},{"not_picked":["Slice","Dagger Spray+1"],"picked":"Prepared+1","floor":35.0},{"not_picked":["Dagger Spray","Blade Dance"],"picked":"Caltrops+1","floor":37.0},{"not_picked":["Tactician","Masterful Stab+1"],"picked":"Acrobatics","floor":38.0},{"not_picked":["Magnetism","Flash of Steel"],"picked":"Secret Technique","floor":41.0},{"not_picked":["Acrobatics","Well Laid Plans"],"picked":"Cloak And Dagger","floor":42.0},{"not_picked":["Acrobatics+1","Sucker Punch","Dagger Spray"],"picked":"Singing Bowl","floor":45.0},{"not_picked":["Blade Dance","Underhanded Strike","Bane"],"picked":"Singing Bowl","floor":47.0},{"not_picked":["Masterful Stab","Flying Knee"],"picked":"PiercingWail","floor":48.0},{"not_picked":["Slice","Acrobatics"],"picked":"PiercingWail","floor":54}],"player_experience":321817,"relics_obtained":[{"floor":6.0,"key":"HornCleat"},{"floor":11.0,"key":"Boot"},{"floor":23.0,"key":"Singing Bowl"},{"floor":25.0,"key":"White Beast Statue"},{"floor":26.0,"key":"FossilizedHelix"},{"floor":42.0,"key":"Meat on the Bone"},{"floor":43.0,"key":"Blue Candle"},{"floor":45.0,"key":"Smiling Mask"},{"floor":54,"key":"Blood Vial"}],"event_choices":[{"damage_healed":0.0,"max_hp_gain":0.0,"max_hp_loss":0.0,"gold_gain":0.0,"event_name":"FaceTrader","player_choice":"Trade","floor":3.0,"gold_loss":0.0,"damage_taken":0.0,"relics_obtained":["FaceOfCleric"]},{"damage_healed":0.0,"max_hp_gain":0.0,"max_hp_loss":0.0,"gold_gain":0.0,"event_name":"The Library","player_choice":"Read","floor":19.0,"gold_loss":0.0,"damage_taken":0.0,"cards_obtained":["Noxious Fumes"]},{"cards_removed":["Strike_G"],"damage_healed":0.0,"max_hp_gain":0.0,"max_hp_loss":0.0,"gold_gain":0.0,"event_name":"Beggar","player_choice":"Gave Gold","floor":20.0,"gold_loss":75.0,"damage_taken":0.0},{"damage_healed":0.0,"max_hp_gain":0.0,"max_hp_loss":0.0,"gold_gain":0.0,"event_name":"Lab","player_choice":"Got Potions","floor":21.0,"gold_loss":0.0,"damage_taken":0.0},{"cards_removed":["Strike_G"],"damage_healed":0.0,"max_hp_gain":0.0,"max_hp_loss":0.0,"gold_gain":0.0,"event_name":"Back to Basics","player_choice":"Elegance","floor":30.0,"gold_loss":0.0,"damage_taken":0.0},{"damage_healed":0.0,"max_hp_gain":0.0,"max_hp_loss":0.0,"gold_gain":0.0,"event_name":"Winding Halls","player_choice":"Embrace Madness","floor":39.0,"gold_loss":0.0,"damage_taken":11.0,"cards_obtained":["Madness","Madness"]},{"damage_healed":0.0,"max_hp_gain":0.0,"max_hp_loss":0.0,"gold_gain":0.0,"event_name":"SensoryStone","player_choice":"Memory 1","floor":41.0,"gold_loss":0.0,"damage_taken":0.0}],"is_beta":false,"boss_relics":[{"not_picked":["Philosopher\u0027s Stone","SacredBark"],"picked":"Runic Pyramid"},{"not_picked":["Empty Cage","Black Star"],"picked":"Sozu"}],"items_purged_floors":[22,36,53],"is_endless":false,"potions_floor_spawned":[1,5,7,10,14,16,18,23,27,29,31,33,35,37,38,42,45,47,48,54],"ascension_level":12}}