{"host":"lg1lbglystyxcosi","time":1613228905,"event":{"mods":["AchievementEnabler","BaseMod","Better Third Choice","BetterRewards","Colored Powertips","Minty Spire (QoL Compilation)","Quick Restart","Shop Mod","StSLib","¡¾ÒÅÎï¿¨ÅÆ¡¿REMEMod"],"gold_per_floor":[111,77,92,92,102,102,133,133,159,159,178,206,206,218,218,321,321,335,57,57,57,73,104,104,115,140,140,140,140,153,165,165,165,165],"floor_reached":33,"language":"ZHS","playtime":1320,"items_purged":["Strike_G","Strike_G"],"score":331,"play_id":"3ca11531-8fbc-491c-b857-6629e9ccf9ec","local_time":"20210213230825","is_ascension_mode":true,"campfire_choices":[{"floor":6.0,"key":"REST"},{"floor":13.0,"key":"REST"},{"floor":15.0,"key":"REST"},{"floor":24.0,"key":"REST"},{"floor":28.0,"key":"REST"},{"floor":32.0,"key":"REST"}],"circlet_count":0,"master_deck":["Strike_G","Strike_G","Defend_G","Defend_G","Defend_G","Defend_G","Defend_G","Survivor","Neutralize","ConjureBlade","Flying Knee","Flying Knee","Flying Knee","Heel Hook","Storm of Steel","Backflip+1"],"relics":["Ring of the Snake","REME_ComplimentaryCards","Ginger","Pocketwatch","Orichalcum","Happy Flower","The Courier","Odd Mushroom","REME_LowDesire","Bronze Scales","Lantern","Eternal Feather","Blood Vial","MutagenicStrength","Frozen Egg 2","Dream Catcher"],"acts_visited":["Exordium","TheCity"],"potions_floor_usage":[33],"damage_taken":[{"damage":1.0,"enemies":"Jaw Worm","floor":1.0,"turns":4.0},{"damage":0.0,"enemies":"2 Louse","floor":3.0,"turns":2.0},{"damage":4.0,"enemies":"Small Slimes","floor":5.0,"turns":3.0},{"damage":22.0,"enemies":"Lagavulin","floor":7.0,"turns":6.0},{"damage":0.0,"enemies":"Exordium Wildlife","floor":11.0,"turns":3.0},{"damage":8.0,"enemies":"The Mushroom Lair","floor":12.0,"turns":5.0},{"damage":7.0,"enemies":"2 Fungi Beasts","floor":14.0,"turns":3.0},{"damage":42.0,"enemies":"Hexaghost","floor":16.0,"turns":12.0},{"damage":5.0,"enemies":"Spheric Guardian","floor":18.0,"turns":3.0},{"damage":0.0,"enemies":"3 Byrds","floor":22.0,"turns":4.0},{"damage":35.0,"enemies":"Slavers","floor":23.0,"turns":8.0},{"damage":29.0,"enemies":"Sentry and Sphere","floor":25.0,"turns":5.0},{"damage":15.0,"enemies":"Snake Plant","floor":30.0,"turns":2.0},{"damage":7.0,"enemies":"Snecko","floor":31.0,"turns":3.0},{"damage":65,"enemies":"Collector","floor":33,"turns":8}],"seed_played":"6258630489895265647","potions_obtained":[{"floor":3.0,"key":"GamblersBrew"},{"floor":7.0,"key":"Swift Potion"},{"floor":11.0,"key":"Regen Potion"},{"floor":16.0,"key":"Dexterity Potion"},{"floor":23.0,"key":"FearPotion"},{"floor":25.0,"key":"Energy Potion"},{"floor":31.0,"key":"CunningPotion"}],"is_trial":false,"path_per_floor":["M","?","M","?","M","R","E","$","T","?","M","?","R","M","R","B",null,"M","$","?","?","M","E","R","M","T","$","R","?","M","M","R","B"],"character_chosen":"THE_SILENT","items_purchased":["Flying Knee","Eternal Feather"],"campfire_rested":6,"item_purchase_floors":[0,19],"current_hp_per_floor":[37,37,37,30,26,47,25,25,25,7,7,13,34,27,48,6,54,49,49,49,49,51,18,48,21,21,21,51,51,38,33,63,0,0],"gold":165,"neow_bonus":"","is_daily":false,"chose_seed":false,"campfire_upgraded":0,"win_rate":0.0,"timestamp":1613228905,"path_taken":["M","?","M","?","M","R","E","$","T","?","M","?","R","?","R","BOSS","M","$","?","?","M","E","R","M","T","?","R","?","M","?","R","BOSS"],"items_purchased_type":["Card","Relic"],"build_version":"2020-12-22","purchased_purges":2,"victory":false,"max_hp_per_floor":[70,70,70,70,70,70,70,70,70,70,70,70,70,70,70,70,70,70,70,70,70,70,70,70,70,70,70,70,70,70,70,70,70,70],"card_choices":[{"not_picked":["Crippling Poison","Blade Dance"],"picked":"Flying Knee","floor":1.0},{"not_picked":["Poisoned Stab","Distraction"],"picked":"Flying Knee","floor":3.0},{"not_picked":["Dagger Throw","Catalyst"],"picked":"Heel Hook","floor":5.0},{"not_picked":["Deflect","Deadly Poison","Backflip"],"picked":"SKIP","floor":7.0},{"not_picked":["Noxious Fumes","Flechettes","Dagger Throw"],"picked":"SKIP","floor":11.0},{"not_picked":["Deflect","REME_GreenPollution","PiercingWail"],"picked":"SKIP","floor":14.0},{"not_picked":["Adrenaline","Tools of the Trade"],"picked":"Storm of Steel","floor":16.0},{"not_picked":["Concentrate+1","Expertise","Slice","REME_Flogging"],"picked":"SKIP","floor":18.0},{"not_picked":["Sucker Punch","Dagger Spray","Underhanded Strike","Master of Strategy"],"picked":"SKIP","floor":22.0},{"not_picked":["Backstab","Predator","All Out Attack+1","REME_Flogging+1"],"picked":"SKIP","floor":23.0},{"not_picked":["Sucker Punch","Deflect","Noxious Fumes+1","Chrysalis"],"picked":"SKIP","floor":25.0},{"not_picked":["Acrobatics+1","Bane+1","Secret Weapon"],"picked":"Backflip+1","floor":28.0},{"not_picked":["Blade Dance","Backstab","Deadly Poison","REME_BuildACard"],"picked":"SKIP","floor":30.0},{"not_picked":["Grand Finale","Cloak And Dagger","Distraction","Madness"],"picked":"SKIP","floor":31.0}],"player_experience":128398,"relics_obtained":[{"floor":7.0,"key":"Orichalcum"},{"floor":9.0,"key":"Happy Flower"},{"floor":12.0,"key":"Odd Mushroom"},{"floor":17.0,"key":"Bronze Scales"},{"floor":17.0,"key":"Lantern"},{"floor":23.0,"key":"Frozen Egg 2"},{"floor":26.0,"key":"Dream Catcher"}],"event_choices":[{"damage_healed":0.0,"max_hp_gain":0.0,"max_hp_loss":0.0,"gold_gain":0.0,"event_name":"betterThird:BetterGoop","player_choice":"Left","floor":2.0,"gold_loss":34.0,"damage_taken":0.0},{"cards_removed":["Strike_G"],"damage_healed":0.0,"max_hp_gain":0.0,"max_hp_loss":0.0,"gold_gain":0.0,"event_name":"Golden Wing","player_choice":"Card Removal","floor":4.0,"gold_loss":0.0,"damage_taken":7.0},{"damage_healed":0.0,"max_hp_gain":0.0,"max_hp_loss":0.0,"gold_gain":0.0,"event_name":"betterThird:BetterScrap","player_choice":"Relic ","floor":10.0,"gold_loss":0.0,"damage_taken":18.0,"cards_obtained":["REME_Whirling"]},{"damage_healed":0.0,"max_hp_gain":0.0,"max_hp_loss":0.0,"gold_gain":0.0,"event_name":"Mushrooms","player_choice":"Fought Mushrooms","floor":12.0,"gold_loss":0.0,"damage_taken":0.0},{"damage_healed":0.0,"max_hp_gain":0.0,"max_hp_loss":0.0,"gold_gain":0.0,"event_name":"The Mausoleum","player_choice":"Opened","floor":20.0,"gold_loss":0.0,"damage_taken":0.0,"relics_obtained":["Blood Vial"]},{"damage_healed":0.0,"max_hp_gain":0.0,"max_hp_loss":0.0,"gold_gain":0.0,"event_name":"Drug Dealer","player_choice":"Inject Mutagens","floor":21.0,"gold_loss":0.0,"damage_taken":0.0,"relics_obtained":["MutagenicStrength"]},{"damage_healed":0.0,"max_hp_gain":0.0,"max_hp_loss":0.0,"gold_gain":0.0,"event_name":"Ghosts","player_choice":"Ignored","floor":29.0,"gold_loss":0.0,"damage_taken":0.0}],"is_beta":false,"boss_relics":[{"not_picked":["Calling Bell","Sozu"],"picked":"REME_LowDesire"}],"items_purged_floors":[0,19],"is_endless":false,"potions_floor_spawned":[3,7,11,16,23,25,31],"killed_by":"Collector","ascension_level":5}}