{"host":"c3lc60y5x60jlt1y","time":1613223850,"event":{"mods":["AchievementEnabler","BaseMod","Bestiary","Colored Map","Minty Spire (QoL Compilation)","Quick Restart","StSLib","ojb\u0027s Info Mod"],"gold_per_floor":[110,110,110,110,120,153,28,59,59,59,59,59],"floor_reached":11,"language":"ENG","playtime":264,"items_purged":["Defend_B"],"score":208,"play_id":"e404f37e-b6ab-436d-a8ff-a102bdfcadcc","local_time":"20210213154410","is_ascension_mode":true,"campfire_choices":[],"circlet_count":0,"master_deck":["AscendersBane","Strike_B+1","Strike_B","Strike_B","Defend_B+1","Defend_B","Defend_B","Zap","Dualcast","Sweeping Beam","Hyperbeam","Hologram","Static Discharge","Force Field","Coolheaded"],"relics":["Cracked Core","NeowsBlessing","The Courier","Symbiotic Virus","Orichalcum","Juzu Bracelet"],"acts_visited":["Exordium"],"potions_floor_usage":[8],"damage_taken":[{"damage":0,"enemies":"Small Slimes","floor":1,"turns":1},{"damage":0,"enemies":"2 Louse","floor":5,"turns":1},{"damage":0,"enemies":"Lagavulin","floor":6,"turns":1},{"damage":17,"enemies":"3 Sentries","floor":8,"turns":3},{"damage":25,"enemies":"Gremlin Nob","floor":11,"turns":3}],"seed_played":"5483554787538210594","potions_obtained":[{"floor":1,"key":"Explosive Potion"}],"is_trial":false,"path_per_floor":["M","?","?","?","M","E","$","E","T","?","E"],"character_chosen":"DEFECT","items_purchased":["Force Field"],"campfire_rested":0,"item_purchase_floors":[7],"current_hp_per_floor":[64,64,43,25,25,25,25,8,8,8,0,0],"gold":59,"neow_bonus":"THREE_ENEMY_KILL","is_daily":false,"chose_seed":false,"campfire_upgraded":0,"win_rate":0.0,"timestamp":1613223850,"path_taken":["M","?","?","?","M","E","?","E","T","?","E"],"items_purchased_type":["Card"],"build_version":"2020-12-22","purchased_purges":1,"victory":false,"max_hp_per_floor":[71,71,71,71,71,71,71,71,71,71,71,71],"card_choices":[{"not_picked":["Steam Power","Leap"],"picked":"Sweeping Beam","floor":1},{"not_picked":["Sweeping Beam","Steam"],"picked":"Hologram","floor":5},{"not_picked":["Double Energy","Compile Driver"],"picked":"Static Discharge","floor":6},{"not_picked":["Darkness","Machine Learning"],"picked":"Coolheaded","floor":8}],"player_experience":9256873,"relics_obtained":[{"floor":6,"key":"Symbiotic Virus"},{"floor":8,"key":"Orichalcum"},{"floor":9,"key":"Juzu Bracelet"}],"event_choices":[{"damage_healed":0,"gold_gain":0,"cards_transformed":["Strike_B"],"player_choice":"Change","damage_taken":0,"max_hp_gain":0,"max_hp_loss":0,"event_name":"Living Wall","floor":2,"gold_loss":0,"cards_obtained":["Hyperbeam"]},{"damage_healed":0,"gold_gain":0,"player_choice":"Entered Light","damage_taken":21,"max_hp_gain":0,"max_hp_loss":0,"event_name":"Shining Light","floor":3,"gold_loss":0,"cards_upgraded":["Strike_B","Defend_B"]},{"damage_healed":0,"gold_gain":0,"player_choice":"Success","damage_taken":18,"relics_obtained":["The Courier"],"max_hp_gain":0,"max_hp_loss":0,"event_name":"Scrap Ooze","floor":4,"gold_loss":0},{"damage_healed":0,"gold_gain":0,"player_choice":"Ignored","damage_taken":0,"max_hp_gain":0,"max_hp_loss":0,"event_name":"Liars Game","floor":10,"gold_loss":0}],"is_beta":false,"boss_relics":[],"items_purged_floors":[7],"is_endless":false,"potions_floor_spawned":[1],"killed_by":"Gremlin Nob","ascension_level":20}}