{"host":"gfxjwtol062e9znw","time":1613259502,"event":{"mods":["BaseMod","Colored Map","Minty Spire (QoL Compilation)","Rare Cards Sparkle","StSLib"],"gold_per_floor":[117,128,144,160,175,175,209,209,209,221,233,36,36,51,51,146,146,156,172,172,28,43,43,71,71,95,95,195,227,239,239,239,342,342,362,376,16,16,33,33,43,43,43,93,0,17,70,84,84,84],"floor_reached":51,"language":"ENG","playtime":1650,"items_purged":["Defend_R"],"score":1082,"play_id":"62bef5ab-43c2-4f5a-844a-b1817b347c86","local_time":"20210214103822","is_ascension_mode":true,"campfire_choices":[{"data":"Rage","floor":6.0,"key":"SMITH"},{"floor":13.0,"key":"REST"},{"data":"Demon Form","floor":15.0,"key":"SMITH"},{"floor":23.0,"key":"REST"},{"floor":25.0,"key":"REST"},{"data":"Whirlwind","floor":27.0,"key":"SMITH"},{"floor":32.0,"key":"REST"},{"data":"RitualDagger","floor":40.0,"key":"SMITH"},{"data":"Flame Barrier","floor":42.0,"key":"SMITH"},{"data":"Shockwave","floor":49,"key":"SMITH"}],"circlet_count":0,"master_deck":["AscendersBane","Strike_R","Strike_R","Strike_R","Strike_R","Defend_R","Defend_R","Defend_R","Bash","Immolate","Wild Strike","Cleave","Ghostly Armor","Rage+1","Iron Wave","Cleave","Ghostly Armor","Demon Form+1","Immolate","Heavy Blade+1","Fire Breathing","RitualDagger+1","Whirlwind+1","Bludgeon","Impervious","Searing Blow+1","Flame Barrier+1","Shockwave+1","Heavy Blade+1","Power Through+1","Clothesline"],"relics":["Burning Blood","Akabeko","Blue Candle","Snecko Eye","Pantograph","Omamori","The Courier","Runic Dome","FossilizedHelix","Pen Nib","Torii","Red Mask","Prayer Wheel"],"acts_visited":["Exordium","TheCity","TheBeyond"],"potions_floor_usage":[50,50],"damage_taken":[{"damage":5.0,"enemies":"Small Slimes","floor":1.0,"turns":3.0},{"damage":6.0,"enemies":"Cultist","floor":2.0,"turns":4.0},{"damage":4.0,"enemies":"Jaw Worm","floor":3.0,"turns":3.0},{"damage":13.0,"enemies":"Red Slaver","floor":4.0,"turns":3.0},{"damage":11.0,"enemies":"Blue Slaver","floor":5.0,"turns":3.0},{"damage":34.0,"enemies":"Gremlin Nob","floor":7.0,"turns":4.0},{"damage":10.0,"enemies":"Large Slime","floor":10.0,"turns":5.0},{"damage":2.0,"enemies":"3 Louse","floor":11.0,"turns":2.0},{"damage":6.0,"enemies":"Blue Slaver","floor":14.0,"turns":4.0},{"damage":4.0,"enemies":"Slime Boss","floor":16.0,"turns":7.0},{"damage":6.0,"enemies":"Spheric Guardian","floor":18.0,"turns":3.0},{"damage":25.0,"enemies":"Shell Parasite","floor":19.0,"turns":4.0},{"damage":17.0,"enemies":"Cultist and Chosen","floor":22.0,"turns":5.0},{"damage":20.0,"enemies":"Slavers","floor":24.0,"turns":3.0},{"damage":34.0,"enemies":"Book of Stabbing","floor":29.0,"turns":4.0},{"damage":27.0,"enemies":"Shelled Parasite and Fungi","floor":30.0,"turns":4.0},{"damage":26.0,"enemies":"Collector","floor":33.0,"turns":5.0},{"damage":11.0,"enemies":"Orb Walker","floor":35.0,"turns":3.0},{"damage":2.0,"enemies":"3 Shapes","floor":36.0,"turns":3.0},{"damage":0.0,"enemies":"Spire Growth","floor":39.0,"turns":4.0},{"damage":0.0,"enemies":"Jaw Worm Horde","floor":41.0,"turns":1.0},{"damage":0.0,"enemies":"Mind Bloom Boss Battle","floor":44.0,"turns":3.0},{"damage":0.0,"enemies":"4 Shapes","floor":46.0,"turns":2.0},{"damage":0.0,"enemies":"2 Orb Walkers","floor":47.0,"turns":3.0},{"damage":8,"enemies":"Spire Growth","floor":48,"turns":3},{"damage":43,"enemies":"Time Eater","floor":50,"turns":6}],"seed_played":"-1741514120180881589","potions_obtained":[{"floor":2.0,"key":"GamblersBrew"},{"floor":5.0,"key":"GamblersBrew"},{"floor":14.0,"key":"Block Potion"},{"floor":16.0,"key":"AttackPotion"},{"floor":18.0,"key":"Swift Potion"},{"floor":30.0,"key":"SneckoOil"},{"floor":33.0,"key":"FearPotion"},{"floor":41.0,"key":"FearPotion"},{"floor":48,"key":"LiquidMemories"}],"is_trial":false,"path_per_floor":["M","M","M","M","M","R","E","?","T","M","M","$","R","M","R","B",null,"M","M","?","$","M","R","E","R","T","R","?","E","M","?","R","B",null,"M","M","$","?","M","R","M","R","T","?","?","M","?","M","R","B",null],"character_chosen":"IRONCLAD","items_purchased":["Demon Form","Block Potion","Whirlwind","FossilizedHelix","Flame Barrier","Shockwave"],"campfire_rested":4,"item_purchase_floors":[12,12,21,37,37,37],"current_hp_per_floor":[73,73,75,68,63,63,35,35,35,31,35,35,59,59,59,61,75,75,56,50,50,39,63,49,73,73,73,73,45,24,24,48,53,73,68,72,72,72,78,78,80,80,80,80,80,80,80,78,78,43],"gold":84,"neow_bonus":"ONE_RANDOM_RARE_CARD","is_daily":false,"chose_seed":false,"campfire_upgraded":6,"win_rate":0.0,"timestamp":1613259502,"path_taken":["M","M","M","M","M","R","E","?","T","M","M","$","R","M","R","BOSS","M","M","?","$","M","R","E","R","T","R","?","E","?","?","R","BOSS","M","M","$","?","M","R","M","R","T","?","?","M","?","M","R","BOSS"],"items_purchased_type":["Card","Potion","Card","Relic","Card","Card"],"build_version":"2020-12-22","purchased_purges":1,"victory":true,"max_hp_per_floor":[80,80,80,80,80,80,80,80,80,80,80,80,80,80,80,80,80,80,80,80,80,80,80,80,80,80,80,80,80,80,80,80,80,80,80,80,80,80,80,80,80,80,80,80,80,80,80,80,80,80],"card_choices":[{"not_picked":["Anger","Heavy Blade"],"picked":"Wild Strike","floor":1.0},{"not_picked":["Body Slam","True Grit"],"picked":"Cleave","floor":2.0},{"not_picked":["Pommel Strike","Heavy Blade"],"picked":"Warcry","floor":3.0},{"not_picked":["Dark Embrace","Flex"],"picked":"Ghostly Armor","floor":4.0},{"not_picked":["Shrug It Off","Entrench"],"picked":"Rage","floor":5.0},{"not_picked":["Flex","Clash"],"picked":"Iron Wave","floor":7.0},{"not_picked":["Dropkick","Havoc"],"picked":"Cleave","floor":10.0},{"not_picked":["Perfected Strike","Body Slam"],"picked":"Ghostly Armor","floor":11.0},{"not_picked":["Rampage","Warcry","Clash"],"picked":"SKIP","floor":14.0},{"not_picked":["Barricade","Brutality"],"picked":"Immolate","floor":16.0},{"not_picked":["Clothesline+1","Shrug It Off"],"picked":"Heavy Blade+1","floor":18.0},{"not_picked":["Dropkick","Thunderclap"],"picked":"Fire Breathing","floor":19.0},{"not_picked":["Entrench","Anger"],"picked":"Bludgeon","floor":22.0},{"not_picked":["Pommel Strike","Shrug It Off","Clash"],"picked":"SKIP","floor":24.0},{"not_picked":["Shrug It Off","Seeing Red","Rampage"],"picked":"SKIP","floor":29.0},{"not_picked":["Shrug It Off","Headbutt+1","Pommel Strike+1"],"picked":"SKIP","floor":30.0},{"not_picked":["Bludgeon","Feed"],"picked":"Impervious","floor":33.0},{"not_picked":["Headbutt","Flex+1"],"picked":"Searing Blow+1","floor":35.0},{"not_picked":["Reckless Charge+1","Armaments+1","Infernal Blade"],"picked":"SKIP","floor":36.0},{"not_picked":["Whirlwind","Cleave+1"],"picked":"Heavy Blade+1","floor":39.0},{"not_picked":["Sword Boomerang","Combust+1","Armaments"],"picked":"SKIP","floor":41.0},{"not_picked":["Sword Boomerang+1","Shrug It Off+1","Armaments+1"],"picked":"SKIP","floor":46.0},{"not_picked":["Fiend Fire","Anger"],"picked":"Power Through+1","floor":48},{"not_picked":["Clothesline","Anger+1","Warcry+1"],"picked":"SKIP","floor":48},{"not_picked":["Anger+1","Warcry+1"],"picked":"Clothesline","floor":48}],"player_experience":168097,"relics_obtained":[{"floor":7.0,"key":"Akabeko"},{"floor":9.0,"key":"Blue Candle"},{"floor":24.0,"key":"Pantograph"},{"floor":26.0,"key":"Omamori"},{"floor":29.0,"key":"The Courier"},{"floor":43.0,"key":"Pen Nib"},{"floor":44.0,"key":"Torii"},{"floor":47.0,"key":"Prayer Wheel"}],"event_choices":[{"damage_healed":0.0,"max_hp_gain":0.0,"max_hp_loss":0.0,"gold_gain":0.0,"event_name":"FaceTrader","player_choice":"Leave","floor":8.0,"gold_loss":0.0,"damage_taken":0.0},{"damage_healed":0.0,"max_hp_gain":0.0,"max_hp_loss":0.0,"gold_gain":0.0,"event_name":"Nest","player_choice":"Joined the Cult","floor":20.0,"gold_loss":0.0,"damage_taken":6.0,"cards_obtained":["RitualDagger"]},{"damage_healed":0.0,"max_hp_gain":0.0,"max_hp_loss":0.0,"gold_gain":100.0,"event_name":"Golden Shrine","player_choice":"Pray","floor":28.0,"gold_loss":0.0,"damage_taken":0.0},{"cards_removed":["Warcry"],"damage_healed":0.0,"max_hp_gain":0.0,"max_hp_loss":0.0,"gold_gain":0.0,"event_name":"Back to Basics","player_choice":"Elegance","floor":31.0,"gold_loss":0.0,"damage_taken":0.0},{"cards_removed":["Strike_R"],"damage_healed":0.0,"max_hp_gain":0.0,"max_hp_loss":0.0,"gold_gain":0.0,"event_name":"Falling","player_choice":"Removed Attack","floor":38.0,"gold_loss":0.0,"damage_taken":0.0},{"damage_healed":0.0,"max_hp_gain":0.0,"max_hp_loss":0.0,"gold_gain":0.0,"event_name":"MindBloom","player_choice":"Fight","floor":44.0,"gold_loss":0.0,"damage_taken":0.0},{"damage_healed":0.0,"max_hp_gain":0.0,"max_hp_loss":0.0,"gold_gain":0.0,"event_name":"Tomb of Lord Red Mask","player_choice":"Paid","floor":45.0,"gold_loss":93.0,"damage_taken":0.0,"relics_obtained":["Red Mask"]},{"damage_healed":0.0,"max_hp_gain":0.0,"max_hp_loss":0.0,"gold_gain":0.0,"event_name":"Mysterious Sphere","player_choice":"Fight","floor":47.0,"gold_loss":0.0,"damage_taken":0.0}],"is_beta":false,"boss_relics":[{"not_picked":["Cursed Key","Sozu"],"picked":"Snecko Eye"},{"not_picked":["Coffee Dripper","Empty Cage"],"picked":"Runic Dome"}],"items_purged_floors":[21],"is_endless":false,"potions_floor_spawned":[2,5,14,16,18,19,30,33,41,44,47,48],"ascension_level":11}}