{"host":"6p0attdrtjqaih7v","time":1613191835,"event":{"mods":["2.2 Compatiblity","AchievementEnabler","Bard","BaseMod","Better Skull","Better Third Choice","Card Filter","Colored Powertips","Hermit","Highlight Path","Hubris","Key Reminder","Minty Spire (QoL Compilation)","Permanent Neow","Quick Restart","Random Character Button","Relic Filter","Relic Stats","Reliquary","Replay The Spire","Robot Space Explorer","StSLib","The Hayseed","The Witch"],"gold_per_floor":[115,130,49,60,72,72,99,132,177,177,194,194,220,220,220,298,298,313,250,264,264,90,118,118,118],"floor_reached":24,"language":"ENG","playtime":1040,"items_purged":["Pain"],"score":448,"play_id":"184a0b22-3e83-4282-a494-fa5939fb6734","local_time":"20210212235035","is_ascension_mode":true,"campfire_choices":[{"data":"Sweeping Beam","floor":6,"key":"SMITH"},{"data":"Doom and Gloom","floor":10,"key":"SMITH"},{"floor":12,"key":"REST"},{"data":"Machine Learning","floor":15,"key":"SMITH"}],"circlet_count":0,"master_deck":["AscendersBane","Strike_B","Strike_B","Strike_B","Strike_B","Defend_B","Defend_B","Defend_B","Defend_B","Zap","Dualcast","Ball Lightning","Sweeping Beam+1","Cold Snap","Glacier","Doom and Gloom+1","Machine Learning+1","Coolheaded","Ball Lightning","Undo","Electrodynamics","Glacier","White Noise","FIFO Queue","Turbo","Recycle"],"relics":["Cracked Core","Torii","Boot","Toy Ornithopter","Blood Vial","Replay:WaspNest","WarpedTongs","Nuclear Battery","Blood Vial"],"acts_visited":["Exordium","TheCity"],"potions_floor_usage":[5,11,13,16,23,23],"damage_taken":[{"damage":3,"enemies":"Small Slimes","floor":1,"turns":4},{"damage":1,"enemies":"2 Louse","floor":2,"turns":3},{"damage":0,"enemies":"Cultist","floor":4,"turns":2},{"damage":7,"enemies":"2 Fungi Beasts","floor":5,"turns":2},{"damage":1,"enemies":"Replay:BlueRogue","floor":7,"turns":8},{"damage":13,"enemies":"Exordium Thugs","floor":11,"turns":4},{"damage":2,"enemies":"Lagavulin","floor":13,"turns":7},{"damage":21,"enemies":"The Guardian","floor":16,"turns":10},{"damage":32,"enemies":"Shell Parasite","floor":18,"turns":5},{"damage":5,"enemies":"Chosen","floor":20,"turns":4},{"damage":45,"enemies":"Gremlin Leader","floor":23,"turns":7},{"damage":22,"enemies":"3 Cultists","floor":24,"turns":4}],"seed_played":"-7413072657930405016","potions_obtained":[{"floor":4,"key":"Swift Potion"},{"floor":8,"key":"Languid Potion"},{"floor":11,"key":"Languid Potion"},{"floor":13,"key":"DistilledChaos"},{"floor":16,"key":"FocusPotion"},{"floor":18,"key":"Block Potion"}],"is_trial":false,"path_per_floor":["M","M","$","M","M","R","E","?","T","R","M","R","E","?","R","B",null,"M","?","M","?","$","E","M"],"character_chosen":"DEFECT","items_purchased":["Sweeping Beam","SteroidPotion","FIFO Queue","Turbo"],"campfire_rested":1,"item_purchase_floors":[3,3,22,22],"current_hp_per_floor":[61,60,60,60,53,53,52,31,31,31,25,44,49,49,49,35,57,27,47,44,44,44,11,0,0],"gold":118,"neow_bonus":"ONE_RARE_RELIC","is_daily":false,"chose_seed":false,"campfire_upgraded":3,"win_rate":0.0,"timestamp":1613191835,"path_taken":["M","M","$","M","M","R","E","?","T","R","M","R","E","?","R","BOSS","M","?","M","?","$","E","M"],"items_purchased_type":["Card","Potion","Card","Card"],"build_version":"2020-12-22","purchased_purges":1,"victory":false,"max_hp_per_floor":[64,64,64,64,64,64,64,64,64,64,64,64,64,64,64,64,64,64,64,64,64,64,64,64,64],"relic_stats":{"Blood Vial":16,"Torii":12,"counters":[12,60],"Boot":[5],"obtain_stats":[{"Blood Vial":9,"Torii":0,"Replay:WaspNest":13,"reliquary:SculptingSteel":23,"Cracked Core":0,"Boot":7,"Toy Ornithopter":8,"WarpedTongs":14,"Nuclear Battery":17},{"Blood Vial":5,"Torii":0,"Replay:WaspNest":7,"reliquary:SculptingSteel":11,"Cracked Core":0,"Boot":5,"Toy Ornithopter":5,"WarpedTongs":7,"Nuclear Battery":8},{"Blood Vial":19,"Torii":0,"Replay:WaspNest":30,"reliquary:SculptingSteel":56,"Cracked Core":0,"Boot":19,"Toy Ornithopter":19,"WarpedTongs":30,"Nuclear Battery":40}],"Toy Ornithopter":25,"WarpedTongs":[30]},"card_choices":[{"not_picked":["Hologram","Redo"],"picked":"Ball Lightning","floor":1},{"not_picked":["Chaos","BasicCrystalCard","Scrape"],"picked":"SKIP","floor":2},{"not_picked":["Sweeping Beam","Turbo"],"picked":"Cold Snap","floor":4},{"not_picked":["Undo","Coolheaded"],"picked":"Glacier","floor":5},{"not_picked":["Blizzard","Coolheaded"],"picked":"Doom and Gloom","floor":7},{"not_picked":["Gash","Sweeping Beam"],"picked":"Machine Learning","floor":8},{"not_picked":["Reinforced Body","Stack"],"picked":"Coolheaded","floor":8},{"not_picked":["Turbo","Compile Driver"],"picked":"Ball Lightning","floor":11},{"not_picked":["Compile Driver","Cold Snap"],"picked":"Undo","floor":13},{"not_picked":["All For One","Echo Form"],"picked":"Electrodynamics","floor":16},{"not_picked":["Streamline","Chaos"],"picked":"Glacier","floor":18},{"not_picked":["Blizzard","Stack"],"picked":"White Noise","floor":20},{"not_picked":["Reboot","Barrage"],"picked":"Recycle","floor":23}],"player_experience":1117989,"relics_obtained":[{"floor":7,"key":"Boot"},{"floor":8,"key":"Toy Ornithopter"},{"floor":9,"key":"Blood Vial"},{"floor":13,"key":"Replay:WaspNest"},{"floor":23,"key":"reliquary:SculptingSteel"}],"event_choices":[{"damage_healed":0,"gold_gain":0,"player_choice":"Rummage","damage_taken":0,"relics_obtained":["WarpedTongs"],"max_hp_gain":0,"max_hp_loss":0,"event_name":"Accursed Blacksmith","floor":14,"gold_loss":0,"cards_obtained":["Pain"]},{"damage_healed":0,"gold_gain":0,"player_choice":"0 cards matched","damage_taken":0,"max_hp_gain":0,"max_hp_loss":0,"event_name":"Match and Keep!","floor":21,"gold_loss":0,"cards_obtained":[]}],"is_beta":false,"boss_relics":[{"not_picked":["reliquary:Ember","Sozu"],"picked":"Nuclear Battery"}],"items_purged_floors":[22],"is_endless":false,"potions_floor_spawned":[4,11,13,16,18],"killed_by":"3 Cultists","ascension_level":20}}