{"host":"uafoej811sw8via1","time":1613248864,"event":{"mods":["BaseMod","Minty Spire (QoL Compilation)","Relic Stats","StSLib"],"gold_per_floor":[114,129,38,38,53,83,83,83,108,138,153,183,183,213,213,313,313,328,343,343,343,273,303,303,333,333,363,113,113,143,158,158,258,258,273,73,123,123,138,168,168,198,198,228,228,258,58,73,73,73],"floor_reached":51,"language":"ENG","playtime":3929,"items_purged":["Twin Strike","Twin Strike"],"score":1065,"play_id":"5d2e24e0-14c2-4e65-aeee-45c369894f18","local_time":"20210213154104","daily_mods":["SealedDeck","Colorless Cards","Elite Swarm"],"is_ascension_mode":false,"campfire_choices":[{"data":"Inflame","floor":7.0,"key":"SMITH"},{"data":"Armaments","floor":15,"key":"SMITH"},{"data":"Whirlwind","floor":24,"key":"SMITH"},{"data":"Seeing Red","floor":32,"key":"SMITH"},{"data":"Juggernaut","floor":41,"key":"SMITH"},{"data":"Disarm","floor":49,"key":"SMITH"}],"circlet_count":0,"master_deck":["Pommel Strike+1","Inflame+1","Armaments+1","Shrug It Off","Feel No Pain","True Grit","Disarm+1","Feel No Pain","True Grit","Impervious","Juggernaut+1","Anger","Master of Strategy","Exhume","Whirlwind+1","Deep Breath+1","Seeing Red+1","Impervious","Fiend Fire+1","Thinking Ahead+1","Double Tap+1","Corruption","Purity+1","Exhume","Secret Weapon"],"relics":["Burning Blood","Ornamental Fan","Bag of Preparation","Letter Opener","Thread and Needle","Bottled Lightning","StoneCalendar","Runic Pyramid","Enchiridion","Orichalcum","Calipers","PreservedInsect","Smiling Mask","Paper Frog","Whetstone","Busted Crown","OrangePellets","Lizard Tail","Nunchaku","War Paint","Blood Vial","Magic Flower","Gambling Chip","Lantern"],"acts_visited":["Exordium","TheCity","TheBeyond"],"potions_floor_usage":[35],"damage_taken":[{"damage":9.0,"enemies":"Jaw Worm","floor":1.0,"turns":3.0},{"damage":0.0,"enemies":"Cultist","floor":2.0,"turns":3.0},{"damage":2.0,"enemies":"Small Slimes","floor":5.0,"turns":3.0},{"damage":0.0,"enemies":"Lagavulin","floor":6.0,"turns":7.0},{"damage":4,"enemies":"3 Sentries","floor":10,"turns":8},{"damage":0,"enemies":"Exordium Wildlife","floor":11,"turns":5},{"damage":2,"enemies":"Lagavulin","floor":12,"turns":5},{"damage":6,"enemies":"3 Sentries","floor":14,"turns":4},{"damage":0,"enemies":"The Guardian","floor":16,"turns":7},{"damage":3,"enemies":"Shell Parasite","floor":18,"turns":5},{"damage":3,"enemies":"2 Thieves","floor":19,"turns":5},{"damage":1,"enemies":"Book of Stabbing","floor":23,"turns":5},{"damage":0,"enemies":"Gremlin Leader","floor":25,"turns":3},{"damage":1,"enemies":"Book of Stabbing","floor":27,"turns":4},{"damage":0,"enemies":"Slavers","floor":30,"turns":2},{"damage":0,"enemies":"Sentry and Sphere","floor":31,"turns":3},{"damage":0,"enemies":"Collector","floor":33,"turns":6},{"damage":0,"enemies":"3 Darklings","floor":35,"turns":1},{"damage":0,"enemies":"Mind Bloom Boss Battle","floor":37,"turns":4},{"damage":1,"enemies":"3 Shapes","floor":39,"turns":2},{"damage":3,"enemies":"Reptomancer","floor":40,"turns":3},{"damage":0,"enemies":"Giant Head","floor":42,"turns":4},{"damage":0,"enemies":"Reptomancer","floor":44,"turns":2},{"damage":0,"enemies":"Nemesis","floor":46,"turns":3},{"damage":0,"enemies":"Writhing Mass","floor":48,"turns":3},{"damage":26,"enemies":"Donu and Deca","floor":50,"turns":4}],"seed_played":"6099103822572544471","potions_obtained":[{"floor":1.0,"key":"Swift Potion"},{"floor":6.0,"key":"Dexterity Potion"},{"floor":10,"key":"SteroidPotion"},{"floor":19,"key":"SkillPotion"},{"floor":37,"key":"SkillPotion"},{"floor":40,"key":"BlessingOfTheForge"},{"floor":42,"key":"PowerPotion"},{"floor":44,"key":"LiquidMemories"}],"is_trial":false,"path_per_floor":["M","M","$","?","M","E","R","?","T","E","M","E","T","E","R","B",null,"M","M","?","?","$","E","R","E","T","E","$","?","E","M","R","B",null,"M","$","?","?","M","E","R","E","T","E","?","E","$","M","R","B",null],"character_chosen":"IRONCLAD","items_purchased":["Feel No Pain","True Grit","Seeing Red","Paper Frog","OrangePellets","Lantern"],"campfire_rested":0,"item_purchase_floors":[3,3,22,28,36,47],"current_hp_per_floor":[77,80,80,85,85,85,85,85,85,85,85,85,85,85,85,85,85,85,85,69,53,53,58,58,64,64,69,69,69,75,81,81,87,90,90,90,90,90,90,90,90,90,90,90,90,90,90,90,90,73],"gold":73,"neow_bonus":"","is_daily":true,"chose_seed":false,"campfire_upgraded":6,"win_rate":0.0,"timestamp":1613248864,"path_taken":["M","M","$","?","M","E","R","?","T","E","?","E","?","E","R","BOSS","M","?","?","?","$","E","R","E","T","E","?","?","E","M","R","BOSS","M","$","?","?","?","E","R","E","T","E","?","E","$","?","R","BOSS"],"items_purchased_type":["Card","Card","Card","Relic","Relic","Relic"],"build_version":"2020-12-22","purchased_purges":2,"victory":true,"max_hp_per_floor":[80,80,80,85,85,85,85,85,85,85,85,85,85,85,85,85,85,85,85,85,90,90,90,90,90,90,90,90,90,90,90,90,90,90,90,90,90,90,90,90,90,90,90,90,90,90,90,90,90,90],"relic_stats":{"counters":[26,104],"Magic Flower":[3],"StoneCalendar":[0],"PreservedInsect":370,"Bag of Preparation":[44],"Letter Opener":[302],"Whetstone":["Fiend Fire","Pommel Strike"],"Orichalcum":[6],"War Paint":["Double Tap","Thinking Ahead"],"Smiling Mask":75,"Burning Blood":78,"Blood Vial":0,"OrangePellets":[2],"Lizard Tail":0,"Nunchaku":[3],"Busted Crown":16,"Ornamental Fan":[64],"Gambling Chip":[9],"obtain_stats":[{"Lantern":47,"Calipers":25,"Enchiridion":20,"Magic Flower":43,"Thread and Needle":12,"StoneCalendar":14,"PreservedInsect":26,"Bag of Preparation":9,"Letter Opener":10,"Whetstone":30,"Orichalcum":23,"War Paint":40,"Smiling Mask":27,"Burning Blood":0,"Blood Vial":42,"OrangePellets":36,"Lizard Tail":37,"Nunchaku":38,"Busted Crown":34,"Ornamental Fan":6,"Gambling Chip":44,"Bottled Lightning":13,"Runic Pyramid":17,"Paper Frog":28},{"Lantern":24,"Calipers":13,"Enchiridion":11,"Magic Flower":22,"Thread and Needle":7,"StoneCalendar":8,"PreservedInsect":13,"Bag of Preparation":4,"Letter Opener":5,"Whetstone":15,"Orichalcum":12,"War Paint":21,"Smiling Mask":14,"Burning Blood":0,"Blood Vial":22,"OrangePellets":18,"Lizard Tail":19,"Nunchaku":19,"Busted Crown":17,"Ornamental Fan":4,"Gambling Chip":23,"Bottled Lightning":7,"Runic Pyramid":9,"Paper Frog":14},{"Lantern":97,"Calipers":63,"Enchiridion":55,"Magic Flower":92,"Thread and Needle":34,"StoneCalendar":38,"PreservedInsect":63,"Bag of Preparation":16,"Letter Opener":24,"Whetstone":69,"Orichalcum":60,"War Paint":88,"Smiling Mask":67,"Burning Blood":0,"Blood Vial":92,"OrangePellets":79,"Lizard Tail":83,"Nunchaku":83,"Busted Crown":78,"Ornamental Fan":16,"Gambling Chip":94,"Bottled Lightning":34,"Runic Pyramid":45,"Paper Frog":67}]},"card_choices":[{"not_picked":["Purity","Panacea"],"picked":"Inflame","floor":1.0},{"not_picked":["Finesse","Headbutt","Dual Wield"],"picked":"SKIP","floor":2.0},{"not_picked":["Clash","Wild Strike","Spot Weakness"],"picked":"SKIP","floor":5.0},{"not_picked":["Berserk","Thinking Ahead"],"picked":"Impervious","floor":6.0},{"not_picked":["Metamorphosis","Mayhem"],"picked":"Juggernaut","floor":10},{"not_picked":["Flex","Carnage"],"picked":"Anger","floor":11},{"not_picked":["Transmutation","Magnetism"],"picked":"Master of Strategy","floor":12},{"not_picked":["Chrysalis","The Bomb","Bludgeon"],"picked":"SKIP","floor":14},{"not_picked":["Juggernaut","Brutality"],"picked":"Exhume","floor":16},{"not_picked":["Twin Strike","Clash"],"picked":"Whirlwind","floor":18},{"not_picked":["Impatience+1","Jack Of All Trades"],"picked":"Deep Breath+1","floor":19},{"not_picked":["Bludgeon","Violence"],"picked":"Impervious","floor":23},{"not_picked":["Reaper","Exhume"],"picked":"Fiend Fire","floor":25},{"not_picked":["Demon Form","Exhume"],"picked":"Thinking Ahead","floor":27},{"not_picked":["Master of Strategy","The Bomb"],"picked":"Double Tap","floor":30},{"not_picked":["Armaments","True Grit","Disarm"],"picked":"SKIP","floor":31},{"not_picked":["Fiend Fire","Metamorphosis"],"picked":"Corruption","floor":33},{"not_picked":["Pummel+1"],"picked":"SKIP","floor":35},{"not_picked":[],"picked":"Purity+1","floor":39},{"not_picked":[],"picked":"Exhume","floor":40},{"not_picked":["Panache"],"picked":"SKIP","floor":42},{"not_picked":[],"picked":"Secret Weapon","floor":44},{"not_picked":["Immolate"],"picked":"SKIP","floor":46},{"not_picked":["Hemokinesis"],"picked":"SKIP","floor":48}],"player_experience":1039854,"relics_obtained":[{"floor":6.0,"key":"Ornamental Fan"},{"floor":9,"key":"Bag of Preparation"},{"floor":10,"key":"Letter Opener"},{"floor":12,"key":"Thread and Needle"},{"floor":13,"key":"Bottled Lightning"},{"floor":14,"key":"StoneCalendar"},{"floor":20,"key":"Enchiridion"},{"floor":23,"key":"Orichalcum"},{"floor":25,"key":"Calipers"},{"floor":26,"key":"PreservedInsect"},{"floor":27,"key":"Smiling Mask"},{"floor":30,"key":"Whetstone"},{"floor":37,"key":"Lizard Tail"},{"floor":40,"key":"War Paint"},{"floor":42,"key":"Blood Vial"},{"floor":43,"key":"Magic Flower"},{"floor":44,"key":"Gambling Chip"}],"event_choices":[{"damage_healed":0.0,"max_hp_gain":5.0,"max_hp_loss":0.0,"gold_gain":0.0,"event_name":"Big Fish","player_choice":"Donut","floor":4.0,"gold_loss":0.0,"damage_taken":0.0},{"cards_removed":["Inflame"],"damage_healed":0,"gold_gain":0,"player_choice":"Offered Uncommon","damage_taken":0,"max_hp_gain":0,"max_hp_loss":0,"event_name":"Bonfire Elementals","floor":8,"gold_loss":0},{"damage_healed":0,"gold_gain":0,"player_choice":"Obtained Book","damage_taken":16,"max_hp_gain":0,"max_hp_loss":0,"event_name":"Cursed Tome","floor":20,"gold_loss":0},{"damage_healed":0,"gold_gain":0,"player_choice":"Shed Blood","damage_taken":21,"max_hp_gain":5,"max_hp_loss":0,"event_name":"Forgotten Altar","floor":21,"gold_loss":0},{"cards_removed":["Cleave"],"damage_healed":0,"gold_gain":0,"player_choice":"Elegance","damage_taken":0,"max_hp_gain":0,"max_hp_loss":0,"event_name":"Back to Basics","floor":29,"gold_loss":0},{"damage_healed":0,"gold_gain":0,"player_choice":"Fight","damage_taken":0,"max_hp_gain":0,"max_hp_loss":0,"event_name":"MindBloom","floor":37,"gold_loss":0},{"damage_healed":0,"gold_gain":0,"player_choice":"Gave Potion","damage_taken":0,"relics_obtained":["Nunchaku"],"max_hp_gain":0,"max_hp_loss":0,"event_name":"WeMeetAgain","floor":38,"gold_loss":0},{"damage_healed":0,"gold_gain":0,"player_choice":"0 cards matched","damage_taken":0,"max_hp_gain":0,"max_hp_loss":0,"event_name":"Match and Keep!","floor":45,"gold_loss":0,"cards_obtained":[]}],"is_beta":false,"boss_relics":[{"not_picked":["Mark of Pain","Coffee Dripper"],"picked":"Runic Pyramid"},{"not_picked":["Black Star","Velvet Choker"],"picked":"Busted Crown"}],"items_purged_floors":[36,47],"is_endless":false,"potions_floor_spawned":[1,6,10,12,19,25,30,33,37,40,42,44],"ascension_level":0}}