{"host":"1stlzvh7atuy33yh","time":1613248497,"event":{"mods":["BaseMod","Colored Map","Colored Powertips","Downfall","Friendly Minions","Minty Spire (QoL Compilation)","StSLib","The Marked","The Mystic"],"gold_per_floor":[119,119,119,194,194,227,152,172,172,182,207,33,33,53,53,151,151,164,39,138,138,138,138,148,148,227,227,245,41,52,67,67,67,67],"floor_reached":33,"language":"ENG","playtime":2683,"items_purged":["theMarked:Defend","theMarked:Strike","theMarked:Strike","theMarked:Strike"],"score":278,"play_id":"b5602fa8-6c97-42cd-83fb-08d98127a189","local_time":"20210213153457","is_ascension_mode":false,"campfire_choices":[{"floor":13,"key":"REST"},{"data":"theMarked:Improvise","floor":15,"key":"SMITH"},{"floor":23,"key":"REST"},{"floor":25,"key":"RECALL"},{"data":"theMarked:SoldierOfQuellstein","floor":27,"key":"SMITH"},{"floor":32,"key":"REST"}],"circlet_count":0,"master_deck":["theMarked:Strike","theMarked:Strike","theMarked:Defend","theMarked:Defend","theMarked:Defend","theMarked:SoldierOfQuellstein+1","theMarked:GodGivenPower","theMarked:Aftermath","theMarked:EmpowerWeapon","theMarked:EmpowerWeapon+1","theMarked:Improvise+1","theMarked:Opportunist","theMarked:Toughness","theMarked:Friction+1","theMarked:AttractMetal+1","theMarked:BanishingStrike","theMarked:ElectricStrings+1","theMarked:Static"],"relics":["theMarked:ArtifactOfAir","NeowsBlessing","MealTicket","Blood Vial","Anchor","theMarked:Eyepatch","Bag of Preparation","Frozen Egg 2"],"acts_visited":["Exordium","TheCity"],"potions_floor_usage":[10,11,16,28,31,33],"damage_taken":[{"damage":0,"enemies":"Small Slimes","floor":1,"turns":1},{"damage":0,"enemies":"Lagavulin","floor":6,"turns":1},{"damage":0,"enemies":"2 Louse","floor":8,"turns":1},{"damage":1,"enemies":"Cultist","floor":10,"turns":2},{"damage":46,"enemies":"Gremlin Nob","floor":11,"turns":4},{"damage":2,"enemies":"Blue Slaver","floor":14,"turns":2},{"damage":47,"enemies":"Hexaghost","floor":16,"turns":11},{"damage":56,"enemies":"3 Byrds","floor":18,"turns":9},{"damage":0,"enemies":"Chosen","floor":24,"turns":4},{"damage":25,"enemies":"Snecko","floor":28,"turns":5},{"damage":18,"enemies":"Chosen and Byrds","floor":30,"turns":7},{"damage":12,"enemies":"Cultist and Chosen","floor":31,"turns":5},{"damage":60,"enemies":"Champ","floor":33,"turns":10}],"seed_played":"-3024212348470881230","potions_obtained":[{"floor":1,"key":"champ:CounterPotion"},{"floor":8,"key":"champ:CounterPotion"},{"floor":16,"key":"SpeedPotion"},{"floor":30,"key":"Regen Potion"},{"floor":31,"key":"theMarked:ChargePotion"}],"is_trial":false,"path_per_floor":["M","?","?","?","?","E","$","M","T","M","E","$","R","M","R","B",null,"M","$","?","?","?","R","M","R","T","R","M","$","M","M","R","B"],"character_chosen":"THE_DEFAULT","items_purchased":["theMarked:Improvise","AttackPotion","theMarked:BanishingStrike"],"campfire_rested":3,"item_purchase_floors":[12,12,29],"current_hp_per_floor":[70,52,52,41,41,41,56,58,58,59,15,30,51,51,51,6,70,14,29,29,29,29,50,52,52,52,52,29,44,28,27,48,0,0],"gold":67,"neow_bonus":"THREE_ENEMY_KILL","is_daily":false,"chose_seed":false,"campfire_upgraded":2,"win_rate":0.0,"timestamp":1613248497,"path_taken":["M","?","?","?","?","E","?","M","T","M","E","$","R","M","R","BOSS","M","?","?","?","?","R","?","R","T","R","M","$","M","?","R","BOSS"],"items_purchased_type":["Card","Potion","Card"],"build_version":"2020-12-22","purchased_purges":4,"victory":false,"max_hp_per_floor":[70,70,70,70,70,70,70,70,70,70,70,70,70,70,70,70,70,70,70,70,70,70,70,70,70,70,70,70,70,70,70,70,70,70],"card_choices":[{"not_picked":["theMarked:Pokerface","theMarked:Improvise"],"picked":"theMarked:GodGivenPower","floor":1},{"not_picked":["theMarked:Generate","theMarked:Panic"],"picked":"theMarked:Aftermath","floor":6},{"not_picked":["theMarked:Parkour","theMarked:Panic","theMarked:AttractMetal"],"picked":"SKIP","floor":8},{"not_picked":["theMarked:SwordAndMagic","theMarked:Maelstrom"],"picked":"theMarked:EmpowerWeapon","floor":10},{"not_picked":["theMarked:WastefulAttack","theMarked:CreepingChasm"],"picked":"theMarked:EmpowerWeapon","floor":11},{"not_picked":["theMarked:Parkour","theMarked:TurnInvisible"],"picked":"theMarked:Opportunist","floor":14},{"not_picked":["theMarked:TurnInvisible","theMarked:Challenge"],"picked":"theMarked:Toughness","floor":16},{"not_picked":["theMarked:WastefulAttack","theMarked:Aftermath"],"picked":"theMarked:Friction+1","floor":18},{"not_picked":["theMarked:Frustration+1","theMarked:EmpowerWeapon","theMarked:SwordAndMagic"],"picked":"SKIP","floor":24},{"not_picked":["theMarked:Parkour","theMarked:PowerFlow"],"picked":"theMarked:AttractMetal+1","floor":28},{"not_picked":["theMarked:Electrify","theMarked:TakeCover"],"picked":"theMarked:ElectricStrings+1","floor":30},{"not_picked":["theMarked:Frustration+1","theMarked:TwofoldDefense"],"picked":"theMarked:Static","floor":31}],"player_experience":108593,"relics_obtained":[{"floor":6,"key":"Blood Vial"},{"floor":11,"key":"Anchor"},{"floor":26,"key":"Frozen Egg 2"}],"event_choices":[{"damage_healed":0,"gold_gain":0,"player_choice":"Success","damage_taken":18,"relics_obtained":["MealTicket"],"max_hp_gain":0,"max_hp_loss":0,"event_name":"Scrap Ooze","floor":2,"gold_loss":0},{"damage_healed":0,"gold_gain":0,"player_choice":"Ignored","damage_taken":0,"max_hp_gain":0,"max_hp_loss":0,"event_name":"Golden Wing","floor":3,"gold_loss":0},{"damage_healed":0,"gold_gain":75,"player_choice":"Gather Gold","damage_taken":11,"max_hp_gain":0,"max_hp_loss":0,"event_name":"World of Goop","floor":4,"gold_loss":0},{"damage_healed":0,"gold_gain":0,"player_choice":"Ignored","damage_taken":0,"max_hp_gain":0,"max_hp_loss":0,"event_name":"Golden Idol","floor":5,"gold_loss":0},{"damage_healed":0,"gold_gain":99,"player_choice":"Stole From Cult","damage_taken":0,"max_hp_gain":0,"max_hp_loss":0,"event_name":"Nest","floor":20,"gold_loss":0},{"damage_healed":0,"gold_gain":0,"player_choice":"Opened","damage_taken":0,"relics_obtained":["Bag of Preparation"],"max_hp_gain":0,"max_hp_loss":0,"event_name":"The Mausoleum","floor":21,"gold_loss":0},{"damage_healed":0,"gold_gain":0,"player_choice":"Forge","damage_taken":0,"max_hp_gain":0,"max_hp_loss":0,"event_name":"Accursed Blacksmith","floor":22,"gold_loss":0,"cards_upgraded":["theMarked:EmpowerWeapon"]}],"is_beta":false,"boss_relics":[{"not_picked":["Sozu","Astrolabe"],"picked":"theMarked:Eyepatch"}],"items_purged_floors":[7,12,19,29],"is_endless":false,"potions_floor_spawned":[1,8,16,30,31],"killed_by":"Champ","ascension_level":0}}