{"host":"4par9lyhj7bf4dsa","time":1613194358,"event":{"mods":["AchievementEnabler","BaseMod","Colored Map","Minty Spire (QoL Compilation)","Relic Stats","StSLib"],"gold_per_floor":[111,41,41,56,67,67,101,101,101,134,146,157,187,198,198,271,271,285,4,4,20,20,52,52,65,65,65,91,108,108,141,141,141,141],"floor_reached":33,"language":"ENG","playtime":16170,"items_purged":["Strike_G"],"score":705,"play_id":"2a9a1eed-d365-4be3-bc71-8b7729278e80","local_time":"20210213163238","is_ascension_mode":true,"campfire_choices":[{"data":"Dagger Spray","floor":6,"key":"SMITH"},{"floor":15,"key":"REST"},{"data":"Footwork","floor":24,"key":"SMITH"},{"data":"Dodge and Roll","floor":27,"key":"SMITH"},{"data":"Adrenaline","floor":32,"key":"SMITH"}],"circlet_count":0,"master_deck":["AscendersBane","Strike_G","Strike_G","Strike_G","Strike_G","Defend_G","Defend_G","Defend_G","Defend_G","Defend_G","Survivor","Neutralize","CurseOfTheBell","Poisoned Stab","Leg Sweep","Dagger Spray+1","Predator","Blade Dance","PiercingWail","Leg Sweep","Corpse Explosion","Deadly Poison+1","Footwork+1","Die Die Die","Catalyst","Dodge and Roll+1","Deadly Poison+1","Calculated Gamble","Ghostly","Ghostly","Ghostly","Ghostly","Ghostly","Adrenaline+1"],"relics":["Calling Bell","MealTicket","Letter Opener","TungstenRod","Darkstone Periapt","Gambling Chip","Pear","Nunchaku","Bronze Scales","SlaversCollar","Membership Card","Incense Burner","Pantograph","Ancient Tea Set","Bottled Lightning"],"acts_visited":["Exordium","TheCity"],"potions_floor_usage":[12,25],"damage_taken":[{"damage":0,"enemies":"Small Slimes","floor":1,"turns":4},{"damage":0,"enemies":"Cultist","floor":4,"turns":5},{"damage":0,"enemies":"2 Louse","floor":5,"turns":4},{"damage":20,"enemies":"Lagavulin","floor":7,"turns":9},{"damage":15,"enemies":"Gremlin Nob","floor":10,"turns":4},{"damage":1,"enemies":"Large Slime","floor":11,"turns":6},{"damage":3,"enemies":"Exordium Thugs","floor":12,"turns":4},{"damage":13,"enemies":"3 Sentries","floor":13,"turns":9},{"damage":0,"enemies":"2 Fungi Beasts","floor":14,"turns":3},{"damage":18,"enemies":"The Guardian","floor":16,"turns":15},{"damage":22,"enemies":"Spheric Guardian","floor":18,"turns":7},{"damage":0,"enemies":"Shell Parasite","floor":21,"turns":5},{"damage":36,"enemies":"Book of Stabbing","floor":23,"turns":6},{"damage":15,"enemies":"Centurion and Healer","floor":25,"turns":6},{"damage":0,"enemies":"Gremlin Leader","floor":28,"turns":7},{"damage":8,"enemies":"Snake Plant","floor":29,"turns":5},{"damage":0,"enemies":"Book of Stabbing","floor":31,"turns":7},{"damage":43,"enemies":"Automaton","floor":33,"turns":12}],"seed_played":"5183807673530666117","potions_obtained":[{"floor":1,"key":"Explosive Potion"},{"floor":7,"key":"Dexterity Potion"},{"floor":16,"key":"Energy Potion"},{"floor":23,"key":"LiquidMemories"},{"floor":28,"key":"SpeedPotion"}],"is_trial":false,"path_per_floor":["M","$","?","M","M","R","E","?","T","E","M","M","E","M","R","B",null,"M","$","?","M","?","E","R","M","T","R","E","M","?","E","R","B"],"character_chosen":"THE_SILENT","items_purchased":["Leg Sweep","Membership Card","Footwork","Die Die Die"],"campfire_rested":1,"item_purchase_floors":[2,19,19,19],"current_hp_per_floor":[59,66,61,61,61,61,41,41,51,36,35,32,19,19,41,23,63,41,56,43,43,81,45,45,30,30,30,30,22,22,22,22,0,0],"gold":141,"neow_bonus":"BOSS_RELIC","is_daily":false,"chose_seed":false,"campfire_upgraded":4,"win_rate":0.0,"timestamp":1613194358,"path_taken":["M","$","?","M","M","R","E","?","T","E","?","M","E","M","R","BOSS","M","$","?","M","?","E","R","?","T","R","E","M","?","E","R","BOSS"],"items_purchased_type":["Card","Relic","Card","Card"],"build_version":"2020-12-22","purchased_purges":1,"victory":false,"max_hp_per_floor":[66,66,66,66,66,66,66,66,76,76,76,76,76,76,76,76,76,76,76,81,81,81,81,81,81,81,81,81,81,40,40,40,40,40],"relic_stats":{"Darkstone Periapt":0,"Nunchaku":[13],"counters":[18,118],"Gambling Chip":[39],"Bronze Scales":[271],"Pantograph":18,"MealTicket":22,"Letter Opener":[105],"obtain_stats":[{"Darkstone Periapt":3,"Pear":9,"Incense Burner":23,"Letter Opener":0,"Ancient Tea Set":28,"Calling Bell":0,"SlaversCollar":17,"Nunchaku":10,"Gambling Chip":7,"Bronze Scales":13,"Pantograph":26,"MealTicket":0,"Membership Card":19,"Bottled Lightning":31,"TungstenRod":0,"Ring of the Snake":0},{"Darkstone Periapt":1,"Pear":4,"Incense Burner":13,"Letter Opener":0,"Ancient Tea Set":15,"Calling Bell":0,"SlaversCollar":10,"Nunchaku":5,"Gambling Chip":4,"Bronze Scales":8,"Pantograph":14,"MealTicket":0,"Membership Card":11,"Bottled Lightning":17,"TungstenRod":0,"Ring of the Snake":0},{"Darkstone Periapt":4,"Pear":22,"Incense Burner":81,"Letter Opener":0,"Ancient Tea Set":94,"Calling Bell":0,"SlaversCollar":63,"Nunchaku":26,"Gambling Chip":22,"Bronze Scales":45,"Pantograph":87,"MealTicket":0,"Membership Card":70,"Bottled Lightning":106,"TungstenRod":0,"Ring of the Snake":0}],"TungstenRod":50},"card_choices":[{"not_picked":["PiercingWail","Finisher"],"picked":"Poisoned Stab","floor":1},{"not_picked":["Cloak And Dagger","Deflect"],"picked":"Dagger Spray","floor":4},{"not_picked":["Prepared","Setup"],"picked":"Predator","floor":5},{"not_picked":["Dodge and Roll","Predator"],"picked":"Blade Dance","floor":7},{"not_picked":["Dagger Throw","Slice"],"picked":"Terror","floor":10},{"not_picked":["All Out Attack","Poisoned Stab"],"picked":"PiercingWail","floor":11},{"not_picked":["Quick Slash","Predator"],"picked":"Leg Sweep","floor":12},{"not_picked":["Slice","Heel Hook","Deflect"],"picked":"SKIP","floor":13},{"not_picked":["Heel Hook","Dagger Spray","Underhanded Strike"],"picked":"SKIP","floor":14},{"not_picked":["Venomology","Malaise"],"picked":"Corpse Explosion","floor":16},{"not_picked":["PiercingWail","Sucker Punch"],"picked":"Deadly Poison+1","floor":18},{"not_picked":["Bane+1","Dodge and Roll"],"picked":"Catalyst","floor":21},{"not_picked":["Eviscerate","Poisoned Stab"],"picked":"Dodge and Roll","floor":23},{"not_picked":["Poisoned Stab","Deflect+1"],"picked":"Deadly Poison+1","floor":25},{"not_picked":["Sucker Punch+1","Expertise"],"picked":"Calculated Gamble","floor":28},{"not_picked":["Storm of Steel","Masterful Stab","Flechettes"],"picked":"SKIP","floor":29},{"not_picked":["Cloak And Dagger","Deadly Poison"],"picked":"Adrenaline","floor":31}],"player_experience":1037541,"relics_obtained":[{"floor":0,"key":"MealTicket"},{"floor":0,"key":"Letter Opener"},{"floor":0,"key":"TungstenRod"},{"floor":7,"key":"Gambling Chip"},{"floor":9,"key":"Pear"},{"floor":10,"key":"Nunchaku"},{"floor":13,"key":"Bronze Scales"},{"floor":23,"key":"Incense Burner"},{"floor":26,"key":"Pantograph"},{"floor":28,"key":"Ancient Tea Set"},{"floor":31,"key":"Bottled Lightning"}],"event_choices":[{"damage_healed":0,"gold_gain":0,"player_choice":"Success","damage_taken":7,"relics_obtained":["Darkstone Periapt"],"max_hp_gain":0,"max_hp_loss":0,"event_name":"Scrap Ooze","floor":3,"gold_loss":0},{"damage_healed":0,"gold_gain":0,"player_choice":"Bought 0 Potions","damage_taken":0,"max_hp_gain":0,"max_hp_loss":0,"event_name":"The Woman in Blue","floor":8,"gold_loss":0},{"damage_healed":0,"gold_gain":0,"player_choice":"Shed Blood","damage_taken":19,"max_hp_gain":5,"max_hp_loss":0,"event_name":"Forgotten Altar","floor":20,"gold_loss":0},{"cards_removed":["Terror"],"damage_healed":38,"gold_gain":0,"player_choice":"Offered Uncommon","damage_taken":0,"max_hp_gain":0,"max_hp_loss":0,"event_name":"Bonfire Elementals","floor":22,"gold_loss":0},{"damage_healed":0,"gold_gain":0,"player_choice":"Became a Ghost","damage_taken":0,"max_hp_gain":0,"max_hp_loss":41,"event_name":"Ghosts","floor":30,"gold_loss":0,"cards_obtained":["Ghostly","Ghostly","Ghostly","Ghostly","Ghostly"]}],"is_beta":false,"boss_relics":[{"not_picked":["Velvet Choker","WristBlade"],"picked":"SlaversCollar"}],"items_purged_floors":[19],"is_endless":false,"potions_floor_spawned":[1,7,11,16,21,23,28],"killed_by":"Automaton","ascension_level":14}}