{"host":"wghdsg8ym2wc7ov9","time":1613203373,"event":{"mods":["A Penny For Your Troubles","AchievementEnabler","Astrologer","BaseMod","Beaked The Cultist","Better Altar","Better Note","Bossed Relics","ChefMod","Colored Map","Evolution","Fox Events","Hermit","Highlight Path","Jorbs\u0027s Wanderer Trilogy","KinomotoSakuraMod(????)","Minty Spire (QoL Compilation)","Random Character Button","Relic Stats","SIMod","Shop Mod","StSLib","The Blackbeard","The Bladedancer","The Construct","The Cursed","The Death Knight","The Gatherer","The Hierophant","The Marked","The Mystic","The Necromancer","The Runesmith","The Senshi","The Servant 0.9.4","Weighted Paths"],"gold_per_floor":[116,116,116,132,149,149,183,183,183,26,59,70,95,114,114,218,218,233,508,528,578,578,609,621,646,694,713,739,751,776,8,8,113,113,124,137,137,147,160,186,408,408,408,423,453,453,65,65,65,65,65],"floor_reached":50,"language":"ENG","playtime":11788,"items_purged":[],"score":680,"play_id":"a2dde4a3-4279-49bb-a661-0c386ead7fda","local_time":"20210213000253","is_ascension_mode":false,"campfire_choices":[{"data":"theMarked:RogueSparks","floor":6.0,"key":"SMITH"},{"data":"theMarked:WardOff","floor":8.0,"key":"SMITH"},{"floor":15.0,"key":"REST"},{"floor":32.0,"key":"REST"},{"data":"theMarked:BanishingWave","floor":42,"key":"SMITH"},{"floor":49,"key":"RECALL"}],"circlet_count":0,"master_deck":["theMarked:SwordAndMagic","theMarked:Parkour","theMarked:Frustration","theMarked:ResourceFulStrike","theMarked:Strike","theMarked:Defend","theMarked:Defend","theMarked:Defend","theMarked:Defend","theMarked:SoldierOfQuellstein+1","theMarked:DispelDoubt","theMarked:Aftermath","theMarked:RogueSparks+1","theMarked:HeightenedSenses","theMarked:WardOff+1","theMarked:Toughness","theMarked:Improvise","theMarked:KeepCalmAndFight","theMarked:WardOff","theMarked:BanishingStrike","theMarked:SuspiciousRaven","theMarked:BanishingWave+1","Regret","theMarked:WardOff","theMarked:GodGivenPower+1","theMarked:Memento+1","theMarked:ChainLightning","theMarked:StartUp","theMarked:DispelDoubt","theMarked:ResourceFulStrike","theMarked:ParalyzingBlade","theMarked:ComboAttacks+1","theMarked:ChannelForce","theMarked:BanishingStrike","theMarked:ElectricStrings","theMarked:HeightenedSenses","theMarked:Levitate","theMarked:ChannelForce","theMarked:HeightenedSenses+1","theMarked:StartUp","theMarked:BanishingWave+1","theMarked:Maelstrom","Parasite","theMarked:Aftermath","theMarked:Determination+1","Doubt","theMarked:Seal","theMarked:Frustration","theMarked:Parkour","stsjorbsmod:Amnesia"],"relics":["theMarked:ArtifactOfAir","EVO:Axolotl","theMarked:NailFile","Regal Pillow","Toy Ornithopter","Dream Catcher","Ancient Tea Set","Bottled Tornado","Busted Crown","Mango","Lantern","Boot","Blood Vial","Red Mask","Frozen Egg 2","Incense Burner","Cursed Key","Sundial","Bottled Lightning","construct:RocketBooster","DeathKnight:SindragosasSkull"],"acts_visited":["Exordium","TheCity","TheBeyond"],"potions_floor_usage":[38,44,50],"damage_taken":[{"damage":0.0,"enemies":"Cultist","floor":1.0,"turns":2.0},{"damage":0.0,"enemies":"Small Slimes","floor":4.0,"turns":2.0},{"damage":3.0,"enemies":"Jaw Worm","floor":5.0,"turns":3.0},{"damage":6.0,"enemies":"Gremlin Nob","floor":7.0,"turns":3.0},{"damage":11.0,"enemies":"Lagavulin","floor":11.0,"turns":6.0},{"damage":10.0,"enemies":"Exordium Thugs","floor":12.0,"turns":3.0},{"damage":20.0,"enemies":"Gremlin Nob","floor":13.0,"turns":4.0},{"damage":10.0,"enemies":"3 Louse","floor":14.0,"turns":2.0},{"damage":5.0,"enemies":"Hexaghost","floor":16.0,"turns":6.0},{"damage":5.0,"enemies":"Chosen","floor":18.0,"turns":4.0},{"damage":18.0,"enemies":"2 Thieves","floor":20.0,"turns":3.0},{"damage":33.0,"enemies":"Gremlin Leader","floor":23.0,"turns":6.0},{"damage":0.0,"enemies":"Snecko","floor":24.0,"turns":3.0},{"damage":28.0,"enemies":"Slavers","floor":25.0,"turns":4.0},{"damage":1.0,"enemies":"Centurion and Healer","floor":27.0,"turns":3.0},{"damage":24.0,"enemies":"Book of Stabbing","floor":28.0,"turns":4.0},{"damage":1.0,"enemies":"Cultist and Chosen","floor":29.0,"turns":5.0},{"damage":5.0,"enemies":"Masked Bandits","floor":30.0,"turns":3.0},{"damage":42.0,"enemies":"Collector","floor":33.0,"turns":7.0},{"damage":5,"enemies":"Orb Walker","floor":35,"turns":3},{"damage":4,"enemies":"3 Darklings","floor":36,"turns":4},{"damage":14,"enemies":"Sphere and 2 Shapes","floor":38,"turns":4},{"damage":6,"enemies":"4 Shapes","floor":39,"turns":3},{"damage":0,"enemies":"Reptomancer","floor":40,"turns":5},{"damage":9,"enemies":"Jaw Worm Horde","floor":44,"turns":4},{"damage":41,"enemies":"beaked:SuperParasite","floor":45,"turns":7},{"damage":102,"enemies":"Time Eater","floor":50,"turns":7}],"seed_played":"3776991934180646460","potions_obtained":[{"floor":4.0,"key":"DeathKnight:BottledBloodEchoes"},{"floor":5.0,"key":"SkillPotion"},{"floor":7.0,"key":"Dexterity Potion"},{"floor":11.0,"key":"Regen Potion"},{"floor":13.0,"key":"Energy Potion"},{"floor":16.0,"key":"theMarked:ChargePotion"},{"floor":24.0,"key":"ColorlessPotion"},{"floor":25.0,"key":"Block Potion"},{"floor":28.0,"key":"DeathKnight:BottledBloodEchoes"},{"floor":35,"key":"Swift Potion"},{"floor":39,"key":"DeathKnight:RimePotion"}],"is_trial":false,"path_per_floor":["M","T","?","M","M","R","E","R","T","$","E","M","E","M","R","B",null,"M","?","M","?","?","E","M","E","T","M","E","M","?","$","R","B",null,"M","M","?","M","M","E","?","R","T","M","E","?","$","T","R","B"],"character_chosen":"THE_DEFAULT","items_purchased":["Dream Catcher","Frozen Egg 2","Incense Burner","theMarked:ComboAttacks+1","theMarked:ChannelForce","theMarked:BanishingStrike","theMarked:ElectricStrings","DeathKnight:SindragosasSkull","theMarked:Seal","theMarked:Frustration","theMarked:Parkour"],"campfire_rested":2,"item_purchase_floors":[10,31,31,31,31,31,31,47,47,47,47],"current_hp_per_floor":[70,70,70,70,67,67,61,61,61,61,50,40,20,10,46,70,70,65,65,52,52,52,33,33,10,10,24,5,6,3,3,43,3,84,79,77,77,70,76,78,78,78,78,84,53,84,84,84,84,0,0],"gold":65,"neow_bonus":"ONE_RANDOM_RARE_CARD","is_daily":false,"chose_seed":false,"campfire_upgraded":3,"win_rate":0.0,"timestamp":1613203373,"path_taken":["M","?","?","M","M","R","E","R","T","?","E","M","E","M","R","BOSS","M","?","M","?","?","E","M","E","T","?","E","M","?","$","R","BOSS","M","M","?","?","M","E","?","R","T","M","E","?","$","?","R","BOSS"],"items_purchased_type":["Relic","Relic","Relic","Card","Card","Card","Card","Relic","Card","Card","Card"],"build_version":"2020-12-22","purchased_purges":0,"victory":false,"max_hp_per_floor":[70,70,70,70,70,70,70,70,70,70,70,70,70,70,70,70,70,70,70,70,70,70,84,84,84,84,84,84,84,84,84,84,84,84,84,84,84,84,84,84,84,84,84,84,84,84,84,84,84,84,84],"relic_stats":{"Blood Vial":16,"Regal Pillow":30,"Dream Catcher":2,"Busted Crown":36,"counters":[27,110],"Sundial":[0],"Boot":[12],"Cursed Key":2,"obtain_stats":[{"theMarked:NailFile":2,"Regal Pillow":7,"Lantern":25,"construct:RocketBooster":45,"Mango":23,"Incense Burner":31,"EVO:Axolotl":0,"Bottled Tornado":13,"Frozen Egg 2":31,"Ancient Tea Set":11,"Boot":26,"Cursed Key":34,"Blood Vial":28,"theMarked:ArtifactOfAir":0,"Dream Catcher":10,"Busted Crown":17,"Sundial":40,"Red Mask":30,"Bottled Lightning":43,"Toy Ornithopter":9,"DeathKnight:SindragosasSkull":47},{"theMarked:NailFile":1,"Regal Pillow":4,"Lantern":14,"construct:RocketBooster":26,"Mango":12,"Incense Burner":18,"EVO:Axolotl":0,"Bottled Tornado":7,"Frozen Egg 2":18,"Ancient Tea Set":5,"Boot":14,"Cursed Key":19,"Blood Vial":16,"theMarked:ArtifactOfAir":0,"Dream Catcher":4,"Busted Crown":9,"Sundial":24,"Red Mask":18,"Bottled Lightning":24,"Toy Ornithopter":4,"DeathKnight:SindragosasSkull":26},{"theMarked:NailFile":2,"Regal Pillow":10,"Lantern":51,"construct:RocketBooster":103,"Mango":44,"Incense Burner":66,"EVO:Axolotl":0,"Bottled Tornado":23,"Frozen Egg 2":66,"Ancient Tea Set":16,"Boot":51,"Cursed Key":73,"Blood Vial":58,"theMarked:ArtifactOfAir":0,"Dream Catcher":10,"Busted Crown":31,"Sundial":92,"Red Mask":66,"Bottled Lightning":92,"Toy Ornithopter":10,"DeathKnight:SindragosasSkull":103}],"Toy Ornithopter":43},"card_choices":[{"not_picked":["theMarked:SwordAndMagic","theMarked:WastefulAttack"],"picked":"theMarked:Aftermath","floor":1.0},{"not_picked":["theMarked:ChainLightning","theMarked:Parkour"],"picked":"theMarked:RogueSparks","floor":4.0},{"not_picked":["theMarked:SwordAndMagic","theMarked:Parkour"],"picked":"theMarked:HeightenedSenses","floor":5.0},{"not_picked":["theMarked:ResourceFulStrike","theMarked:TunnelVision"],"picked":"theMarked:WardOff","floor":7.0},{"not_picked":["theMarked:WardOff","theMarked:ResourceFulStrike"],"picked":"theMarked:Toughness","floor":11.0},{"not_picked":["theMarked:WardOff","theMarked:Parkour"],"picked":"theMarked:Improvise","floor":12.0},{"not_picked":["theMarked:TunnelVision","theMarked:Maelstrom"],"picked":"theMarked:KeepCalmAndFight","floor":13.0},{"not_picked":["theMarked:Standoff","theMarked:ResourceFulStrike"],"picked":"theMarked:WardOff","floor":14.0},{"not_picked":["theMarked:EnhanceMovement","theMarked:Improvise"],"picked":"theMarked:BanishingStrike","floor":15.0},{"not_picked":["theMarked:Toughness","theMarked:Vacuum"],"picked":"theMarked:SuspiciousRaven","floor":16.0},{"not_picked":[],"picked":"theMarked:BanishingWave+1","floor":18.0},{"not_picked":[],"picked":"theMarked:WardOff","floor":20.0},{"not_picked":[],"picked":"theMarked:GodGivenPower+1","floor":23.0},{"not_picked":[],"picked":"theMarked:Memento+1","floor":24.0},{"not_picked":[],"picked":"theMarked:ChainLightning","floor":25.0},{"not_picked":[],"picked":"theMarked:StartUp","floor":27.0},{"not_picked":[],"picked":"theMarked:DispelDoubt","floor":28.0},{"not_picked":[],"picked":"theMarked:ResourceFulStrike","floor":29.0},{"not_picked":[],"picked":"theMarked:ParalyzingBlade","floor":30.0},{"not_picked":[],"picked":"theMarked:HeightenedSenses","floor":32.0},{"not_picked":[],"picked":"theMarked:Levitate","floor":33.0},{"not_picked":[],"picked":"theMarked:ChannelForce","floor":35},{"not_picked":[],"picked":"theMarked:HeightenedSenses+1","floor":36},{"not_picked":[],"picked":"theMarked:StartUp","floor":38},{"not_picked":[],"picked":"theMarked:BanishingWave","floor":39},{"not_picked":[],"picked":"theMarked:Maelstrom","floor":40},{"not_picked":[],"picked":"theMarked:Aftermath","floor":44},{"not_picked":[],"picked":"theMarked:Determination+1","floor":45}],"player_experience":958249,"relics_obtained":[{"floor":2.0,"key":"theMarked:NailFile"},{"floor":7.0,"key":"Regal Pillow"},{"floor":9.0,"key":"Toy Ornithopter"},{"floor":11.0,"key":"Ancient Tea Set"},{"floor":13.0,"key":"Bottled Tornado"},{"floor":23.0,"key":"Mango"},{"floor":25.0,"key":"Lantern"},{"floor":26.0,"key":"Boot"},{"floor":28.0,"key":"Blood Vial"},{"floor":30.0,"key":"Red Mask"},{"floor":40,"key":"Sundial"},{"floor":43,"key":"Bottled Lightning"},{"floor":45,"key":"construct:RocketBooster"}],"event_choices":[{"damage_healed":0.0,"max_hp_gain":0.0,"max_hp_loss":0.0,"gold_gain":0.0,"event_name":"Living Wall","player_choice":"Grow","floor":3.0,"gold_loss":0.0,"damage_taken":0.0,"cards_upgraded":["theMarked:SoldierOfQuellstein"]},{"damage_healed":0.0,"max_hp_gain":0.0,"max_hp_loss":0.0,"gold_gain":275.0,"event_name":"Golden Shrine","player_choice":"Desecrate","floor":19.0,"gold_loss":0.0,"damage_taken":0.0,"cards_obtained":["Regret"]},{"damage_healed":0.0,"max_hp_gain":0.0,"max_hp_loss":0.0,"gold_gain":100.0,"event_name":"The Joust","player_choice":"Bet on Murderer","floor":21.0,"gold_loss":50.0,"damage_taken":0.0},{"damage_healed":0.0,"max_hp_gain":0.0,"max_hp_loss":0.0,"gold_gain":0.0,"event_name":"The Woman in Blue","player_choice":"Bought 0 Potions","floor":22.0,"gold_loss":0.0,"damage_taken":0.0},{"damage_healed":0.0,"max_hp_gain":0.0,"max_hp_loss":0.0,"gold_gain":0.0,"event_name":"Masked Bandits","player_choice":"Fought Bandits","floor":30.0,"gold_loss":0.0,"damage_taken":0.0},{"damage_healed":0,"gold_gain":0,"player_choice":"Ignored","damage_taken":0,"max_hp_gain":0,"max_hp_loss":0,"event_name":"SecretPortal","floor":37,"gold_loss":0},{"damage_healed":0,"gold_gain":222,"player_choice":"Wore Mask","damage_taken":0,"max_hp_gain":0,"max_hp_loss":0,"event_name":"Tomb of Lord Red Mask","floor":41,"gold_loss":0},{"damage_healed":31,"gold_gain":0,"player_choice":"Heal","damage_taken":0,"max_hp_gain":0,"max_hp_loss":0,"event_name":"MindBloom","floor":46,"gold_loss":0,"cards_obtained":["Doubt"]}],"is_beta":false,"boss_relics":[{"not_picked":["Fusion Hammer","Runesmith:UraniumAnvil"],"picked":"Busted Crown"},{"not_picked":["Calling Bell","Black Star"],"picked":"Cursed Key"}],"items_purged_floors":[],"is_endless":false,"potions_floor_spawned":[4,5,7,11,13,16,24,25,28,35,39],"killed_by":"Time Eater","ascension_level":0}}