{"host":"m552uo5jodlktm3e","time":1613192728,"event":{"mods":["BaseMod","Colored Powertips","Downfall","Minty Spire (QoL Compilation)","Quick Restart","StSLib"],"gold_per_floor":[99,114,129,129,229,229,254,284,299,299,59,109,124,139,154,254,254,254,269,284,134,134,134,134,149,149,149,164,11,111,122,137,237,237,237,252,252,267,39,54,54,69,69,69,99,99,99,114,129,129],"floor_reached":51,"language":"ENG","playtime":2862,"items_purged":["Strike_B","Defend_B"],"score":889,"play_id":"550ad47c-0bc5-4af9-b1c3-2b1720a32ced","local_time":"20210212210528","daily_mods":["Allstar","downfall:Jewelcrafting","Terminal"],"is_ascension_mode":false,"campfire_choices":[{"data":"Sunder","floor":6,"key":"SMITH"},{"floor":23,"key":"RECALL"},{"data":"Zap","floor":27,"key":"SMITH"},{"data":"Dualcast","floor":35,"key":"SMITH"},{"data":"expansioncontent:DashGenerateEvil","floor":44,"key":"SMITH"},{"data":"Seek","floor":47,"key":"SMITH"}],"circlet_count":0,"master_deck":["Strike_B","Defend_B","Defend_B","Zap+1","Dualcast+1","Guardian:ExploitGems","Guardian:ExploitGems","Enlightenment","Finesse","Magnetism","Panache","Undo","Rip and Tear","Sunder+1","Tempest","Stack","Defragment","Reinforced Body","Fusion","Heatsinks","All For One","Genetic Algorithm+1","Static Discharge+1","Aggregate+1","Guardian:Gem_Synthetic","Guardian:Gem_Cyan","Ghostly","Chaos","White Noise+1","expansioncontent:DashGenerateEvil+1","Seek+1","Sunder+1","Storm","Defragment"],"relics":["Cracked Core","Guardian:PickAxe","Ornamental Fan","White Beast Statue","Gremlin Horn","hexamod:BolsterEngine","champ:DeflectingBracers","Astrolabe","Letter Opener","TungstenRod","Symbiotic Virus","Vajra","SlaversCollar","Red Mask","downfall:RedIOUUpgrade","ClockworkSouvenir","Gambling Chip","Pocketwatch"],"acts_visited":["Exordium","TheCity","TheBeyond"],"potions_floor_usage":[5,8,12,15,16,20,29,30,30,31,33,40,42,48],"damage_taken":[{"damage":0,"enemies":"Jaw Worm","floor":2,"turns":3},{"damage":0,"enemies":"Cultist","floor":3,"turns":2},{"damage":11,"enemies":"downfall:LadyInBlue","floor":5,"turns":9},{"damage":0,"enemies":"Lagavulin","floor":8,"turns":5},{"damage":0,"enemies":"Small Slimes","floor":9,"turns":2},{"damage":0,"enemies":"downfall:FleeingMerchant","floor":11,"turns":4},{"damage":0,"enemies":"3 Sentries","floor":12,"turns":5},{"damage":0,"enemies":"Exordium Wildlife","floor":13,"turns":2},{"damage":0,"enemies":"Looter","floor":14,"turns":2},{"damage":0,"enemies":"3 Louse","floor":15,"turns":2},{"damage":6,"enemies":"The Guardian","floor":16,"turns":7},{"damage":0,"enemies":"Shell Parasite","floor":19,"turns":3},{"damage":0,"enemies":"Sentry and Sphere","floor":20,"turns":6},{"damage":1,"enemies":"Snecko","floor":25,"turns":4},{"damage":1,"enemies":"Centurion and Healer","floor":28,"turns":4},{"damage":0,"enemies":"downfall:FleeingMerchant","floor":29,"turns":4},{"damage":0,"enemies":"SI_SHIV_ARCHETYPE","floor":30,"turns":5},{"damage":3,"enemies":"downfall:FleeingMerchant","floor":31,"turns":4},{"damage":0,"enemies":"Cultist and Chosen","floor":32,"turns":4},{"damage":0,"enemies":"WA_ARCHETYPE_CALM","floor":33,"turns":3},{"damage":14,"enemies":"3 Darklings","floor":36,"turns":4},{"damage":0,"enemies":"3 Shapes","floor":38,"turns":3},{"damage":0,"enemies":"Writhing Mass","floor":40,"turns":3},{"damage":12,"enemies":"Transient","floor":42,"turns":5},{"damage":0,"enemies":"Reptomancer","floor":45,"turns":4},{"damage":0,"enemies":"3 Darklings","floor":48,"turns":2},{"damage":0,"enemies":"Jaw Worm Horde","floor":49,"turns":2},{"damage":5,"enemies":"SI_POISON_ARCHETYPE","floor":50,"turns":4}],"seed_played":"6099103822572544471","potions_obtained":[{"floor":2,"key":"Explosive Potion"},{"floor":5,"key":"Energy Potion"},{"floor":5,"key":"CultistPotion"},{"floor":5,"key":"Strength Potion"},{"floor":8,"key":"FearPotion"},{"floor":12,"key":"Explosive Potion"},{"floor":14,"key":"ColorlessPotion"},{"floor":15,"key":"ColorlessPotion"},{"floor":16,"key":"Block Potion"},{"floor":20,"key":"Ancient Potion"},{"floor":25,"key":"Block Potion"},{"floor":29,"key":"Dexterity Potion"},{"floor":30,"key":"DuplicationPotion"},{"floor":31,"key":"SpeedPotion"},{"floor":32,"key":"BlessingOfTheForge"},{"floor":33,"key":"DistilledChaos"},{"floor":40,"key":"CultistPotion"},{"floor":42,"key":"sneckomod:MuddlingPotion"},{"floor":45,"key":"Fruit Juice"},{"floor":48,"key":"Weak Potion"}],"is_trial":false,"path_per_floor":["R","M","M","?","?","R","T","E","M","R","$","E","M","M","M","B",null,"R","M","M","?","T","R","T","M","?","R","M","$","?","$","M","B",null,"R","M","?","M","$","M","T","M","?","R","E","?","R","M","M","B",null],"character_chosen":"DEFECT","items_purchased":["hexamod:BolsterEngine","Melter","Vajra","expansioncontent:DashGenerateEvil","Storm","ClockworkSouvenir"],"campfire_rested":0,"item_purchase_floors":[11,29,31,31,39,39],"current_hp_per_floor":[73,72,71,64,53,53,53,53,53,53,63,62,61,60,59,53,57,56,55,54,53,52,51,50,49,48,47,46,45,44,41,41,41,40,39,25,25,25,25,25,25,13,13,13,23,23,23,28,28,23],"gold":129,"neow_bonus":"","is_daily":true,"chose_seed":false,"campfire_upgraded":5,"win_rate":0.0,"timestamp":1613192728,"path_taken":["R","M","M","?","?","R","T","E","M","R","$","E","M","M","M","BOSS","R","M","M","?","?","R","T","?","?","R","M","$","?","?","M","BOSS","R","M","?","M","$","M","T","M","?","R","E","?","R","?","M","BOSS"],"items_purchased_type":["Relic","Card","Relic","Card","Card","Relic"],"build_version":"2020-12-22","purchased_purges":2,"victory":true,"max_hp_per_floor":[73,72,71,70,69,68,67,66,65,64,63,62,61,60,59,58,57,56,55,54,53,52,51,50,49,48,47,46,45,44,43,42,41,40,39,38,37,36,35,34,33,32,31,30,29,28,27,31,30,29],"card_choices":[{"not_picked":["FTL","Rebound"],"picked":"Undo","floor":2},{"not_picked":["Hologram","Ball Lightning"],"picked":"Rip and Tear","floor":3},{"not_picked":["Chaos","Hologram"],"picked":"Sunder","floor":5},{"not_picked":["Redo","Force Field"],"picked":"Tempest","floor":8},{"not_picked":["Blizzard","Barrage"],"picked":"Stack","floor":9},{"not_picked":["Recycle","Heatsinks"],"picked":"Defragment","floor":11},{"not_picked":["Lockon","Defragment"],"picked":"Reinforced Body","floor":12},{"not_picked":["Beam Cell","Static Discharge"],"picked":"Fusion","floor":13},{"not_picked":["Steam","Conserve Battery"],"picked":"Heatsinks","floor":14},{"not_picked":["Fusion","Barrage","Streamline"],"picked":"SKIP","floor":15},{"not_picked":["Reboot","Multi-Cast"],"picked":"All For One","floor":16},{"not_picked":["Sweeping Beam","Beam Cell+1","Blizzard"],"picked":"SKIP","floor":19},{"not_picked":["Rip and Tear","Genetic Algorithm","Redo"],"picked":"SKIP","floor":20},{"not_picked":["Static Discharge","Auto Shields+1","Go for the Eyes"],"picked":"SKIP","floor":25},{"not_picked":["Ball Lightning","Coolheaded+1","Rip and Tear"],"picked":"SKIP","floor":28},{"not_picked":["Gash","Turbo","Undo"],"picked":"SKIP","floor":29},{"not_picked":["Sweeping Beam","Fusion"],"picked":"Chaos","floor":30},{"not_picked":["Streamline+1","Turbo"],"picked":"White Noise+1","floor":31},{"not_picked":["Barrage","Blizzard","FTL"],"picked":"SKIP","floor":32},{"not_picked":["Hyperbeam","Fission"],"picked":"Seek","floor":33},{"not_picked":["Cold Snap+1","Steam Power","Steam"],"picked":"SKIP","floor":36},{"not_picked":["Redo","Chaos+1"],"picked":"Sunder+1","floor":38},{"not_picked":["Go for the Eyes+1","Barrage+1","Chill+1"],"picked":"SKIP","floor":40},{"not_picked":["Streamline+1","Barrage+1","Sunder"],"picked":"SKIP","floor":42},{"not_picked":["Steam+1","Coolheaded+1"],"picked":"Defragment","floor":45},{"not_picked":["Conserve Battery","Static Discharge+1","Ball Lightning+1"],"picked":"SKIP","floor":48},{"not_picked":["Gash+1","Coolheaded","Streamline"],"picked":"SKIP","floor":49}],"player_experience":1064309,"relics_obtained":[{"floor":5,"key":"White Beast Statue"},{"floor":7,"key":"MealTicket"},{"floor":8,"key":"Gremlin Horn"},{"floor":12,"key":"champ:DeflectingBracers"},{"floor":22,"key":"Letter Opener"},{"floor":30,"key":"TungstenRod"},{"floor":30,"key":"Symbiotic Virus"},{"floor":41,"key":"Gambling Chip"},{"floor":45,"key":"Pocketwatch"}],"event_choices":[{"damage_healed":0,"gold_gain":0,"player_choice":"Success","damage_taken":7,"relics_obtained":["Ornamental Fan"],"max_hp_gain":0,"max_hp_loss":0,"event_name":"Scrap Ooze","floor":4,"gold_loss":0},{"cards_removed":["Magnetism"],"damage_healed":0,"gold_gain":0,"player_choice":"Removed Power","damage_taken":0,"max_hp_gain":0,"max_hp_loss":0,"event_name":"Falling","floor":43,"gold_loss":0}],"is_beta":false,"boss_relics":[{"not_picked":["Runic Pyramid","Tiny House"],"picked":"Astrolabe"},{"not_picked":["Snecko Eye","bronze:MakeshiftBattery"],"picked":"SlaversCollar"}],"items_purged_floors":[11,29],"is_endless":false,"potions_floor_spawned":[2,8,9,11,12,13,14,15,16,19,20,25,28,29,30,31,32,33,36,38,40,42,45,48,49],"ascension_level":0}}