{"host":"zwezhz46a5cjkxff","time":1613188643,"event":{"mods":["AchievementEnabler","BaseMod","Colored Map","Colored Powertips","DeckTracker","Minty Spire (QoL Compilation)","Permanent Neow","Quick Restart","Rare Cards Sparkle","Relic Stats","StSLib","SuperFastMode"],"gold_per_floor":[117,17,17,36,47,79,90,90,90,117,117,49,74,89,89,193,193,207,217,246,171,190,215,215,233,258,56,68,101,114,14,14,14,14],"floor_reached":33,"language":"ENG","playtime":1071,"items_purged":["Defend_G","Strike_G"],"score":365,"play_id":"88268bb6-1c76-4b37-a72e-f6e705ef274e","local_time":"20210212215723","is_ascension_mode":true,"campfire_choices":[{"floor":8,"key":"RECALL"},{"floor":11,"key":"REST"},{"data":"Terror","floor":15,"key":"SMITH"},{"floor":24,"key":"REST"},{"floor":32,"key":"REST"}],"circlet_count":0,"master_deck":["Strike_G","Strike_G","Strike_G","Defend_G","Defend_G+1","Defend_G","Defend_G","Survivor+1","Neutralize","Cloak And Dagger","Dagger Spray","Infinite Blades","Cloak And Dagger","Well Laid Plans","Terror+1","PiercingWail","A Thousand Cuts","Backstab+1","Backstab","Footwork+1","Cloak And Dagger"],"relics":["WristBlade","WingedGreaves","Thread and Needle","CaptainsWheel","Mercury Hourglass","Black Star","Red Mask","Frozen Egg 2","War Paint","Anchor","Sundial","Akabeko"],"acts_visited":["Exordium","TheCity"],"potions_floor_usage":[6,10,10,13,19,20,30],"damage_taken":[{"damage":10,"enemies":"Cultist","floor":1,"turns":5},{"damage":4,"enemies":"Small Slimes","floor":4,"turns":4},{"damage":4,"enemies":"2 Louse","floor":5,"turns":2},{"damage":14,"enemies":"Gremlin Nob","floor":6,"turns":3},{"damage":1,"enemies":"Looter","floor":7,"turns":4},{"damage":0,"enemies":"Lagavulin","floor":10,"turns":5},{"damage":20,"enemies":"3 Sentries","floor":13,"turns":8},{"damage":0,"enemies":"2 Fungi Beasts","floor":14,"turns":3},{"damage":7,"enemies":"Hexaghost","floor":16,"turns":8},{"damage":15,"enemies":"3 Byrds","floor":18,"turns":4},{"damage":15,"enemies":"2 Thieves","floor":19,"turns":3},{"damage":0,"enemies":"Masked Bandits","floor":20,"turns":3},{"damage":1,"enemies":"Centurion and Healer","floor":22,"turns":4},{"damage":21,"enemies":"Book of Stabbing","floor":23,"turns":6},{"damage":8,"enemies":"Cultist and Chosen","floor":25,"turns":6},{"damage":2,"enemies":"Snake Plant","floor":28,"turns":4},{"damage":23,"enemies":"Gremlin Leader","floor":29,"turns":6},{"damage":0,"enemies":"Shelled Parasite and Fungi","floor":30,"turns":4},{"damage":48,"enemies":"Automaton","floor":33,"turns":6}],"seed_played":"6574855217733410585","potions_obtained":[{"floor":1,"key":"CunningPotion"},{"floor":4,"key":"GamblersBrew"},{"floor":6,"key":"SkillPotion"},{"floor":7,"key":"Poison Potion"},{"floor":18,"key":"Dexterity Potion"},{"floor":19,"key":"BlessingOfTheForge"},{"floor":29,"key":"Poison Potion"}],"is_trial":false,"path_per_floor":["M","$","?","M","M","E","M","R","T","E","R","$","E","M","R","B",null,"M","M","?","$","M","E","R","M","T","$","M","E","M","$","R","B"],"character_chosen":"THE_SILENT","items_purchased":["Cloak And Dagger","Dagger Spray","Terror","Anchor","Cloak And Dagger"],"campfire_rested":3,"item_purchase_floors":[2,2,12,27,27],"current_hp_per_floor":[60,60,60,56,52,38,37,37,37,37,58,58,38,38,38,31,70,55,40,40,40,39,18,39,31,31,31,29,6,6,6,27,0,0],"gold":14,"neow_bonus":"BOSS_RELIC","is_daily":false,"chose_seed":false,"campfire_upgraded":1,"win_rate":0.0,"timestamp":1613188643,"path_taken":["M","$","?","M","M","E","M","R","T","E","R","$","E","M","R","BOSS","M","?","?","$","M","E","R","M","T","$","M","E","M","$","R","BOSS"],"items_purchased_type":["Card","Card","Card","Relic","Card"],"build_version":"2020-12-22","purchased_purges":2,"victory":false,"max_hp_per_floor":[70,70,70,70,70,70,70,70,70,70,70,70,70,70,70,70,70,70,70,70,70,70,70,70,70,70,70,70,70,70,70,70,70,70],"relic_stats":{"counters":[19,88],"Sundial":[0],"Black Star":2,"War Paint":["Defend_G","Survivor"],"obtain_stats":[{"Thread and Needle":9,"Frozen Egg 2":23,"War Paint":23,"Akabeko":29,"Mercury Hourglass":13,"CaptainsWheel":10,"Anchor":27,"WristBlade":0,"Sundial":29,"WingedGreaves":6,"Black Star":17,"Red Mask":20,"Ring of the Snake":0},{"Thread and Needle":5,"Frozen Egg 2":14,"War Paint":14,"Akabeko":17,"Mercury Hourglass":7,"CaptainsWheel":6,"Anchor":15,"WristBlade":0,"Sundial":17,"WingedGreaves":4,"Black Star":9,"Red Mask":12,"Ring of the Snake":0},{"Thread and Needle":18,"Frozen Egg 2":62,"War Paint":62,"Akabeko":78,"Mercury Hourglass":31,"CaptainsWheel":23,"Anchor":68,"WristBlade":0,"Sundial":78,"WingedGreaves":14,"Black Star":42,"Red Mask":52,"Ring of the Snake":0}],"Mercury Hourglass":[254]},"card_choices":[{"not_picked":["Dagger Throw","Acrobatics","Prepared"],"picked":"SKIP","floor":1},{"not_picked":["Backflip","Quick Slash"],"picked":"Infinite Blades","floor":4},{"not_picked":["Acrobatics","Night Terror"],"picked":"Cloak And Dagger","floor":5},{"not_picked":["Setup","Bouncing Flask"],"picked":"Well Laid Plans","floor":6},{"not_picked":["Bane","Predator","Dodge and Roll"],"picked":"SKIP","floor":7},{"not_picked":["Prepared","Dagger Spray","Well Laid Plans"],"picked":"SKIP","floor":10},{"not_picked":["Slice","Predator"],"picked":"PiercingWail","floor":13},{"not_picked":["Masterful Stab","Finisher","Deflect"],"picked":"SKIP","floor":14},{"not_picked":["Glass Knife","Phantasmal Killer"],"picked":"A Thousand Cuts","floor":16},{"not_picked":["Prepared","Backflip"],"picked":"Backstab+1","floor":18},{"not_picked":["Sucker Punch","Dagger Spray","Calculated Gamble+1"],"picked":"SKIP","floor":19},{"not_picked":["Skewer","Deflect"],"picked":"Backstab","floor":20},{"not_picked":["Deflect+1","Flying Knee","Acrobatics+1"],"picked":"SKIP","floor":22},{"not_picked":["Dodge and Roll","Outmaneuver+1","Flying Knee"],"picked":"SKIP","floor":23},{"not_picked":["Bane+1","Storm of Steel"],"picked":"Footwork+1","floor":25},{"not_picked":["Leg Sweep","Dagger Spray","Riddle With Holes"],"picked":"SKIP","floor":28},{"not_picked":["Leg Sweep","All Out Attack","Reflex"],"picked":"SKIP","floor":29},{"not_picked":["Bouncing Flask+1","Underhanded Strike+1","Acrobatics+1"],"picked":"SKIP","floor":30}],"player_experience":102477,"relics_obtained":[{"floor":6,"key":"WingedGreaves"},{"floor":9,"key":"Thread and Needle"},{"floor":10,"key":"CaptainsWheel"},{"floor":13,"key":"Mercury Hourglass"},{"floor":20,"key":"Red Mask"},{"floor":23,"key":"Frozen Egg 2"},{"floor":23,"key":"War Paint"},{"floor":29,"key":"Sundial"},{"floor":29,"key":"Akabeko"}],"event_choices":[{"cards_removed":["Strike_G"],"damage_healed":0,"gold_gain":0,"player_choice":"Offered Basic","damage_taken":0,"max_hp_gain":0,"max_hp_loss":0,"event_name":"Bonfire Elementals","floor":3,"gold_loss":0},{"damage_healed":0,"gold_gain":0,"player_choice":"Fought Bandits","damage_taken":0,"max_hp_gain":0,"max_hp_loss":0,"event_name":"Masked Bandits","floor":20,"gold_loss":0}],"is_beta":false,"boss_relics":[{"not_picked":["Empty Cage","Snecko Eye"],"picked":"Black Star"}],"items_purged_floors":[21,31],"is_endless":false,"potions_floor_spawned":[1,4,6,7,18,19,29],"killed_by":"Automaton","ascension_level":2}}