{"host":"5y2vm16xfq9gfmb2","time":1613182226,"event":{"mods":["AchievementEnabler","BaseMod","Better Third Choice","Colored Map","Colored Powertips","DeckTracker","Marisa????????","Minty Spire (QoL Compilation)","Rare Cards Sparkle","Relic Stats","StSLib","The Alterego","The Animator","The Marked","The Servant 0.9.4"],"gold_per_floor":[122,75,75,75,103,137,156,490,490,490,490,490,490,99,99,99,99],"floor_reached":16,"language":"ENG","playtime":673,"items_purged":[],"score":131,"play_id":"8efc283a-265b-4310-baa5-1d2a222819f0","local_time":"20210212211026","is_ascension_mode":false,"campfire_choices":[{"floor":11,"key":"RECALL"},{"data":"animator:Demiurge","floor":13,"key":"SMITH"},{"data":"animator:Ainz","floor":15,"key":"SMITH"}],"circlet_count":0,"master_deck":["animator:Strike_Overlord","animator:Defend_Overlord","animator:Strike","animator:Strike","animator:Strike","animator:Defend","animator:Defend","animator:Defend","animator:Cocytus","animator:Demiurge+1","animator:ShinjiMatou","animator:PandorasActor","animator:EmiyaShirou","animator:Azekura","animator:Entoma+2","animator:DolaSchwi","animator:Megumin+1","animator:Sora","animator:Ainz+1","animator:Sebas"],"relics":["animator:LivingPicture","animator:TheMissingPiece","animator:PurgingStone","NeowsBlessing","Golden Idol","CloakClasp","Old Coin","Strange Spoon"],"acts_visited":["Exordium"],"potions_floor_usage":[8],"damage_taken":[{"damage":0,"enemies":"Jaw Worm","floor":1,"turns":1},{"damage":0,"enemies":"Cultist","floor":5,"turns":1},{"damage":0,"enemies":"3 Sentries","floor":6,"turns":2},{"damage":0,"enemies":"2 Louse","floor":7,"turns":3},{"damage":23,"enemies":"Gremlin Nob","floor":8,"turns":4},{"damage":56,"enemies":"Slime Boss","floor":16,"turns":13}],"seed_played":"3076219884801117499","potions_obtained":[{"floor":5,"key":"ColorlessPotion"}],"is_trial":false,"path_per_floor":["M","$","?","?","M","E","M","E","T","?","R","?","R","$","R","B"],"character_chosen":"THE_ANIMATOR","items_purchased":["animator:PandorasActor","Strange Spoon","animator:Ainz","animator:Sebas"],"campfire_rested":0,"item_purchase_floors":[2,14,14,14],"current_hp_per_floor":[66,66,50,50,50,52,54,31,31,54,54,54,54,54,54,0,0],"gold":99,"neow_bonus":"THREE_ENEMY_KILL","is_daily":false,"chose_seed":false,"campfire_upgraded":2,"win_rate":0.0,"timestamp":1613182226,"path_taken":["M","$","?","?","?","E","M","E","T","?","R","?","R","?","R","BOSS"],"items_purchased_type":["Card","Relic","Card","Card"],"build_version":"2020-12-22","purchased_purges":0,"victory":false,"max_hp_per_floor":[66,66,66,66,66,68,70,70,70,70,70,70,70,70,70,70,70],"relic_stats":{"Strange Spoon":[1],"counters":[6,24],"Golden Idol":21,"CloakClasp":[52],"obtain_stats":[{"Strange Spoon":14,"animator:PurgingStone":0,"NeowsBlessing":0,"Golden Idol":3,"animator:TheMissingPiece":0,"animator:LivingPicture":0,"CloakClasp":6,"Old Coin":8},{"Strange Spoon":5,"animator:PurgingStone":0,"NeowsBlessing":0,"Golden Idol":1,"animator:TheMissingPiece":0,"animator:LivingPicture":0,"CloakClasp":3,"Old Coin":5},{"Strange Spoon":11,"animator:PurgingStone":0,"NeowsBlessing":0,"Golden Idol":1,"animator:TheMissingPiece":0,"animator:LivingPicture":0,"CloakClasp":4,"Old Coin":11}]},"card_choices":[{"not_picked":["animator:Kazuma","animator:DolaCouronne"],"picked":"animator:ShinjiMatou","floor":1},{"not_picked":["animator:Rider","animator:PandorasActor"],"picked":"animator:Entoma","floor":5},{"not_picked":["animator:DwarfShaman","animator:Shion"],"picked":"animator:DolaSchwi","floor":6},{"not_picked":["animator:Darkness","animator:Vanir"],"picked":"animator:Megumin","floor":7},{"not_picked":["animator:Entoma","animator:Shinoa"],"picked":"animator:Sora","floor":8}],"player_experience":71610,"relics_obtained":[{"floor":6,"key":"CloakClasp"},{"floor":8,"key":"Old Coin"}],"event_choices":[{"damage_healed":0,"gold_gain":0,"player_choice":"Take Damage","damage_taken":16,"relics_obtained":["Golden Idol"],"max_hp_gain":0,"max_hp_loss":0,"event_name":"Golden Idol","floor":3,"gold_loss":0},{"damage_healed":0,"gold_gain":0,"player_choice":"2 cards matched","damage_taken":0,"max_hp_gain":0,"max_hp_loss":0,"event_name":"Match and Keep!","floor":4,"gold_loss":0,"cards_obtained":["animator:EmiyaShirou","animator:Azekura"]},{"damage_healed":23,"gold_gain":0,"player_choice":"Banana","damage_taken":0,"max_hp_gain":0,"max_hp_loss":0,"event_name":"Big Fish","floor":10,"gold_loss":0},{"damage_healed":0,"gold_gain":0,"player_choice":"Ignored","damage_taken":490,"max_hp_gain":0,"max_hp_loss":0,"event_name":"betterThird:BetterSerpent","floor":12,"gold_loss":0}],"is_beta":false,"boss_relics":[],"items_purged_floors":[],"is_endless":false,"potions_floor_spawned":[5],"killed_by":"Slime Boss","ascension_level":0}}