{"host":"zxkjcgzis4pm3za5","time":1613189858,"event":{"mods":["AchievementEnabler","BaseMod","Colored Map","Colored Powertips","Minty Spire (QoL Compilation)","Quick Restart","Random Character Button","Relic Sorter","Relic Stats","StSLib"],"gold_per_floor":[118,90,105,120,120,120,136,111,111,137,137,164,164,164,164,164,164],"floor_reached":16,"language":"ENG","playtime":367,"items_purged":[],"score":220,"play_id":"50319a65-ea25-4f19-be90-3161d33dab79","local_time":"20210213094738","is_ascension_mode":true,"campfire_choices":[{"data":"Cloak And Dagger","floor":6,"key":"SMITH"},{"data":"Burst","floor":11,"key":"SMITH"},{"floor":15,"key":"REST"}],"circlet_count":0,"master_deck":["AscendersBane","Strike_G","Strike_G","Strike_G","Strike_G","Defend_G","Defend_G","Defend_G","Defend_G","Defend_G","Survivor","Neutralize","Slice","Cloak And Dagger+1","Prepared","Poisoned Stab","Concentrate","Crippling Poison","Dagger Spray","Burst+1","Venomology"],"relics":["Busted Crown","The Courier","CaptainsWheel","Bottled Flame"],"acts_visited":[],"potions_floor_usage":[10,12,14,16],"damage_taken":[{"damage":5,"enemies":"Small Slimes","floor":1,"turns":5},{"damage":7,"enemies":"2 Louse","floor":3,"turns":2},{"damage":3,"enemies":"Jaw Worm","floor":4,"turns":4},{"damage":0,"enemies":"Blue Slaver","floor":7,"turns":4},{"damage":33,"enemies":"Gremlin Nob","floor":10,"turns":4},{"damage":5,"enemies":"Lagavulin","floor":12,"turns":8},{"damage":0,"enemies":"Large Slime","floor":14,"turns":1},{"damage":30,"enemies":"Hexaghost","floor":16,"turns":9}],"seed_played":"5075428887426004401","potions_obtained":[{"floor":3,"key":"SmokeBomb"},{"floor":4,"key":"Poison Potion"},{"floor":10,"key":"LiquidMemories"}],"is_trial":false,"path_per_floor":["M","$","M","M","?","R","M","$","T","E","R","E","?","M","R","B"],"character_chosen":"THE_SILENT","items_purchased":["Cloak And Dagger","Dagger Spray"],"campfire_rested":1,"item_purchase_floors":[2,8],"current_hp_per_floor":[54,54,47,44,44,44,44,44,44,11,11,6,6,6,25,0,0],"gold":164,"neow_bonus":"BOSS_RELIC","is_daily":false,"chose_seed":false,"campfire_upgraded":2,"win_rate":0.0,"timestamp":1613189858,"path_taken":["M","$","M","M","?","R","M","$","T","E","R","E","?","M","R","BOSS"],"items_purchased_type":["Card","Card"],"build_version":"2020-12-22","purchased_purges":0,"victory":false,"max_hp_per_floor":[66,66,66,66,66,66,66,66,66,66,66,66,66,66,66,66,66],"relic_stats":{"Busted Crown":12,"counters":[8,37],"obtain_stats":[{"CaptainsWheel":10,"Bottled Flame":12,"Busted Crown":0,"The Courier":9,"Ring of the Snake":0},{"CaptainsWheel":5,"Bottled Flame":6,"Busted Crown":0,"The Courier":4,"Ring of the Snake":0},{"CaptainsWheel":19,"Bottled Flame":27,"Busted Crown":0,"The Courier":15,"Ring of the Snake":0}]},"card_choices":[{"not_picked":[],"picked":"Slice","floor":1},{"not_picked":[],"picked":"Prepared","floor":3},{"not_picked":[],"picked":"Poisoned Stab","floor":4},{"not_picked":[],"picked":"Crippling Poison","floor":7},{"not_picked":[],"picked":"Burst","floor":10},{"not_picked":[],"picked":"Venomology","floor":12}],"player_experience":359343,"relics_obtained":[{"floor":9,"key":"The Courier"},{"floor":10,"key":"CaptainsWheel"},{"floor":12,"key":"Bottled Flame"}],"event_choices":[{"damage_healed":0,"gold_gain":0,"cards_transformed":["Strike_G"],"player_choice":"Change","damage_taken":0,"max_hp_gain":0,"max_hp_loss":0,"event_name":"Living Wall","floor":5,"gold_loss":0,"cards_obtained":["Concentrate"]},{"damage_healed":0,"gold_gain":0,"player_choice":"Ignored","damage_taken":0,"max_hp_gain":0,"max_hp_loss":0,"event_name":"Golden Wing","floor":13,"gold_loss":0}],"is_beta":false,"boss_relics":[],"items_purged_floors":[],"is_endless":false,"potions_floor_spawned":[3,4,10],"killed_by":"Hexaghost","ascension_level":20}}