{"host":"y89x8uui45kcjy42","time":1613227750,"event":{"mods":["2.2 Compatiblity","BaseMod","CapriCore","Colored Map","Colored Powertips","Custom Start","Friendly Minions","Keyboard Shortcuts","Minty Spire (QoL Compilation)","Relic Stats","Slay the Relics Exporter","StSLib","SuperFastMode","Uncapped"],"gold_per_floor":[119,119,131,131,149,149,149,149,149,149,181,181,216,232,232,305,305,323,341,341,154,154,154,154,154,154,189,189,201,201,235,235,310,310,329,349,363,363,363,363,398,398,398,432,346,364,364,374,374,374,374,374,374,374,402,402],"floor_reached":57,"language":"KOR","playtime":1590,"items_purged":[],"score":3308,"play_id":"732fe590-0027-46f7-83ff-a5b861c124a8","local_time":"20210213234910","is_ascension_mode":true,"campfire_choices":[{"data":"Defragment","floor":6.0,"key":"SMITH"},{"data":"Zap","floor":7.0,"key":"SMITH"},{"data":"Dualcast","floor":8.0,"key":"SMITH"},{"data":"Hologram","floor":12.0,"key":"SMITH"},{"floor":15.0,"key":"RECALL"},{"data":"Biased Cognition","floor":23,"key":"SMITH"},{"data":"Coolheaded","floor":24,"key":"SMITH"},{"floor":28,"key":"REST"},{"floor":32,"key":"REST"},{"data":"Creative AI","floor":42,"key":"SMITH"},{"data":"Consume","floor":49,"key":"SMITH"}],"circlet_count":0,"master_deck":["Zap+1","Dualcast+1","Defragment+1","Hologram+1","Melter+1","Barrage+1","Biased Cognition+1","Coolheaded+1","Creative AI+1","Consume+1","Capacitor+1","Thunder Strike+1"],"relics":["Cracked Core","FrozenCore","DataDisk","Cables","Emotion Chip","Runic Capacitor","Inserter","Nuclear Battery","Molten Egg 2","Bag of Preparation","Calipers","Torii","SacredBark","ClockworkSouvenir","Potion Belt","Pear","Anchor","Coffee Dripper","StrikeDummy"],"acts_visited":["Exordium","TheCity","TheBeyond","TheEnding"],"potions_floor_usage":[56,56,56,56],"damage_taken":[{"damage":2.0,"enemies":"Small Slimes","floor":1.0,"turns":2.0},{"damage":0.0,"enemies":"Jaw Worm","floor":3.0,"turns":3.0},{"damage":0.0,"enemies":"Cultist","floor":5.0,"turns":3.0},{"damage":0.0,"enemies":"Gremlin Nob","floor":11.0,"turns":3.0},{"damage":5.0,"enemies":"3 Sentries","floor":13.0,"turns":5.0},{"damage":0.0,"enemies":"Blue Slaver","floor":14.0,"turns":1.0},{"damage":0,"enemies":"Slime Boss","floor":16,"turns":7},{"damage":6,"enemies":"2 Thieves","floor":18,"turns":2},{"damage":0,"enemies":"3 Byrds","floor":19,"turns":2},{"damage":1,"enemies":"Slavers","floor":27,"turns":2},{"damage":7,"enemies":"Shelled Parasite and Fungi","floor":29,"turns":2},{"damage":0,"enemies":"Book of Stabbing","floor":31,"turns":3},{"damage":0,"enemies":"Collector","floor":33,"turns":4},{"damage":0,"enemies":"3 Darklings","floor":35,"turns":2},{"damage":0,"enemies":"Orb Walker","floor":36,"turns":2},{"damage":6,"enemies":"4 Shapes","floor":37,"turns":3},{"damage":1,"enemies":"Nemesis","floor":41,"turns":5},{"damage":0,"enemies":"Reptomancer","floor":44,"turns":5},{"damage":0,"enemies":"3 Darklings","floor":46,"turns":3},{"damage":1,"enemies":"Spire Growth","floor":48,"turns":3},{"damage":0,"enemies":"Time Eater","floor":50,"turns":9},{"damage":1,"enemies":"Awakened One","floor":51,"turns":10},{"damage":41,"enemies":"Shield and Spear","floor":55,"turns":4},{"damage":7,"enemies":"The Heart","floor":56,"turns":6}],"seed_played":"-2385751076228361942","potions_obtained":[{"floor":3.0,"key":"Regen Potion"},{"floor":5.0,"key":"EssenceOfDarkness"},{"floor":11.0,"key":"Ancient Potion"},{"floor":16,"key":"FocusPotion"},{"floor":27,"key":"DistilledChaos"}],"is_trial":false,"path_per_floor":["M","?","M","T","M","R","R","R","T","$","E","R","E","M","R","B",null,"M","M","?","$","?","R","R","?","T","E","R","M","?","E","R","B",null,"M","M","M","$","?","R","E","R","T","E","$","M","R","M","R","B","B",null,"R","$","E","B",null],"character_chosen":"DEFECT","items_purchased":["CultistPotion","DuplicationPotion","DuplicationPotion"],"campfire_rested":2,"item_purchase_floors":[21,21,45],"current_hp_per_floor":[69,69,69,69,69,69,69,69,69,69,69,69,64,64,64,64,75,69,69,69,69,69,69,69,69,69,78,88,81,75,75,88,88,88,88,88,82,82,82,82,81,81,81,81,81,81,81,80,80,80,79,86,86,86,45,38],"gold":402,"neow_bonus":"TEN_PERCENT_HP_BONUS","is_daily":false,"chose_seed":false,"campfire_upgraded":8,"win_rate":0.0,"timestamp":1613227750,"path_taken":["M","?","M","?","M","R","R","R","T","$","E","R","E","?","R","BOSS","M","M","?","$","?","R","R","?","T","E","R","?","?","E","R","BOSS","M","?","?","$","?","R","E","R","T","E","$","M","R","?","R","BOSS","BOSS","R","$","E","BOSS"],"items_purchased_type":["Potion","Potion","Potion"],"build_version":"2020-12-22","purchased_purges":0,"victory":true,"max_hp_per_floor":[78,78,78,78,78,78,78,78,78,78,78,78,78,78,78,78,78,78,78,78,78,78,78,78,78,78,88,88,88,88,88,88,88,88,88,88,88,88,88,88,88,88,88,88,88,88,88,88,88,88,88,88,88,88,88,88],"relic_stats":{"Emotion Chip":[55,27,21,0,7],"Inserter":[44],"Torii":11,"counters":[24,91],"Bag of Preparation":[40],"obtain_stats":[{"Potion Belt":21,"Calipers":0,"Inserter":0,"Pear":27,"NeowsBlessing":0,"Torii":13,"Golden Idol":0,"SacredBark":17,"Runic Capacitor":0,"Bag of Preparation":11,"GoldenEye":0,"FrozenCore":0,"Cables":0,"Nuclear Battery":0,"ClockworkSouvenir":17,"DataDisk":0,"Emotion Chip":0,"Anchor":31,"Molten Egg 2":4,"WingedGreaves":6,"Coffee Dripper":34,"Cracked Core":0,"StrikeDummy":54},{"Potion Belt":9,"Calipers":0,"Inserter":0,"Pear":10,"NeowsBlessing":0,"Torii":5,"Golden Idol":0,"SacredBark":7,"Runic Capacitor":0,"Bag of Preparation":4,"GoldenEye":0,"FrozenCore":0,"Cables":0,"Nuclear Battery":0,"ClockworkSouvenir":7,"DataDisk":0,"Emotion Chip":0,"Anchor":12,"Molten Egg 2":2,"WingedGreaves":3,"Coffee Dripper":13,"Cracked Core":0,"StrikeDummy":22},{"Potion Belt":28,"Calipers":0,"Inserter":0,"Pear":30,"NeowsBlessing":0,"Torii":16,"Golden Idol":0,"SacredBark":24,"Runic Capacitor":0,"Bag of Preparation":11,"GoldenEye":0,"FrozenCore":0,"Cables":0,"Nuclear Battery":0,"ClockworkSouvenir":24,"DataDisk":0,"Emotion Chip":0,"Anchor":35,"Molten Egg 2":5,"WingedGreaves":8,"Coffee Dripper":39,"Cracked Core":0,"StrikeDummy":81}],"FrozenCore":[49],"Cables":[83,53,6,1,23]},"card_choices":[{"not_picked":["Steam","Redo"],"picked":"Defragment","floor":1.0},{"not_picked":["Gash","Conserve Battery"],"picked":"Hologram","floor":3.0},{"not_picked":["Rebound+1","Turbo","Conserve Battery"],"picked":"SKIP","floor":5.0},{"not_picked":["Rebound+1","Hyperbeam+1","Compile Driver+1"],"picked":"SKIP","floor":11.0},{"not_picked":["Steam Power","Redo"],"picked":"Melter+1","floor":13.0},{"not_picked":["Heatsinks","Aggregate"],"picked":"Barrage+1","floor":14.0},{"not_picked":["Rainbow","Reboot"],"picked":"Biased Cognition","floor":16},{"not_picked":["Undo","Go for the Eyes+1"],"picked":"Coolheaded","floor":18},{"not_picked":["Rip and Tear+1","Hologram","BootSequence"],"picked":"SKIP","floor":19},{"not_picked":["Rebound+1","Melter+1","Chill"],"picked":"SKIP","floor":27},{"not_picked":["Gash+1","Turbo+1","Lockon+1"],"picked":"SKIP","floor":29},{"not_picked":["Barrage+1","Capacitor","Force Field"],"picked":"SKIP","floor":31},{"not_picked":["Rebound+1","Doom and Gloom+1","Leap+1"],"picked":"SKIP","floor":35},{"not_picked":["Undo+1","Sweeping Beam+1","Hologram"],"picked":"SKIP","floor":36},{"not_picked":["Chaos+1","Fusion","FTL+1"],"picked":"SKIP","floor":37},{"not_picked":["Capacitor","Storm"],"picked":"Creative AI","floor":41},{"not_picked":["Beam Cell+1","Glacier","Machine Learning"],"picked":"SKIP","floor":44},{"not_picked":["Gash+1","Coolheaded","Fusion"],"picked":"SKIP","floor":46},{"not_picked":["Sweeping Beam+1","Compile Driver+1"],"picked":"Consume","floor":48},{"not_picked":["Seek","Aggregate+1","Glacier+1"],"picked":"SKIP","floor":55}],"player_experience":690501,"relics_obtained":[{"floor":4.0,"key":"Molten Egg 2"},{"floor":11.0,"key":"Bag of Preparation"},{"floor":13.0,"key":"Torii"},{"floor":27,"key":"Pear"},{"floor":31,"key":"Anchor"}],"event_choices":[{"damage_healed":0.0,"max_hp_gain":0.0,"max_hp_loss":0.0,"gold_gain":0.0,"event_name":"Liars Game","player_choice":"Ignored","floor":2.0,"gold_loss":0.0,"damage_taken":0.0},{"damage_healed":0,"gold_gain":0,"player_choice":"Ignored","damage_taken":0,"max_hp_gain":0,"max_hp_loss":0,"event_name":"The Mausoleum","floor":20,"gold_loss":0},{"damage_healed":0,"gold_gain":0,"player_choice":"Ignored","damage_taken":0,"max_hp_gain":0,"max_hp_loss":0,"event_name":"Cursed Tome","floor":22,"gold_loss":0},{"damage_healed":0,"gold_gain":0,"player_choice":"Leave","damage_taken":0,"max_hp_gain":0,"max_hp_loss":0,"event_name":"FaceTrader","floor":25,"gold_loss":0},{"damage_healed":0,"gold_gain":0,"player_choice":"","damage_taken":6,"max_hp_gain":0,"max_hp_loss":0,"event_name":"Knowing Skull","floor":30,"potions_obtained":[],"gold_loss":0,"cards_obtained":[]},{"damage_healed":0,"gold_gain":0,"player_choice":"Got Potions","damage_taken":0,"max_hp_gain":0,"max_hp_loss":0,"event_name":"Lab","floor":39,"gold_loss":0}],"is_beta":false,"boss_relics":[{"not_picked":["FrozenCore","Philosopher\u0027s Stone"],"picked":"SacredBark"},{"not_picked":["Cursed Key","Runic Pyramid"],"picked":"Coffee Dripper"}],"items_purged_floors":[],"is_endless":false,"potions_floor_spawned":[3,5,11,16,27,29,31,37,41,44,48,55],"ascension_level":20}}