{"host":"7sni158j623xchr2","time":1613180665,"event":{"mods":["BaseMod","Colored Map","Highlight Path","Minty Spire (QoL Compilation)","Permanent Neow","Potion Indicator Mod","Rare Cards Sparkle","Relic Sorter","Relic Stats","StSLib","everything is the same but u backflip on backflip"],"gold_per_floor":[19,45,45,65,76,76,101,101,101,1,1,18,18,44,44,44,44],"floor_reached":16,"language":"ENG","playtime":488,"items_purged":["Defend_G"],"score":113,"play_id":"1fa0c448-5b47-4699-b126-b6e5903b818f","local_time":"20210212194425","is_ascension_mode":true,"campfire_choices":[{"data":"Backstab","floor":6,"key":"SMITH"},{"data":"Backstab","floor":8,"key":"SMITH"},{"data":"Masterful Stab","floor":11,"key":"SMITH"},{"data":"Finisher","floor":15,"key":"SMITH"}],"circlet_count":0,"master_deck":["Strike_G","Strike_G","Strike_G","Strike_G","Strike_G","Defend_G","Defend_G","Defend_G","Defend_G","Survivor","Neutralize","Burst","Backstab+1","Deflect","Backstab+1","Masterful Stab+1","PiercingWail","PiercingWail","Finisher+1"],"relics":["Ring of the Snake","Bag of Marbles","Nunchaku","Ornamental Fan","CaptainsWheel","Strawberry"],"acts_visited":["Exordium"],"potions_floor_usage":[16,16,16],"damage_taken":[{"damage":0,"enemies":"Cultist","floor":1,"turns":4},{"damage":0,"enemies":"Jaw Worm","floor":4,"turns":2},{"damage":0,"enemies":"2 Louse","floor":5,"turns":1},{"damage":5,"enemies":"3 Sentries","floor":7,"turns":13},{"damage":0,"enemies":"Large Slime","floor":12,"turns":1},{"damage":7,"enemies":"Gremlin Nob","floor":14,"turns":4},{"damage":69,"enemies":"Hexaghost","floor":16,"turns":16}],"seed_played":"2510975279608670047","potions_obtained":[{"floor":4,"key":"BlessingOfTheForge"},{"floor":5,"key":"Poison Potion"},{"floor":7,"key":"EssenceOfSteel"}],"is_trial":false,"path_per_floor":["M","T","?","M","M","R","E","R","T","$","R","M","?","E","R","B"],"character_chosen":"THE_SILENT","items_purchased":["PiercingWail"],"campfire_rested":0,"item_purchase_floors":[10],"current_hp_per_floor":[70,70,75,75,75,75,70,70,70,70,70,70,67,67,67,0,0],"gold":44,"neow_bonus":"THREE_RARE_CARDS","is_daily":false,"chose_seed":false,"campfire_upgraded":4,"win_rate":0.0,"timestamp":1613180665,"path_taken":["M","?","?","M","M","R","E","R","T","$","R","M","?","E","R","BOSS"],"items_purchased_type":["Card"],"build_version":"2020-12-22","purchased_purges":1,"victory":false,"max_hp_per_floor":[70,70,75,75,75,75,75,75,75,75,75,75,75,82,82,82,82],"relic_stats":{"Nunchaku":[4],"counters":[7,41],"Ornamental Fan":[20],"obtain_stats":[{"Nunchaku":7,"CaptainsWheel":13,"Ornamental Fan":9,"Strawberry":14,"Bag of Marbles":2,"Ring of the Snake":0},{"Nunchaku":4,"CaptainsWheel":5,"Ornamental Fan":4,"Strawberry":6,"Bag of Marbles":1,"Ring of the Snake":0},{"Nunchaku":20,"CaptainsWheel":21,"Ornamental Fan":20,"Strawberry":25,"Bag of Marbles":4,"Ring of the Snake":0}],"Ring of the Snake":[14]},"card_choices":[{"not_picked":["Bullet Time","Doppelganger"],"picked":"Burst","floor":0},{"not_picked":["Bane","Noxious Fumes"],"picked":"Backstab","floor":1},{"not_picked":["Slice","Dodge and Roll"],"picked":"Deflect","floor":4},{"not_picked":["Poisoned Stab","Dagger Throw"],"picked":"Backstab","floor":5},{"not_picked":["Prepared","Bane"],"picked":"Masterful Stab","floor":7},{"not_picked":["Cloak And Dagger","Underhanded Strike"],"picked":"PiercingWail","floor":12},{"not_picked":["Blade Dance","PiercingWail"],"picked":"Finisher","floor":14}],"player_experience":1789160,"relics_obtained":[{"floor":2,"key":"Bag of Marbles"},{"floor":7,"key":"Nunchaku"},{"floor":9,"key":"Ornamental Fan"},{"floor":14,"key":"Strawberry"}],"event_choices":[{"damage_healed":0,"gold_gain":0,"player_choice":"Donut","damage_taken":0,"max_hp_gain":5,"max_hp_loss":0,"event_name":"Big Fish","floor":3,"gold_loss":0},{"damage_healed":0,"gold_gain":0,"player_choice":"Success","damage_taken":3,"relics_obtained":["CaptainsWheel"],"max_hp_gain":0,"max_hp_loss":0,"event_name":"Scrap Ooze","floor":13,"gold_loss":0}],"is_beta":false,"boss_relics":[],"items_purged_floors":[10],"is_endless":false,"potions_floor_spawned":[4,5,7],"killed_by":"Hexaghost","ascension_level":1}}