{"host":"0bvb57250jt9ju2b","time":1613190007,"event":{"mods":["Aspiration","BaseMod","Better Third Choice","Downfall","Marisa????????","Minty Spire (QoL Compilation)","StSLib"],"gold_per_floor":[99,116,134,134,154,154,154,166,224,224,234,234,253,266,282,386,386,386,405,405,423,435,452,452,473,473,473,473],"floor_reached":26,"language":"ENG","playtime":2703,"items_purged":[],"score":206,"play_id":"ebe8f9ab-78ac-4bda-92e1-e873b072c260","local_time":"20210212232007","is_ascension_mode":false,"campfire_choices":[{"data":"hexamod:NecessarySacrifice","floor":1.0,"key":"SMITH"},{"data":"hexamod:Float","floor":6.0,"key":"SMITH"},{"data":"Neutralize","floor":12.0,"key":"SMITH"},{"data":"hexamod:TimeWarp","floor":18,"key":"SMITH"}],"circlet_count":0,"master_deck":["hexamod:Sear","hexamod:Float+1","hexamod:NecessarySacrifice+1","hexamod:Firestarter+1","hexamod:RadiantFlame","hexamod:NightmareGuise","hexamod:InspiringFlames","hexamod:NightmareStrike","All Out Attack","Neutralize+1","hexamod:StepThrough","hexamod:GhostLash","hexamod:TimeWarp+1","hexamod:GhostLash","hexamod:FifthSeal","hexamod:StepThrough+1","hexamod:GhostflameInferno+1","hexamod:SpectralAdrenaline+1","hexamod:SecondSeal","hexamod:VolcanoVisage","hexamod:NightmareStrike","hexamod:SpectersWail","hexamod:SixthSeal","hexamod:FlamesFromBeyond","hexamod:FirstSeal","hexamod:SpectersWail+1","hexamod:ThirdSeal","hexamod:UnleashSpirits"],"relics":["hexamod:SpiritBrand","Happy Flower","Pantograph","Astrolabe","Matryoshka"],"acts_visited":["Exordium","TheCity"],"potions_floor_usage":[22,23,25,25],"damage_taken":[{"damage":0.0,"enemies":"Cultist","floor":2.0,"turns":3.0},{"damage":3.0,"enemies":"Small Slimes","floor":3.0,"turns":3.0},{"damage":0.0,"enemies":"2 Louse","floor":5.0,"turns":3.0},{"damage":0.0,"enemies":"Large Slime","floor":8.0,"turns":3.0},{"damage":0.0,"enemies":"Lagavulin Event","floor":9.0,"turns":5.0},{"damage":6.0,"enemies":"Exordium Thugs","floor":11.0,"turns":3.0},{"damage":1.0,"enemies":"Red Slaver","floor":13.0,"turns":3.0},{"damage":3.0,"enemies":"Gremlin Gang","floor":14.0,"turns":3.0},{"damage":0.0,"enemies":"3 Louse","floor":15.0,"turns":2.0},{"damage":29.0,"enemies":"DF_ARCHETYPE_STREAMLINE","floor":16.0,"turns":8.0},{"damage":10,"enemies":"Chosen","floor":19,"turns":4},{"damage":0,"enemies":"Spheric Guardian","floor":21,"turns":2},{"damage":5,"enemies":"Chosen and Byrds","floor":22,"turns":4},{"damage":24,"enemies":"3 Cultists","floor":23,"turns":4},{"damage":11,"enemies":"Centurion and Healer","floor":25,"turns":5},{"damage":20,"enemies":"Snake Plant","floor":26,"turns":2}],"seed_played":"6684087164372099317","potions_obtained":[{"floor":3.0,"key":"FearPotion"},{"floor":9.0,"key":"GamblersBrew"},{"floor":15.0,"key":"Dexterity Potion"},{"floor":16.0,"key":"BlessingOfTheForge"},{"floor":21,"key":"CultistPotion"},{"floor":23,"key":"LiquidBronze"}],"is_trial":false,"path_per_floor":["R","M","M","?","M","R","T","M","?","?","M","R","M","M","M","B",null,"R","M","?","M","M","M","T","M","M"],"character_chosen":"THE_SPIRIT","items_purchased":[],"campfire_rested":0,"item_purchase_floors":[],"current_hp_per_floor":[70,70,67,67,67,67,67,67,67,67,61,61,60,57,57,41,70,70,60,60,60,55,31,31,20,0,0,0],"gold":473,"neow_bonus":"TRANSFORM_CARD","is_daily":false,"chose_seed":false,"campfire_upgraded":4,"win_rate":0.0,"timestamp":1613190007,"path_taken":["R","M","?","?","M","R","T","M","?","?","M","R","M","?","M","BOSS","R","M","?","M","M","M","T","M","?"],"items_purchased_type":[],"build_version":"2020-12-22","purchased_purges":0,"victory":false,"max_hp_per_floor":[70,70,70,70,70,70,70,70,70,70,70,70,70,70,70,70,70,70,70,70,70,70,70,70,70,70,70,70],"card_choices":[{"not_picked":["hexamod:AdvancingGuard","hexamod:GhostLash"],"picked":"hexamod:Firestarter","floor":2.0},{"not_picked":["hexamod:Incineration","hexamod:RainOfEmbers"],"picked":"hexamod:RadiantFlame","floor":3.0},{"not_picked":["hexamod:ThermalTransfer","hexamod:ShieldOfDarkness"],"picked":"hexamod:NightmareGuise","floor":5.0},{"not_picked":["hexamod:HeatMetal","hexamod:Incineration"],"picked":"hexamod:InspiringFlames","floor":8.0},{"not_picked":["hexamod:SpectralAdrenaline","hexamod:SwordOfDarkness"],"picked":"hexamod:NightmareStrike","floor":9.0},{"not_picked":["hexamod:SpectralAdrenaline","hexamod:Again"],"picked":"hexamod:StepThrough","floor":11.0},{"not_picked":["hexamod:NightmareGuise","hexamod:SecondSeal"],"picked":"hexamod:GhostLash","floor":13.0},{"not_picked":["hexamod:Again","hexamod:GhostShield"],"picked":"hexamod:TimeWarp","floor":14.0},{"not_picked":["hexamod:FourthSeal","hexamod:InspiringFlames"],"picked":"hexamod:GhostLash","floor":15.0},{"not_picked":["hexamod:GhostOfSpirePresent","hexamod:GhostflameInferno"],"picked":"hexamod:FifthSeal","floor":16.0},{"not_picked":["hexamod:ThirdSeal","hexamod:FourthSeal"],"picked":"hexamod:SecondSeal","floor":19},{"not_picked":["hexamod:SecondSeal","hexamod:GhostLash"],"picked":"hexamod:VolcanoVisage","floor":19},{"not_picked":["hexamod:ShieldOfDarkness","hexamod:Haunt"],"picked":"hexamod:SpectersWail","floor":21},{"not_picked":["hexamod:ThirdSeal","hexamod:FourthSeal"],"picked":"hexamod:SixthSeal","floor":22},{"not_picked":["hexamod:SwordOfDarkness","hexamod:Firestarter"],"picked":"hexamod:FlamesFromBeyond","floor":22},{"not_picked":["hexamod:SixthSeal","hexamod:SecondSeal"],"picked":"hexamod:FirstSeal","floor":23},{"not_picked":["hexamod:GhostOfSpireFuture+1","hexamod:ThermalTransfer"],"picked":"hexamod:SpectersWail+1","floor":23},{"not_picked":["hexamod:SecondSeal","hexamod:FirstSeal"],"picked":"hexamod:ThirdSeal","floor":25},{"not_picked":["hexamod:PowerFromBeyond","hexamod:Rewind"],"picked":"hexamod:UnleashSpirits","floor":25}],"player_experience":211983,"relics_obtained":[{"floor":7.0,"key":"Happy Flower"},{"floor":9.0,"key":"Pantograph"},{"floor":24,"key":"Matryoshka"}],"event_choices":[],"is_beta":false,"boss_relics":[{"not_picked":["aspiration:FutureDiary","Cursed Key"],"picked":"Astrolabe"}],"items_purged_floors":[],"is_endless":false,"potions_floor_spawned":[3,9,15,16,21,23],"killed_by":"Snake Plant","ascension_level":0}}