{"host":"n72bscdjmcbq86ho","time":1613223704,"event":{"mods":["2.2 Compatiblity","AchievementEnabler","Act Like it!","AlwaysNeverKeys","Aspiration","BaseMod","Better Altar","Better Note","Better Sensory Stone","Better Skull","Better Third Choice","BetterRewards","Block Reminder","Colored Map","Colored Powertips","Conspire","Curses Come First","Dark Map","DeckTracker","Defuse TimeMaze Blight","Energized Spire","GifTheSpireLib","Halation","Hermit","Highlight Path","Hubris","Infinite Spire","Marisa????????","Minty Spire (QoL Compilation)","Permanent Neow","Quick Restart","Rare Cards Sparkle","RatMod","Relic Filter","Relic Sorter","Relic Stats","Replay The Spire","Reworked Bosses","Shop Mod","Spikes Relics","StSLib","Stuff the Spire","SuperFastMode","The Blue Laboratory","The Sage","Uncapped","Unceasing Turn Reminder","UnlockEverythingMod","Waifu the Spire","egg"],"gold_per_floor":[109,209,209,209,88,99,110,110,123,123,123,140,140,150,175,128,128,128,128],"floor_reached":18,"language":"ENG","playtime":3539,"items_purged":[],"score":112,"play_id":"aeeef54a-8dca-4867-b59c-154ce2241d38","local_time":"20210214004144","is_ascension_mode":false,"campfire_choices":[{"data":"UpSweep","floor":8.0,"key":"SMITH"},{"data":"LuminesStrike","floor":10.0,"key":"SMITH"},{"floor":17,"key":"REST"}],"circlet_count":0,"master_deck":["Strike_MRS","Strike_MRS","Strike_MRS","Strike_MRS","Defend_MRS","Defend_MRS","Defend_MRS","Defend_MRS","MasterSpark","UpSweep+1","IllusionStar","EarthLightRay","SporeBomb","GrandCross","AsteroidBelt","LuminesStrike+1","Orbital","Acceleration","6A"],"relics":["MiniHakkero","Replay:PocketPolymizer","infinitespire:Golems Mask"],"acts_visited":["Exordium"],"potions_floor_usage":[],"damage_taken":[{"damage":12.0,"enemies":"conspire:RoseBush","floor":1.0,"turns":2.0},{"damage":6.0,"enemies":"Cultist","floor":6.0,"turns":3.0},{"damage":0.0,"enemies":"2 Louse","floor":7.0,"turns":2.0},{"damage":0.0,"enemies":"2 Fungi Beasts","floor":9.0,"turns":4.0},{"damage":12.0,"enemies":"Exordium Wildlife","floor":12.0,"turns":4.0},{"damage":4,"enemies":"Blue Slaver","floor":14,"turns":3},{"damage":26,"enemies":"Gremlin Nob","floor":15,"turns":4},{"damage":67,"enemies":"The Guardian","floor":18,"turns":7}],"seed_played":"-3083741368426013739","potions_obtained":[{"floor":6.0,"key":"blueLaboratory:EnragingPotion"},{"floor":12,"key":"blueLaboratory:LouseDecoction"}],"is_trial":false,"path_per_floor":["M","?","PTL","PTL","$","M","M","R","M","R","T","M","?","M","E","?","R","B"],"character_chosen":"MARISA","items_purchased":["EarthLightRay","SporeBomb"],"campfire_rested":1,"item_purchase_floors":[5,5],"current_hp_per_floor":[63,63,63,63,63,61,65,65,69,69,69,61,61,61,39,39,61,0,0],"gold":128,"neow_bonus":"","is_daily":false,"chose_seed":false,"campfire_upgraded":2,"win_rate":0.0,"timestamp":1613223704,"path_taken":["M","?","PTL","PTL","?","M","M","R","M","R","T","M","?","M","E","?","R","BOSS"],"items_purchased_type":["Card","Card"],"build_version":"2020-12-22","purchased_purges":0,"victory":false,"max_hp_per_floor":[75,75,75,75,75,75,75,75,75,75,75,75,75,75,75,75,75,75,75],"relic_stats":{"counters":[8,29],"obtain_stats":[{"Replay:PocketPolymizer":11,"Blue Candle":15,"infinitespire:Golems Mask":15,"MiniHakkero":0},{"Replay:PocketPolymizer":4,"Blue Candle":7,"infinitespire:Golems Mask":7,"MiniHakkero":0},{"Replay:PocketPolymizer":11,"Blue Candle":22,"infinitespire:Golems Mask":22,"MiniHakkero":0}]},"card_choices":[{"not_picked":["ChargeUpSpray","ChargingUp"],"picked":"IllusionStar","floor":1.0},{"not_picked":["ChargingUp","UnstableBomb"],"picked":"GrandCross","floor":6.0},{"not_picked":["Orbital","EventHorizon"],"picked":"AsteroidBelt","floor":7.0},{"not_picked":["PowerUp","NonDirectionalLaser"],"picked":"LuminesStrike","floor":9.0},{"not_picked":["GrandCross","OneTimeOff"],"picked":"Orbital","floor":12},{"not_picked":["StarBarrage","AsteroidBelt"],"picked":"Acceleration","floor":14},{"not_picked":["DarkMatter","IllusionStar"],"picked":"6A","floor":15}],"player_experience":0,"relics_obtained":[{"floor":11.0,"key":"Replay:PocketPolymizer"},{"floor":15,"key":"infinitespire:Golems Mask"}],"event_choices":[{"damage_healed":0.0,"max_hp_gain":0.0,"max_hp_loss":0.0,"gold_gain":100.0,"event_name":"Golden Shrine","player_choice":"Pray","floor":2.0,"gold_loss":0.0,"damage_taken":0.0},{"damage_healed":61,"gold_gain":0,"player_choice":"Leave","damage_taken":0,"max_hp_gain":0,"max_hp_loss":75,"event_name":"betterThird:BetterShining","floor":13,"gold_loss":0},{"damage_healed":0,"gold_gain":0,"player_choice":"Left","damage_taken":0,"max_hp_gain":0,"max_hp_loss":0,"event_name":"betterThird:BetterGoop","floor":16,"gold_loss":47}],"is_beta":false,"boss_relics":[],"items_purged_floors":[],"is_endless":false,"potions_floor_spawned":[6,12],"killed_by":"The Guardian","ascension_level":0}}