{"host":"f9ntswufr8mq3t4y","time":1613214249,"event":{"mods":["AchievementEnabler","BaseMod","Best Route Mod","Block Reminder","Colored Map","Colored Powertips","Curses Come First","DeckTracker","Displayed Cursed Tome","Highlight Path","Minty Spire (QoL Compilation)","Permanent Neow","Quick Restart","Slay-I","StSLib"],"gold_per_floor":[119,138,158,169,188,188,188,188,215,215,227,243,91,121,133,240,252,279,301,325,337,349,349],"floor_reached":22,"language":"ENG","playtime":1538,"items_purged":[],"score":247,"play_id":"dae8cb83-a4de-47dc-8c81-d73daea077c3","local_time":"20210213140409","is_ascension_mode":true,"campfire_choices":[{"data":"Mayhem","floor":6.0,"key":"SMITH"},{"floor":8.0,"key":"REST"},{"data":"Armaments","floor":10.0,"key":"SMITH"},{"floor":15,"key":"REST"}],"circlet_count":0,"master_deck":["Strike_R+1","Strike_R","Strike_R","Strike_R","Strike_R","Defend_R","Defend_R","Defend_R+1","Defend_R","Bash","Mayhem+1","True Grit","Dropkick","Clash","Armaments+1","Infernal Blade","Feel No Pain","Double Tap","Mayhem+1","Double Tap","Anger"],"relics":["Burning Blood","Blood Vial","DollysMirror","MawBank","Philosopher\u0027s Stone"],"acts_visited":["TheCity"],"potions_floor_usage":[18,18],"damage_taken":[{"damage":1.0,"enemies":"Cultist","floor":1.0,"turns":4.0},{"damage":0.0,"enemies":"Small Slimes","floor":2.0,"turns":3.0},{"damage":3.0,"enemies":"2 Louse","floor":3.0,"turns":4.0},{"damage":22.0,"enemies":"Exordium Thugs","floor":4.0,"turns":5.0},{"damage":16.0,"enemies":"2 Fungi Beasts","floor":5.0,"turns":5.0},{"damage":3,"enemies":"Blue Slaver","floor":11,"turns":2},{"damage":19,"enemies":"Exordium Wildlife","floor":12,"turns":5},{"damage":19,"enemies":"3 Sentries","floor":14,"turns":8},{"damage":38,"enemies":"The Guardian","floor":16,"turns":8},{"damage":0,"enemies":"3 Byrds","floor":18,"turns":6},{"damage":28,"enemies":"Spheric Guardian","floor":19,"turns":4},{"damage":39,"enemies":"3 Cultists","floor":20,"turns":6},{"damage":33,"enemies":"Snake Plant","floor":22,"turns":4}],"seed_played":"-843535490200448639","potions_obtained":[{"floor":2.0,"key":"HeartOfIron"},{"floor":5.0,"key":"HeartOfIron"},{"floor":11,"key":"FearPotion"},{"floor":14,"key":"Energy Potion"},{"floor":20,"key":"Ancient Potion"}],"is_trial":false,"path_per_floor":["M","M","M","M","M","R","?","R","T","R","M","M","$","E","R","B",null,"M","M","M","$","M"],"character_chosen":"IRONCLAD","items_purchased":["DollysMirror"],"campfire_rested":2,"item_purchase_floors":[13],"current_hp_per_floor":[56,62,65,49,39,39,23,47,47,47,52,41,41,30,54,24,66,74,54,23,23,0,0],"gold":349,"neow_bonus":"RANDOM_COLORLESS_2","is_daily":false,"chose_seed":false,"campfire_upgraded":2,"win_rate":0.0,"timestamp":1613214249,"path_taken":["M","M","M","M","M","R","?","R","T","R","M","M","$","E","R","BOSS","M","M","M","$","M"],"items_purchased_type":["Relic"],"build_version":"2020-12-22","purchased_purges":0,"victory":false,"max_hp_per_floor":[80,80,80,80,80,80,80,80,80,80,80,80,80,80,80,80,80,80,80,80,80,80,80],"card_choices":[{"not_picked":["Metamorphosis","The Bomb"],"picked":"Mayhem","floor":0.0},{"not_picked":["Clothesline","Warcry"],"picked":"True Grit","floor":1.0},{"not_picked":["Headbutt","Bloodletting"],"picked":"Dropkick","floor":2.0},{"not_picked":["Pommel Strike","Blood for Blood"],"picked":"Clash","floor":3.0},{"not_picked":["Second Wind","Shrug It Off"],"picked":"Armaments","floor":4.0},{"not_picked":["Twin Strike","Battle Trance"],"picked":"Infernal Blade","floor":5.0},{"not_picked":["Whirlwind","True Grit"],"picked":"Feel No Pain","floor":11},{"not_picked":["Headbutt","Twin Strike"],"picked":"Double Tap","floor":12},{"not_picked":["Headbutt","Intimidate","Combust"],"picked":"SKIP","floor":14},{"not_picked":["Corruption","Limit Break"],"picked":"Double Tap","floor":16},{"not_picked":["Havoc","Sever Soul"],"picked":"Anger","floor":18},{"not_picked":["Sword Boomerang+1","Havoc","Cleave"],"picked":"SKIP","floor":19},{"not_picked":["Iron Wave","Second Wind","Perfected Strike"],"picked":"SKIP","floor":20}],"player_experience":428867,"relics_obtained":[{"floor":9.0,"key":"Blood Vial"},{"floor":14,"key":"MawBank"}],"event_choices":[{"damage_healed":0.0,"max_hp_gain":0.0,"max_hp_loss":0.0,"gold_gain":0.0,"event_name":"Shining Light","player_choice":"Entered Light","floor":7.0,"gold_loss":0.0,"damage_taken":16.0,"cards_upgraded":["Strike_R","Defend_R"]}],"is_beta":false,"boss_relics":[{"not_picked":["Snecko Eye","Velvet Choker"],"picked":"Philosopher\u0027s Stone"}],"items_purged_floors":[],"is_endless":false,"potions_floor_spawned":[2,5,11,14,16,20],"killed_by":"Snake Plant","ascension_level":6}}