{"host":"ekyl8r8j8fco3zlk","time":1613239825,"event":{"mods":["Act Like it!","Arknights","BaseMod","CapriCore","Decade(Õı–°√˜)","Dota2Spire","Friendly Minions","Gensokyo","Marisa£®ÏF”Í°°ƒß¿Ì…≥£©","Minty Spire (QoL Compilation)","READ ME - Guardian Mod","Rare Cards Sparkle","Reimu£®≤©¿ˆ¡È√Œ£©","StSLib","The Alterego","The Immortal","The Jungle","The Senshi","TheWitcher","Waifu the Spire","WarShipGirlsR/’ΩΩ¢…Ÿ≈ÆR mod","Yakumo Yukari mod","°æ“≈ŒÔø®≈∆°øREMEMod"],"gold_per_floor":[118,133,133,93,193,193,223,223,223,236,248,276,292,306,306,401,401,415,431,443,457,467,467,487,487,487,487,487],"floor_reached":27,"language":"ZHS","playtime":993,"items_purged":[],"score":304,"play_id":"f6a71190-bd56-49e0-ba1f-0a0ebeeb62bf","local_time":"20210214021025","is_ascension_mode":false,"campfire_choices":[{"data":"alterego_mod:GoddessCore","floor":6,"key":"SMITH"},{"data":"alterego_mod:Swimsuit","floor":8,"key":"SMITH"},{"floor":15,"key":"REST"},{"data":"alterego_mod:AlterEgo","floor":23,"key":"SMITH"},{"floor":25,"key":"REST"}],"circlet_count":0,"master_deck":["alterego_mod:Strike","alterego_mod:Strike","alterego_mod:Strike","alterego_mod:Strike","alterego_mod:Defend","alterego_mod:Defend","alterego_mod:Defend","alterego_mod:Defend","alterego_mod:Impale","alterego_mod:BigMeatyClaws","alterego_mod:BrynhildrsRune","alterego_mod:Swimsuit","alterego_mod:Lift","alterego_mod:PurpleHair","alterego_mod:RocketPunch","alterego_mod:SakuraPetals","alterego_mod:GoddessCore+1","alterego_mod:Mirror","alterego_mod:Swimsuit+1","alterego_mod:Undulate","alterego_mod:Belle","alterego_mod:Punishment","alterego_mod:Bloomers","alterego_mod:AlterEgo+1","alterego_mod:Cycle+1","alterego_mod:DeftHands","alterego_mod:Crossover+1","alterego_mod:MagicResistance","alterego_mod:ClassAdvantage"],"relics":["alterego_mod:MasochisticConstitution","REME_ComplimentaryCards","PaintedHorse:ReiMu","Art of War","Eternal Feather","Dota2Spire:LotusOrb","RuthlessExorcism:ReiMu"],"acts_visited":["Exordium","TheCity"],"potions_floor_usage":[7,11,27,27,27],"damage_taken":[{"damage":0,"enemies":"2 Louse","floor":1,"turns":3},{"damage":0,"enemies":"Small Slimes","floor":2,"turns":3},{"damage":44,"enemies":"3 Sentries","floor":7,"turns":7},{"damage":15,"enemies":"ats:Genji","floor":10,"turns":3},{"damage":7,"enemies":"Gremlin Gang","floor":11,"turns":4},{"damage":2,"enemies":"Gremlin Nob","floor":12,"turns":3},{"damage":23,"enemies":"Exordium Thugs","floor":13,"turns":3},{"damage":0,"enemies":"Large Slime","floor":14,"turns":3},{"damage":5,"enemies":"The Guardian","floor":16,"turns":3},{"damage":26,"enemies":"3 Byrds","floor":18,"turns":3},{"damage":10,"enemies":"Chosen","floor":19,"turns":3},{"damage":2,"enemies":"Snecko","floor":20,"turns":3},{"damage":0,"enemies":"Sentry and Sphere","floor":21,"turns":4},{"damage":12,"enemies":"Centurion and Healer","floor":22,"turns":5},{"damage":68,"enemies":"3 Cultists","floor":24,"turns":6},{"damage":53,"enemies":"Slavers","floor":27,"turns":2}],"seed_played":"4494264739668360354","potions_obtained":[{"floor":1,"key":"ColorlessPotion"},{"floor":7,"key":"DistilledChaos"},{"floor":11,"key":"Ancient Potion"},{"floor":13,"key":"SpeedPotion"},{"floor":14,"key":"Dexterity Potion"},{"floor":19,"key":"ZuzhouPotion:ReiMu"},{"floor":22,"key":"Strength Potion"}],"is_trial":false,"path_per_floor":["M","M","?","?","?","R","E","R","T","M","M","E","M","M","R","B",null,"M","M","M","M","M","R","M","R","T","E"],"character_chosen":"The_Alterego","items_purchased":[],"campfire_rested":2,"item_purchase_floors":[],"current_hp_per_floor":[70,70,70,70,70,70,48,48,48,34,28,27,5,5,39,35,76,51,49,48,55,44,59,13,52,52,0,0],"gold":487,"neow_bonus":"THREE_CARDS","is_daily":false,"chose_seed":false,"campfire_upgraded":3,"win_rate":0.0,"timestamp":1613239825,"path_taken":["M","M","?","?","?","R","E","R","T","M","M","E","M","M","R","BOSS","M","M","M","M","M","R","M","R","T","E"],"items_purchased_type":[],"build_version":"2020-12-22","purchased_purges":0,"victory":false,"max_hp_per_floor":[70,70,70,70,70,70,71,71,71,72,73,74,75,75,75,76,76,77,78,79,79,80,80,81,81,81,81,81],"card_choices":[{"not_picked":["alterego_mod:Bunnysuit","alterego_mod:Exercise"],"picked":"alterego_mod:Swimsuit","floor":0},{"not_picked":["alterego_mod:Jiggle","alterego_mod:Clones"],"picked":"alterego_mod:PurpleHair","floor":1},{"not_picked":["alterego_mod:Mirror","alterego_mod:BoobPocket","alterego_mod:BreastValley"],"picked":"SKIP","floor":2},{"not_picked":["alterego_mod:Pet","alterego_mod:Table"],"picked":"alterego_mod:Undulate","floor":7},{"not_picked":["alterego_mod:Table","alterego_mod:Mirror"],"picked":"alterego_mod:Belle","floor":10},{"not_picked":["alterego_mod:BoobPocket","alterego_mod:PurpleHair","alterego_mod:Jiggle"],"picked":"SKIP","floor":11},{"not_picked":["alterego_mod:SakuraPetals","alterego_mod:DestructionOfProperty"],"picked":"alterego_mod:Punishment","floor":12},{"not_picked":["alterego_mod:DustData","alterego_mod:SakuraLabyrinth"],"picked":"alterego_mod:Bloomers","floor":13},{"not_picked":["alterego_mod:Lift","alterego_mod:Nekomimi","alterego_mod:Rip"],"picked":"SKIP","floor":14},{"not_picked":["alterego_mod:Weigh","alterego_mod:Antipathy"],"picked":"alterego_mod:AlterEgo","floor":16},{"not_picked":["alterego_mod:Maid","alterego_mod:Jiggle"],"picked":"alterego_mod:Cycle+1","floor":18},{"not_picked":["alterego_mod:Belle","alterego_mod:DiscoLights"],"picked":"alterego_mod:DeftHands","floor":19},{"not_picked":["alterego_mod:Maid","alterego_mod:GoddessCore"],"picked":"alterego_mod:Crossover+1","floor":20},{"not_picked":["alterego_mod:SakuraPetals","alterego_mod:DiscoLights","alterego_mod:Swimsuit"],"picked":"SKIP","floor":21},{"not_picked":["alterego_mod:DiscoLights","alterego_mod:Complex"],"picked":"alterego_mod:MagicResistance","floor":22},{"not_picked":["alterego_mod:HighServant","alterego_mod:Lingerie"],"picked":"alterego_mod:ClassAdvantage","floor":24}],"player_experience":616745,"relics_obtained":[{"floor":7,"key":"Art of War"},{"floor":9,"key":"Eternal Feather"},{"floor":12,"key":"Dota2Spire:LotusOrb"},{"floor":26,"key":"RuthlessExorcism:ReiMu"}],"event_choices":[{"damage_healed":0,"gold_gain":0,"player_choice":"»˚«Æ","damage_taken":0,"relics_obtained":["PaintedHorse:ReiMu"],"max_hp_gain":0,"max_hp_loss":0,"event_name":"yidonshenshe","floor":4,"gold_loss":40},{"damage_healed":0,"gold_gain":100,"player_choice":"Pray","damage_taken":0,"max_hp_gain":0,"max_hp_loss":0,"event_name":"Golden Shrine","floor":5,"gold_loss":0}],"is_beta":false,"boss_relics":[{"not_picked":["Runic Pyramid","Sozu","Velvet Choker"]}],"items_purged_floors":[],"is_endless":false,"potions_floor_spawned":[1,7,11,13,14,19,21,22],"killed_by":"Slavers","ascension_level":0}}