{"host":"5kirneupyg4uzd3w","time":1613223310,"event":{"mods":["BaseMod","Colored Map","Custom Start","Minty Spire (QoL Compilation)","StSLib","SuperFastMode"],"gold_per_floor":[115,125,125,140,152,152,182,182,182,27,60,8,8,22,22,96,96,107,120,120,133,151,151,151],"floor_reached":23,"language":"KOR","playtime":532,"items_purged":["Strike_R"],"score":406,"play_id":"dbb72106-6db0-4e4d-bf30-e06a854156dd","local_time":"20210213223510","is_ascension_mode":true,"campfire_choices":[{"data":"Anger","floor":6.0,"key":"SMITH"},{"floor":8.0,"key":"REST"},{"floor":13.0,"key":"REST"},{"data":"Whirlwind","floor":15,"key":"SMITH"}],"circlet_count":0,"master_deck":["AscendersBane","Bash","Shrug It Off","Whirlwind+1","Intimidate","Anger+1","Evolve","Feel No Pain","Pummel","Shrug It Off","Flex","Offering","Body Slam","Headbutt","Bludgeon","Armaments","Havoc","Demon Form+1","Havoc","Sword Boomerang","Metallicize+1","Offering"],"relics":["Burning Blood","Vajra","Bronze Scales","Frozen Egg 2","Pandora\u0027s Box","CultistMask"],"acts_visited":["Exordium","TheCity"],"potions_floor_usage":[16,23],"damage_taken":[{"damage":4.0,"enemies":"Small Slimes","floor":1.0,"turns":4.0},{"damage":4.0,"enemies":"Cultist","floor":2.0,"turns":4.0},{"damage":11.0,"enemies":"Jaw Worm","floor":4.0,"turns":6.0},{"damage":20.0,"enemies":"Gremlin Gang","floor":5.0,"turns":3.0},{"damage":47.0,"enemies":"3 Sentries","floor":7.0,"turns":10.0},{"damage":29.0,"enemies":"Gremlin Nob","floor":11.0,"turns":4.0},{"damage":3,"enemies":"Large Slime","floor":14,"turns":5},{"damage":14,"enemies":"Hexaghost","floor":16,"turns":8},{"damage":20,"enemies":"2 Thieves","floor":18,"turns":3},{"damage":6,"enemies":"Spheric Guardian","floor":19,"turns":3},{"damage":20,"enemies":"Snake Plant","floor":21,"turns":3},{"damage":29,"enemies":"Cultist and Chosen","floor":22,"turns":6},{"damage":20,"enemies":"Gremlin Leader","floor":23,"turns":2}],"seed_played":"-7388657659176244845","potions_obtained":[{"floor":2.0,"key":"CultistPotion"},{"floor":14,"key":"PowerPotion"},{"floor":21,"key":"Fire Potion"}],"is_trial":false,"path_per_floor":["M","M","?","M","M","R","E","R","T","$","E","$","R","M","R","B",null,"M","M","?","M","M","E"],"character_chosen":"IRONCLAD","items_purchased":["Feel No Pain","Shrug It Off"],"campfire_rested":2,"item_purchase_floors":[10,12],"current_hp_per_floor":[77,79,67,62,48,48,7,31,31,31,8,8,32,35,35,27,68,54,54,54,40,17,0,0],"gold":151,"neow_bonus":"TEN_PERCENT_HP_BONUS","is_daily":false,"chose_seed":false,"campfire_upgraded":2,"win_rate":0.0,"timestamp":1613223310,"path_taken":["M","M","?","?","M","R","E","R","T","$","E","$","R","M","R","BOSS","M","M","?","?","M","E"],"items_purchased_type":["Card","Card"],"build_version":"2020-12-22","purchased_purges":1,"victory":false,"max_hp_per_floor":[82,82,82,82,82,82,82,82,82,82,82,82,82,82,82,82,82,82,82,82,82,82,82,82],"card_choices":[{"not_picked":["Twin Strike","Disarm"],"picked":"Shrug It Off","floor":1.0},{"not_picked":["Reckless Charge","Rupture"],"picked":"Whirlwind","floor":2.0},{"not_picked":["Clash","Whirlwind"],"picked":"Intimidate","floor":4.0},{"not_picked":["Perfected Strike","Heavy Blade"],"picked":"Anger","floor":5.0},{"not_picked":["Warcry","Searing Blow"],"picked":"Evolve","floor":7.0},{"not_picked":["Thunderclap","Warcry"],"picked":"Pummel","floor":11.0},{"not_picked":["Pummel","Whirlwind"],"picked":"Flex","floor":14},{"not_picked":["Bludgeon","Impervious"],"picked":"Offering","floor":16},{"not_picked":["Reckless Charge","Clothesline","Warcry"],"picked":"SKIP","floor":18},{"not_picked":["Perfected Strike","Twin Strike+1"],"picked":"Metallicize+1","floor":19},{"not_picked":["Warcry","Flex+1","Uppercut"],"picked":"SKIP","floor":21},{"not_picked":["Pommel Strike","Disarm"],"picked":"Offering","floor":22}],"player_experience":323396,"relics_obtained":[{"floor":7.0,"key":"Vajra"},{"floor":9.0,"key":"Bronze Scales"},{"floor":11.0,"key":"Frozen Egg 2"}],"event_choices":[{"damage_healed":0.0,"max_hp_gain":0.0,"max_hp_loss":0.0,"gold_gain":0.0,"event_name":"Wheel of Change","player_choice":"Damaged","floor":3.0,"gold_loss":0.0,"damage_taken":12.0},{"damage_healed":0,"gold_gain":0,"player_choice":"Trade","damage_taken":0,"relics_obtained":["CultistMask"],"max_hp_gain":0,"max_hp_loss":0,"event_name":"FaceTrader","floor":20,"gold_loss":0}],"is_beta":false,"boss_relics":[{"not_picked":["Calling Bell","Ectoplasm"],"picked":"Pandora\u0027s Box"}],"items_purged_floors":[10],"is_endless":false,"potions_floor_spawned":[2,14,21],"killed_by":"Gremlin Leader","ascension_level":20}}