{"host":"1v3mnj67s3trvm6y","time":1613199358,"event":{"mods":["BaseMod","Challenge The Spire","Downfall","Minty Spire (QoL Compilation)","StSLib"],"gold_per_floor":[99,116,133,144,144,178,202,221,246,265,165,150,150,150,167,262,262,262,277,37,37,57,57,57,57],"floor_reached":23,"language":"ENG","playtime":1168,"items_purged":["champ:Defend"],"score":251,"play_id":"f537eef8-f3de-409b-8f1e-511fbf6b3115","local_time":"20210213155558","is_ascension_mode":false,"campfire_choices":[{"data":"champ:Taunt","floor":1,"key":"SMITH"},{"data":"champ:TripleStrike","floor":11,"key":"SMITH"},{"data":"champ:FaceSlap","floor":13,"key":"SMITH"},{"data":"champ:EndlessRage","floor":18,"key":"SMITH"}],"circlet_count":0,"master_deck":["champ:Strike","champ:Strike","champ:Strike","champ:Defend","champ:Defend","champ:Defend","champ:Execute","champ:Taunt+1","champ:RisingSlash","champ:RageSigil","champ:EnGarde","champ:TripleStrike+1","champ:FaceSlap+1","champ:AdrenalArmor","champ:Haymaker","champ:BerserkersShout","champ:EndlessRage+1","champ:TripleStrike","champ:PerfectedStrike","champ:StanceDance","champ:Improvising","champ:Lariat"],"relics":["champ:ChampionCrown","champ:LiftRelic","Dream Catcher","Omamori","downfall:HeartBlessingBlue","SlaversCollar","hexamod:CandleOfCauterizing"],"acts_visited":["Exordium","TheCity"],"potions_floor_usage":[6,6,19],"damage_taken":[{"damage":15,"enemies":"Small Slimes","floor":2,"turns":5},{"damage":11,"enemies":"Cultist","floor":3,"turns":4},{"damage":10,"enemies":"Jaw Worm","floor":4,"turns":2},{"damage":10,"enemies":"Gremlin Nob","floor":6,"turns":3},{"damage":30,"enemies":"Large Slime","floor":8,"turns":6},{"damage":23,"enemies":"3 Sentries","floor":9,"turns":6},{"damage":5,"enemies":"Red Slaver","floor":10,"turns":3},{"damage":45,"enemies":"downfall:FleeingMerchant","floor":12,"turns":4},{"damage":48,"enemies":"Exordium Wildlife","floor":15,"turns":4},{"damage":109,"enemies":"DF_ARCHETYPE_STREAMLINE","floor":16,"turns":10},{"damage":20,"enemies":"3 Byrds","floor":19,"turns":6},{"damage":65,"enemies":"downfall:FleeingMerchant","floor":20,"turns":4},{"damage":62,"enemies":"Snake Plant","floor":22,"turns":4},{"damage":57,"enemies":"Slavers","floor":23,"turns":2}],"seed_played":"-1782036695901523555","potions_obtained":[{"floor":3,"key":"DuplicationPotion"},{"floor":4,"key":"FearPotion"},{"floor":8,"key":"champ:OpenerPotion"},{"floor":10,"key":"hexamod:SoulburnPotion"},{"floor":15,"key":"Swift Potion"},{"floor":19,"key":"LiquidBronze"}],"is_trial":false,"path_per_floor":["R","M","M","M","?","E","T","M","E","M","R","$","R","?","M","B",null,"R","M","$","T","M","E"],"character_chosen":"THE_CHAMP","items_purchased":["champ:Improvising"],"campfire_rested":0,"item_purchase_floors":[20],"current_hp_per_floor":[99,94,93,93,93,93,93,83,70,65,75,75,75,75,57,8,109,109,104,99,99,57,0,0,0],"gold":57,"neow_bonus":"TEN_PERCENT_HP_BONUS","is_daily":false,"chose_seed":false,"campfire_upgraded":4,"win_rate":0.0,"timestamp":1613199358,"path_taken":["R","M","M","M","?","E","T","M","E","M","R","$","R","?","M","BOSS","R","M","$","?","M","E"],"items_purchased_type":["Card"],"build_version":"2020-12-22","purchased_purges":1,"victory":false,"max_hp_per_floor":[99,99,99,99,99,99,99,99,99,99,109,109,109,109,109,109,109,109,109,109,109,109,109,109,109],"card_choices":[{"not_picked":["champ:CrownThrow","champ:FlashCut"],"picked":"champ:RisingSlash","floor":2},{"not_picked":["champ:DefensiveShout","champ:PreciseThrust"],"picked":"champ:RageSigil","floor":3},{"not_picked":["champ:RisingSlash","champ:Haymaker"],"picked":"champ:EnGarde","floor":4},{"not_picked":["champ:SwordSigil","champ:FaceSlap"],"picked":"champ:TripleStrike","floor":6},{"not_picked":["champ:ShieldSigil","champ:FalseCounter","champ:PerfectedStrike"],"picked":"SKIP","floor":8},{"not_picked":["champ:SwordSigil","champ:Shatter"],"picked":"champ:FaceSlap","floor":9},{"not_picked":["champ:FocusedDefense","champ:Shatter"],"picked":"champ:AdrenalArmor","floor":10},{"not_picked":["champ:ShieldSlam","champ:ShieldSigil"],"picked":"champ:Haymaker","floor":12},{"not_picked":["champ:ShieldSigil","champ:PerfectedStrike"],"picked":"champ:EndlessRage","floor":15},{"not_picked":["champ:EnchantSword","champ:SwordThrow"],"picked":"champ:TripleStrike","floor":16},{"not_picked":["champ:RapidStrikes","champ:CrownThrow"],"picked":"champ:PerfectedStrike","floor":19},{"not_picked":["champ:Lariat","champ:Encircle"],"picked":"champ:StanceDance","floor":20},{"not_picked":["champ:ShieldSlam","champ:Haymaker"],"picked":"champ:Lariat","floor":22}],"player_experience":1786278,"relics_obtained":[{"floor":6,"key":"Dream Catcher"},{"floor":9,"key":"Omamori"},{"floor":21,"key":"hexamod:CandleOfCauterizing"}],"event_choices":[],"is_beta":false,"boss_relics":[{"not_picked":["Philosopher\u0027s Stone","Runic Dome"],"picked":"SlaversCollar"}],"items_purged_floors":[20],"is_endless":false,"potions_floor_spawned":[3,4,8,10,15,19],"killed_by":"Slavers","ascension_level":0}}