{"host":"kh6fvhxn285ncg0o","time":1613242109,"event":{"mods":["Act Like it!","BaseMod","Colored Map","Friendly Minions","Keyboard Shortcuts","Minty Spire (QoL Compilation)","Quick Restart","Relic Stats","StSLib","SuperFastMode","UnlockEverythingMod"],"gold_per_floor":[413,413,431,431,445,474,474,447,528,539,183,201,101,132,132,206,206,223,273,285,128,3,36,36,70,70,70,70],"floor_reached":27,"language":"KOR","playtime":687,"items_purged":["Strike_R","Strike_R","Strike_R"],"score":522,"play_id":"695f39a8-8c60-4999-a2ea-e6a865776fa9","local_time":"20210214034829","is_ascension_mode":true,"campfire_choices":[{"floor":7.0,"key":"REST"},{"data":"Armaments","floor":15.0,"key":"SMITH"},{"data":"Pommel Strike","floor":24.0,"key":"SMITH"}],"circlet_count":0,"master_deck":["AscendersBane","Strike_R","Strike_R","Defend_R","Defend_R","Defend_R","Defend_R","Bash","Armaments+1","Cleave","Body Slam","Evolve","Fire Breathing","Pommel Strike+1","Burning Pact","Double Tap","Rage"],"relics":["Burning Blood","Old Coin","Du-Vu Doll","MealTicket","HornCleat","Sundial","Eternal Feather","Coffee Dripper","Centennial Puzzle","Lizard Tail","Calipers","Singing Bowl"],"acts_visited":["Exordium","TheCity"],"potions_floor_usage":[25],"damage_taken":[{"damage":7.0,"enemies":"Cultist","floor":1.0,"turns":4.0},{"damage":2.0,"enemies":"2 Louse","floor":3.0,"turns":4.0},{"damage":6.0,"enemies":"Jaw Worm","floor":5.0,"turns":4.0},{"damage":52.0,"enemies":"Lagavulin","floor":6.0,"turns":6.0},{"damage":22.0,"enemies":"Exordium Thugs","floor":8.0,"turns":4.0},{"damage":2.0,"enemies":"2 Fungi Beasts","floor":10.0,"turns":4.0},{"damage":4.0,"enemies":"3 Louse","floor":12.0,"turns":6.0},{"damage":6.0,"enemies":"3 Sentries","floor":14.0,"turns":4.0},{"damage":8.0,"enemies":"The Guardian","floor":16.0,"turns":13.0},{"damage":31.0,"enemies":"Spheric Guardian","floor":18.0,"turns":6.0},{"damage":14.0,"enemies":"Shell Parasite","floor":20.0,"turns":6.0},{"damage":22.0,"enemies":"Slavers","floor":23.0,"turns":4.0},{"damage":32,"enemies":"Book of Stabbing","floor":25,"turns":5},{"damage":75,"enemies":"Gremlin Leader","floor":27,"turns":5}],"seed_played":"-6134750520762849919","potions_obtained":[{"floor":3.0,"key":"PowerPotion"},{"floor":6.0,"key":"ElixirPotion"},{"floor":12.0,"key":"BlessingOfTheForge"},{"floor":14.0,"key":"Weak Potion"},{"floor":23.0,"key":"Block Potion"},{"floor":25,"key":"FearPotion"}],"is_trial":false,"path_per_floor":["M","?","M","?","M","E","R","M","T","M","$","M","$","E","R","B",null,"M","?","M","$","$","E","R","E","T","E"],"character_chosen":"IRONCLAD","items_purchased":["Sundial","Centennial Puzzle"],"campfire_rested":1,"item_purchase_floors":[11,21],"current_hp_per_floor":[67,72,73,55,55,9,30,14,14,18,33,35,50,50,59,57,69,44,37,29,44,59,43,52,26,26,0,0],"gold":70,"neow_bonus":"ONE_RARE_RELIC","is_daily":false,"chose_seed":false,"campfire_upgraded":2,"win_rate":0.0,"timestamp":1613242109,"path_taken":["M","?","M","?","M","E","R","M","T","M","?","?","$","E","R","BOSS","M","?","M","?","$","E","R","E","T","E"],"items_purchased_type":["Relic","Relic"],"build_version":"2020-12-22","purchased_purges":3,"victory":false,"max_hp_per_floor":[68,73,73,73,73,73,73,73,73,73,73,73,73,73,73,73,73,73,73,73,73,73,73,73,73,73,73,73],"relic_stats":{"Centennial Puzzle":[9],"Lizard Tail":36,"Singing Bowl":0,"counters":[14,75],"Sundial":[30],"MealTicket":60,"Eternal Feather":18,"obtain_stats":[{"Du-Vu Doll":4,"Centennial Puzzle":21,"Lizard Tail":23,"HornCleat":9,"Calipers":25,"Singing Bowl":26,"Sundial":11,"MealTicket":6,"Eternal Feather":14,"Coffee Dripper":17,"Burning Blood":0,"Old Coin":0},{"Du-Vu Doll":2,"Centennial Puzzle":11,"Lizard Tail":12,"HornCleat":5,"Calipers":13,"Singing Bowl":13,"Sundial":6,"MealTicket":4,"Eternal Feather":8,"Coffee Dripper":9,"Burning Blood":0,"Old Coin":0},{"Du-Vu Doll":8,"Centennial Puzzle":61,"Lizard Tail":65,"HornCleat":22,"Calipers":70,"Singing Bowl":70,"Sundial":26,"MealTicket":18,"Eternal Feather":36,"Coffee Dripper":49,"Burning Blood":0,"Old Coin":0}],"Burning Blood":75},"card_choices":[{"not_picked":["True Grit","Sword Boomerang"],"picked":"Armaments","floor":1.0},{"not_picked":["Twin Strike","Entrench"],"picked":"Cleave","floor":3.0},{"not_picked":["Iron Wave","Reckless Charge"],"picked":"Body Slam","floor":5.0},{"not_picked":["Reckless Charge","Twin Strike"],"picked":"Evolve","floor":6.0},{"not_picked":["Cleave","Flame Barrier"],"picked":"Fire Breathing","floor":8.0},{"not_picked":["Sword Boomerang","Flex","Havoc"],"picked":"SKIP","floor":10.0},{"not_picked":["Flex","Iron Wave"],"picked":"Pommel Strike","floor":12.0},{"not_picked":["Anger","Wild Strike"],"picked":"Burning Pact","floor":14.0},{"not_picked":["Exhume","Juggernaut"],"picked":"Double Tap","floor":16.0},{"not_picked":["Cleave","Rupture","Thunderclap"],"picked":"SKIP","floor":18.0},{"not_picked":["Clash","Havoc","Flex"],"picked":"SKIP","floor":20.0},{"not_picked":["Anger","Clash","Havoc"],"picked":"SKIP","floor":23.0},{"not_picked":["Flex","Cleave"],"picked":"Rage","floor":25}],"player_experience":1385218,"relics_obtained":[{"floor":6.0,"key":"MealTicket"},{"floor":9.0,"key":"HornCleat"},{"floor":14.0,"key":"Eternal Feather"},{"floor":23.0,"key":"Lizard Tail"},{"floor":25,"key":"Calipers"},{"floor":26,"key":"Singing Bowl"}],"event_choices":[{"damage_healed":0.0,"max_hp_gain":5.0,"max_hp_loss":0.0,"gold_gain":0.0,"event_name":"Big Fish","player_choice":"Donut","floor":2.0,"gold_loss":0.0,"damage_taken":0.0},{"damage_healed":0.0,"max_hp_gain":0.0,"max_hp_loss":0.0,"gold_gain":0.0,"event_name":"Scrap Ooze","player_choice":"Success","floor":4.0,"gold_loss":0.0,"damage_taken":18.0,"relics_obtained":["Du-Vu Doll"]},{"damage_healed":0.0,"max_hp_gain":0.0,"max_hp_loss":0.0,"gold_gain":50.0,"event_name":"FaceTrader","player_choice":"Touch","floor":19.0,"gold_loss":0.0,"damage_taken":7.0}],"is_beta":false,"boss_relics":[{"not_picked":["Calling Bell","SacredBark"],"picked":"Coffee Dripper"}],"items_purged_floors":[11,13,22],"is_endless":false,"potions_floor_spawned":[3,6,12,14,23,25],"killed_by":"Gremlin Leader","ascension_level":20}}