{"host":"xb2tau8pgi8aflss","time":1613197840,"event":{"mods":["AchievementEnabler","BaseMod","Hermit","Minty Spire (QoL Compilation)","StSLib","SuperFastMode"],"gold_per_floor":[14,29,29,45,65,65,96,120,197,233,233,233,271,296,296,296,296],"floor_reached":16,"language":"KOR","playtime":665,"items_purged":[],"score":146,"play_id":"761186c1-e96a-479b-b7da-a8031305683e","local_time":"20210213153040","is_ascension_mode":true,"campfire_choices":[{"data":"hermit:GhostlyPresence","floor":6,"key":"SMITH"},{"data":"hermit:Brawl","floor":11,"key":"SMITH"},{"data":"hermit:GhostlyPresence","floor":15,"key":"SMITH"}],"circlet_count":0,"master_deck":["hermit:Strike_Hermit","hermit:Strike_Hermit","hermit:Strike_Hermit","hermit:Strike_Hermit","hermit:Defend_Hermit","hermit:Defend_Hermit","hermit:Defend_Hermit","hermit:Defend_Hermit","hermit:Snapshot","hermit:Covet","Master of Strategy","hermit:Brawl+1","hermit:Roulette","Injury","hermit:Quickdraw","hermit:GhostlyPresence+1","hermit:Glare","hermit:Cheat","hermit:HeroicBravado","hermit:GhostlyPresence+1","hermit:WideOpen"],"relics":["hermit:Momento","Golden Idol","Blood Vial","Mummified Hand","WingedGreaves","FaceOfCleric","Vajra"],"acts_visited":["Exordium"],"potions_floor_usage":[2,10,13,13],"damage_taken":[{"damage":2,"enemies":"Jaw Worm","floor":1,"turns":4},{"damage":2,"enemies":"Small Slimes","floor":2,"turns":3},{"damage":1,"enemies":"Cultist","floor":4,"turns":3},{"damage":5,"enemies":"Large Slime","floor":5,"turns":5},{"damage":8,"enemies":"Lagavulin","floor":7,"turns":7},{"damage":0,"enemies":"2 Fungi Beasts","floor":8,"turns":3},{"damage":31,"enemies":"3 Sentries","floor":10,"turns":6},{"damage":2,"enemies":"Gremlin Nob","floor":13,"turns":4},{"damage":2,"enemies":"Blue Slaver","floor":14,"turns":3},{"damage":38,"enemies":"Hexaghost","floor":16,"turns":9}],"seed_played":"-1402839715466415930","potions_obtained":[{"floor":1,"key":"Swift Potion"},{"floor":7,"key":"Fire Potion"},{"floor":8,"key":"ColorlessPotion"},{"floor":10,"key":"hermit:Tonic"}],"is_trial":false,"path_per_floor":["M","M","?","M","M","R","E","M","T","E","R","?","E","M","R","B"],"character_chosen":"HERMIT","items_purchased":[],"campfire_rested":0,"item_purchase_floors":[],"current_hp_per_floor":[73,71,71,70,65,65,57,59,59,30,30,30,31,32,32,0,0],"gold":296,"neow_bonus":"RANDOM_COLORLESS_2","is_daily":false,"chose_seed":false,"campfire_upgraded":3,"win_rate":0.0,"timestamp":1613197840,"path_taken":["M","M","?","M","M","R","E","M","T","E","R","?","E","M","R","BOSS"],"items_purchased_type":[],"build_version":"2020-12-22","purchased_purges":0,"victory":false,"max_hp_per_floor":[75,75,75,75,75,75,75,75,75,75,75,75,76,77,77,77,77],"card_choices":[{"not_picked":["Magnetism","Sadistic Nature"],"picked":"Master of Strategy","floor":0},{"not_picked":["hermit:Feint","hermit:Headshot"],"picked":"hermit:Brawl","floor":1},{"not_picked":["hermit:Cheat","hermit:TrackingShot"],"picked":"hermit:Roulette","floor":2},{"not_picked":["hermit:LowProfile","hermit:Ricochet"],"picked":"hermit:Quickdraw","floor":4},{"not_picked":["hermit:Quickdraw","hermit:Brawl"],"picked":"hermit:GhostlyPresence","floor":5},{"not_picked":["hermit:Gambit","hermit:FullyLoaded"],"picked":"hermit:Glare","floor":7},{"not_picked":["hermit:Ricochet","hermit:Quickdraw"],"picked":"hermit:Cheat","floor":8},{"not_picked":["hermit:Glare","hermit:CalledShot"],"picked":"hermit:HeroicBravado","floor":10},{"not_picked":["hermit:Coalescence","hermit:ItchyTrigger"],"picked":"hermit:GhostlyPresence","floor":13},{"not_picked":["hermit:Vantage","hermit:Quickdraw"],"picked":"hermit:WideOpen","floor":14}],"player_experience":830141,"relics_obtained":[{"floor":7,"key":"Blood Vial"},{"floor":9,"key":"Mummified Hand"},{"floor":10,"key":"WingedGreaves"},{"floor":13,"key":"Vajra"}],"event_choices":[{"damage_healed":0,"gold_gain":0,"player_choice":"Take Wound","damage_taken":0,"relics_obtained":["Golden Idol"],"max_hp_gain":0,"max_hp_loss":0,"event_name":"Golden Idol","floor":3,"gold_loss":0,"cards_obtained":["Injury"]},{"damage_healed":0,"gold_gain":0,"player_choice":"Trade","damage_taken":0,"relics_obtained":["FaceOfCleric"],"max_hp_gain":0,"max_hp_loss":0,"event_name":"FaceTrader","floor":12,"gold_loss":0}],"is_beta":false,"boss_relics":[],"items_purged_floors":[],"is_endless":false,"potions_floor_spawned":[1,7,8,10],"killed_by":"Hexaghost","ascension_level":4}}