{"host":"l4p18zw33fr8bdc3","time":1613232066,"event":{"mods":["AchievementEnabler","BaseMod","Bestiary","Block Reminder","Colored Map","Colored Powertips","Curses Come First","Minty Spire (QoL Compilation)","Quick Restart","Rare Cards Sparkle","StSLib"],"gold_per_floor":[109,122,132,145,157,192,37,71,71,71,98,98,109,139,139,237,237,248,262,64,79,178,206,206,236,307,307,342,356,367,378,378,473,473,493,99,112,131,146,146,158,55,102,134,148,168,180,140,140,140,140],"floor_reached":50,"language":"ENG","playtime":4340,"items_purged":["Strike_P","Strike_P","Strike_P"],"score":800,"play_id":"f94e3e4a-146e-4476-b1e2-9ff5d6d6d5a2","local_time":"20210213110106","is_ascension_mode":true,"campfire_choices":[{"floor":10.0,"key":"REST"},{"floor":12.0,"key":"RECALL"},{"floor":15.0,"key":"REST"},{"floor":24.0,"key":"REST"},{"floor":32.0,"key":"REST"},{"floor":40,"key":"REST"},{"floor":49,"key":"REST"}],"circlet_count":0,"master_deck":["Strike_P","Defend_P","Defend_P","Defend_P+1","Defend_P","Eruption","Vigilance","Indignation","Protect","BowlingBash","Perseverance","ConjureBlade","Weave","Tantrum","DeusExMachina","Sanctity","Vault","Consecrate","CutThroughFate+1","Fasting2+1","FearNoEvil","EmptyFist","MasterReality+1","TalkToTheHand","TalkToTheHand","Weave+1","Vengeance","DeceiveReality","EmptyBody","Devotion+1","FlurryOfBlows","EmptyMind","Nirvana+1","FlurryOfBlows+1","Wallop+1","CutThroughFate","Prostrate+1"],"relics":["Fusion Hammer","Happy Flower","Oddly Smooth Stone","Blood Vial","Bottled Flame","Frozen Egg 2","Smiling Mask","Philosopher\u0027s Stone","Eternal Feather","Lizard Tail","Damaru","VioletLotus","PreservedInsect","Whetstone","Regal Pillow"],"acts_visited":["Exordium","TheCity","TheBeyond"],"potions_floor_usage":[39],"damage_taken":[{"damage":6.0,"enemies":"Small Slimes","floor":1.0,"turns":4.0},{"damage":2.0,"enemies":"Jaw Worm","floor":2.0,"turns":4.0},{"damage":0.0,"enemies":"2 Louse","floor":3.0,"turns":2.0},{"damage":0.0,"enemies":"Exordium Thugs","floor":4.0,"turns":3.0},{"damage":8.0,"enemies":"Lots of Slimes","floor":5.0,"turns":4.0},{"damage":20.0,"enemies":"3 Sentries","floor":6.0,"turns":8.0},{"damage":0.0,"enemies":"Lagavulin","floor":8.0,"turns":5.0},{"damage":1.0,"enemies":"Gremlin Nob","floor":11.0,"turns":4.0},{"damage":5.0,"enemies":"Looter","floor":13.0,"turns":4.0},{"damage":0.0,"enemies":"Lagavulin","floor":14.0,"turns":4.0},{"damage":31.0,"enemies":"Slime Boss","floor":16.0,"turns":11.0},{"damage":0.0,"enemies":"3 Byrds","floor":18.0,"turns":5.0},{"damage":2.0,"enemies":"Chosen","floor":19.0,"turns":6.0},{"damage":1.0,"enemies":"Sentry and Sphere","floor":21.0,"turns":4.0},{"damage":19.0,"enemies":"Book of Stabbing","floor":23.0,"turns":5.0},{"damage":14.0,"enemies":"Gremlin Leader","floor":25.0,"turns":4.0},{"damage":5.0,"enemies":"Slavers","floor":28.0,"turns":5.0},{"damage":5.0,"enemies":"Centurion and Healer","floor":29.0,"turns":5.0},{"damage":2.0,"enemies":"Chosen and Byrds","floor":30.0,"turns":4.0},{"damage":18.0,"enemies":"Snecko","floor":31.0,"turns":4.0},{"damage":29.0,"enemies":"Collector","floor":33.0,"turns":9.0},{"damage":35.0,"enemies":"3 Darklings","floor":35.0,"turns":4.0},{"damage":13.0,"enemies":"Orb Walker","floor":37.0,"turns":3.0},{"damage":5.0,"enemies":"Maw","floor":38.0,"turns":7.0},{"damage":0,"enemies":"Transient","floor":39,"turns":6},{"damage":0,"enemies":"Jaw Worm Horde","floor":41,"turns":2},{"damage":5,"enemies":"Giant Head","floor":44,"turns":7},{"damage":37,"enemies":"4 Shapes","floor":45,"turns":4},{"damage":0,"enemies":"Transient","floor":46,"turns":6},{"damage":0,"enemies":"Sphere and 2 Shapes","floor":47,"turns":4},{"damage":181,"enemies":"Time Eater","floor":50,"turns":9}],"seed_played":"-1598285790887603068","potions_obtained":[{"floor":5.0,"key":"Strength Potion"},{"floor":6.0,"key":"EssenceOfSteel"},{"floor":8.0,"key":"Fire Potion"},{"floor":13.0,"key":"Weak Potion"},{"floor":14.0,"key":"Swift Potion"},{"floor":16.0,"key":"Block Potion"},{"floor":19.0,"key":"SteroidPotion"},{"floor":21.0,"key":"Fire Potion"},{"floor":25.0,"key":"ColorlessPotion"},{"floor":29.0,"key":"Energy Potion"},{"floor":33.0,"key":"FairyPotion"},{"floor":35.0,"key":"Ambrosia"},{"floor":45,"key":"SteroidPotion"},{"floor":47,"key":"Fire Potion"}],"is_trial":false,"path_per_floor":["M","M","M","M","M","E","$","E","T","R","E","R","M","E","R","B",null,"M","M","$","M","?","E","R","E","T","?","E","M","M","M","R","B",null,"M","$","M","M","M","R","M","$","T","E","M","M","M","?","R","B"],"character_chosen":"WATCHER","items_purchased":["Oddly Smooth Stone","Fasting2+1","FearNoEvil","Regen Potion","EmptyMind","PreservedInsect","Nirvana+1","CutThroughFate"],"campfire_rested":6,"item_purchase_floors":[7,20,20,36,36,36,36,42],"current_hp_per_floor":[66,64,64,64,56,36,36,36,36,57,58,58,55,57,72,41,64,66,66,66,67,67,50,72,58,58,58,55,52,52,36,72,43,65,32,32,30,27,29,71,72,72,72,67,32,34,36,36,72,0,0],"gold":140,"neow_bonus":"BOSS_RELIC","is_daily":false,"chose_seed":false,"campfire_upgraded":0,"win_rate":0.0,"timestamp":1613232066,"path_taken":["M","M","M","M","M","E","$","E","T","R","E","R","M","E","R","BOSS","M","M","$","M","?","E","R","E","T","?","E","M","M","M","R","BOSS","M","$","M","M","M","R","M","$","T","E","M","M","M","?","R","BOSS"],"items_purchased_type":["Relic","Card","Card","Potion","Card","Relic","Card","Card"],"build_version":"2020-12-22","purchased_purges":3,"victory":false,"max_hp_per_floor":[72,72,72,72,72,72,72,72,72,72,72,72,72,72,72,72,72,72,72,72,72,72,72,72,72,72,72,72,72,72,72,72,72,72,72,72,72,72,72,72,72,72,72,72,72,72,72,72,72,72,72],"card_choices":[{"not_picked":["Halt","JustLucky"],"picked":"Indignation","floor":1.0},{"not_picked":["SignatureMove","SandsOfTime"],"picked":"Protect","floor":2.0},{"not_picked":["JustLucky","CrushJoints"],"picked":"BowlingBash","floor":3.0},{"not_picked":["SandsOfTime","Study"],"picked":"Perseverance","floor":4.0},{"not_picked":["EmptyBody","Halt"],"picked":"ConjureBlade","floor":5.0},{"not_picked":["PathToVictory","MentalFortress"],"picked":"Weave","floor":6.0},{"not_picked":["Evaluate","Conclude","Halt"],"picked":"SKIP","floor":8.0},{"not_picked":["Protect","Prostrate"],"picked":"Tantrum","floor":11.0},{"not_picked":["JustLucky","ThirdEye"],"picked":"DeusExMachina","floor":13.0},{"not_picked":["Crescendo","PathToVictory"],"picked":"Sanctity","floor":14.0},{"not_picked":["Devotion+1","SpiritShield"],"picked":"Vault","floor":16.0},{"not_picked":["Tantrum","Halt+1"],"picked":"Consecrate","floor":18.0},{"not_picked":["SashWhip","InnerPeace"],"picked":"CutThroughFate","floor":19.0},{"not_picked":["BowlingBash","Worship"],"picked":"EmptyFist","floor":21.0},{"not_picked":["Prostrate","CutThroughFate"],"picked":"MasterReality+1","floor":23.0},{"not_picked":["CrushJoints","Perseverance"],"picked":"TalkToTheHand","floor":25.0},{"not_picked":["ClearTheMind","Perseverance"],"picked":"Weave","floor":28.0},{"not_picked":["ReachHeaven","Wallop"],"picked":"Vengeance","floor":29.0},{"not_picked":["Sanctity","Prostrate"],"picked":"DeceiveReality","floor":30.0},{"not_picked":["Worship+1","FollowUp"],"picked":"EmptyBody","floor":31.0},{"not_picked":["DeusExMachina","Ragnarok"],"picked":"Devotion+1","floor":33.0},{"not_picked":["EmptyBody+1","WindmillStrike+1"],"picked":"FlurryOfBlows","floor":35.0},{"not_picked":["ThirdEye","EmptyBody","Halt"],"picked":"SKIP","floor":37.0},{"not_picked":["Tantrum+1","Prostrate","FollowUp+1"],"picked":"SKIP","floor":38.0},{"not_picked":["JustLucky","Protect"],"picked":"FlurryOfBlows","floor":39},{"not_picked":["Nirvana+1","Evaluate+1"],"picked":"Wallop+1","floor":41},{"not_picked":["PathToVictory+1","Ragnarok","InnerPeace+1"],"picked":"SKIP","floor":44},{"not_picked":["FearNoEvil","WindmillStrike+1","ClearTheMind+1"],"picked":"SKIP","floor":45},{"not_picked":["ClearTheMind","EmptyBody+1"],"picked":"Prostrate+1","floor":46},{"not_picked":["WindmillStrike","Crescendo+1","ReachHeaven+1"],"picked":"SKIP","floor":47}],"player_experience":291959,"relics_obtained":[{"floor":6.0,"key":"Happy Flower"},{"floor":8.0,"key":"Blood Vial"},{"floor":9.0,"key":"Bottled Flame"},{"floor":11.0,"key":"Frozen Egg 2"},{"floor":14.0,"key":"Smiling Mask"},{"floor":23.0,"key":"Eternal Feather"},{"floor":25.0,"key":"Lizard Tail"},{"floor":28.0,"key":"Damaru"},{"floor":43,"key":"Whetstone"},{"floor":44,"key":"Regal Pillow"}],"event_choices":[{"damage_healed":0.0,"max_hp_gain":0.0,"max_hp_loss":0.0,"gold_gain":99.0,"event_name":"Nest","player_choice":"Stole From Cult","floor":22.0,"gold_loss":0.0,"damage_taken":0.0},{"damage_healed":0.0,"max_hp_gain":0.0,"max_hp_loss":0.0,"gold_gain":0.0,"event_name":"The Library","player_choice":"Read","floor":27.0,"gold_loss":0.0,"damage_taken":0.0,"cards_obtained":["TalkToTheHand"]},{"damage_healed":0,"gold_gain":0,"player_choice":"Upgraded Two","damage_taken":0,"max_hp_gain":0,"max_hp_loss":0,"event_name":"Designer","floor":48,"gold_loss":40,"cards_upgraded":["FlurryOfBlows","Defend_P"]}],"is_beta":false,"boss_relics":[{"not_picked":["Velvet Choker","SlaversCollar"],"picked":"Philosopher\u0027s Stone"},{"not_picked":["Empty Cage","Astrolabe"],"picked":"VioletLotus"}],"items_purged_floors":[20,36,42],"is_endless":false,"potions_floor_spawned":[5,6,8,13,14,16,19,21,25,29,33,35,45,47],"killed_by":"Time Eater","ascension_level":5}}