{"host":"9teu7m87l4miz299","time":1613236507,"event":{"mods":["BaseMod","Minty Spire (QoL Compilation)","Quick Restart","StSLib","Td1madao Mod","The Cursed","The Hierophant","The Poker Player","The Runesmith"],"gold_per_floor":[109,109,284,303,303,303,331,347,347,347,362,71,71,71,71,170,170,184,35,55,75,25,53,53,53,53,53,70,81,95,112,112,112,112],"floor_reached":33,"language":"KOR","playtime":3394,"items_purged":["Doubt"],"score":434,"play_id":"3df9192b-b670-426b-93d9-7febdac7d2bb","local_time":"20210214021507","is_ascension_mode":true,"campfire_choices":[{"floor":6,"key":"REST"},{"data":"Infinite Blades","floor":10,"key":"SMITH"},{"data":"Noxious Fumes","floor":13,"key":"SMITH"},{"data":"Adrenaline","floor":15,"key":"SMITH"},{"floor":25,"key":"REST"},{"floor":32,"key":"REST"}],"circlet_count":0,"master_deck":["Strike_G","Strike_G","Strike_G","Strike_G","Strike_G","Defend_G","Defend_G","Defend_G","Defend_G","Defend_G","Survivor","Neutralize","PiercingWail","Infinite Blades+1","Deflect","Acrobatics","Noxious Fumes+1","Adrenaline+1","Adrenaline","CurseOfTheBell","Catalyst+1","Dodge and Roll+1","Bane"],"relics":["Ring of the Snake","NeowsBlessing","Ninja Scroll","Letter Opener","Happy Flower","Snake Skull","Calling Bell","Pen Nib","Singing Bowl","CaptainsWheel","PreservedInsect","Bottled Lightning","Regal Pillow"],"acts_visited":["Exordium","TheCity"],"potions_floor_usage":[18,21,23,29,33],"damage_taken":[{"damage":0,"enemies":"Small Slimes","floor":1,"turns":1},{"damage":0,"enemies":"Jaw Worm","floor":4,"turns":1},{"damage":0,"enemies":"Gremlin Nob","floor":7,"turns":1},{"damage":0,"enemies":"Cultist","floor":8,"turns":3},{"damage":4,"enemies":"Gremlin Gang","floor":11,"turns":5},{"damage":13,"enemies":"The Guardian","floor":16,"turns":11},{"damage":2,"enemies":"2 Thieves","floor":18,"turns":4},{"damage":7,"enemies":"Spheric Guardian","floor":20,"turns":6},{"damage":12,"enemies":"Centurion and Healer","floor":21,"turns":5},{"damage":29,"enemies":"Gremlin Leader","floor":23,"turns":5},{"damage":6,"enemies":"Chosen and Byrds","floor":28,"turns":5},{"damage":18,"enemies":"Sentry and Sphere","floor":29,"turns":7},{"damage":0,"enemies":"Centurion and Healer","floor":30,"turns":5},{"damage":0,"enemies":"3 Cultists","floor":31,"turns":5},{"damage":59,"enemies":"Collector","floor":33,"turns":6}],"seed_played":"7764029880910410553","potions_obtained":[{"floor":4,"key":"LiquidMemories"},{"floor":11,"key":"Explosive Potion"},{"floor":18,"key":"PowerPotion"},{"floor":28,"key":"Weak Potion"},{"floor":30,"key":"LiquidBronze"}],"is_trial":false,"path_per_floor":["M","?","?","M","T","R","E","M","T","R","M","$","R","$","R","B",null,"M","$","M","M","$","E","?","R","T","?","M","M","M","M","R","B"],"character_chosen":"THE_SILENT","items_purchased":["Noxious Fumes","Adrenaline","PreservedInsect","Bane"],"campfire_rested":3,"item_purchase_floors":[12,12,19,22],"current_hp_per_floor":[63,38,38,38,38,59,59,59,59,59,55,55,55,55,55,42,63,61,61,54,44,44,15,2,25,25,25,21,5,7,9,49,0,0],"gold":112,"neow_bonus":"THREE_ENEMY_KILL","is_daily":false,"chose_seed":false,"campfire_upgraded":3,"win_rate":0.0,"timestamp":1613236507,"path_taken":["M","?","?","M","?","R","E","?","T","R","M","$","R","?","R","BOSS","M","$","M","?","?","E","?","R","T","?","M","M","?","M","R","BOSS"],"items_purchased_type":["Card","Card","Relic","Card"],"build_version":"2020-12-22","purchased_purges":1,"victory":false,"max_hp_per_floor":[70,70,70,70,70,70,70,70,70,70,70,70,70,70,70,70,70,70,70,70,72,72,72,77,77,77,77,79,81,83,85,85,85,85],"card_choices":[{"not_picked":["Acrobatics","Slice"],"picked":"PiercingWail","floor":1},{"not_picked":["Dodge and Roll","Underhanded Strike"],"picked":"Infinite Blades","floor":4},{"not_picked":["Bane","Night Terror"],"picked":"Deflect","floor":7},{"not_picked":["Skewer","Slice"],"picked":"Acrobatics","floor":8},{"not_picked":["Heel Hook","Backflip","Sucker Punch"],"picked":"SKIP","floor":11},{"not_picked":["Grand Finale","Phantasmal Killer"],"picked":"Adrenaline","floor":16},{"not_picked":["Dodge and Roll","Outmaneuver"],"picked":"Catalyst+1","floor":18},{"not_picked":["Deflect","PiercingWail"],"picked":"Dodge and Roll+1","floor":20},{"not_picked":["Slice","Predator","Quick Slash"],"picked":"Singing Bowl","floor":21},{"not_picked":["Setup","Leg Sweep","Acrobatics"],"picked":"SKIP","floor":23},{"not_picked":["Leg Sweep","Cloak And Dagger","Concentrate"],"picked":"Singing Bowl","floor":28},{"not_picked":["Sucker Punch","Poisoned Stab","PiercingWail"],"picked":"Singing Bowl","floor":29},{"not_picked":["Deadly Poison","Expertise","Malaise"],"picked":"Singing Bowl","floor":30},{"not_picked":["Predator","Cloak And Dagger","Backflip"],"picked":"Singing Bowl","floor":31}],"player_experience":1162002,"relics_obtained":[{"floor":5,"key":"Letter Opener"},{"floor":7,"key":"Happy Flower"},{"floor":9,"key":"Snake Skull"},{"floor":17,"key":"Pen Nib"},{"floor":17,"key":"Singing Bowl"},{"floor":17,"key":"CaptainsWheel"},{"floor":23,"key":"Bottled Lightning"},{"floor":26,"key":"Regal Pillow"}],"event_choices":[{"damage_healed":0,"gold_gain":0,"player_choice":"Success","damage_taken":25,"relics_obtained":["Ninja Scroll"],"max_hp_gain":0,"max_hp_loss":0,"event_name":"Scrap Ooze","floor":2,"gold_loss":0},{"damage_healed":0,"gold_gain":175,"player_choice":"AGREE","damage_taken":0,"max_hp_gain":0,"max_hp_loss":0,"event_name":"Liars Game","floor":3,"gold_loss":0,"cards_obtained":["Doubt"]},{"damage_healed":0,"gold_gain":0,"player_choice":"Shed Blood","damage_taken":18,"max_hp_gain":5,"max_hp_loss":0,"event_name":"Forgotten Altar","floor":24,"gold_loss":0},{"damage_healed":0,"gold_gain":0,"player_choice":"Ignored","damage_taken":0,"max_hp_gain":0,"max_hp_loss":0,"event_name":"Vampires","floor":27,"gold_loss":0}],"is_beta":false,"boss_relics":[{"not_picked":["Cursed Key","Coffee Dripper"],"picked":"Calling Bell"}],"items_purged_floors":[12],"is_endless":false,"potions_floor_spawned":[4,11,18,28,30],"killed_by":"Collector","ascension_level":8}}