{"host":"k919bq8mkuzdqhzi","time":1613176670,"event":{"mods":["AchievementEnabler","BaseMod","Colored Map","Colored Powertips","DeckTracker","Minty Spire (QoL Compilation)","Relic Sorter","SuperFastMode"],"gold_per_floor":[115,115,134,134,10,10,10,10,58,70,94,134,156,188,200,308,320,275,275,275,275,275,275,275,275,275,275,275,275,5,5,5,5,5,5,0,0,0,0,0,0,0,0,0,0,0,0,0,0,0,0],"floor_reached":50,"language":"ENG","playtime":2528,"items_purged":["Strike_B","Defend_B"],"score":617,"play_id":"581f0cbc-fe75-4620-96a4-96a66a41ea9f","local_time":"20210212193750","is_ascension_mode":false,"campfire_choices":[{"data":"Scrape","floor":6,"key":"SMITH"},{"data":"White Noise","floor":10,"key":"SMITH"},{"data":"Defragment","floor":15,"key":"SMITH"},{"data":"Go for the Eyes","floor":23,"key":"SMITH"},{"data":"Self Repair","floor":28,"key":"SMITH"},{"data":"All For One","floor":32,"key":"SMITH"},{"data":"Conserve Battery","floor":40,"key":"SMITH"},{"data":"Ball Lightning","floor":42,"key":"SMITH"},{"data":"Melter","floor":45,"key":"SMITH"},{"data":"Chaos","floor":49,"key":"SMITH"}],"circlet_count":0,"master_deck":["Defend_B","Defend_B","Defend_B","Zap+1","Dualcast+1","White Noise+1","Scrape+1","Defragment+1","Static Discharge","Chaos+1","Self Repair+1","All For One+1","Steam+1","Decay","Conserve Battery+1","Bite","Bite","Bite","Bite","Bite","Go for the Eyes+1","Coolheaded+1","Blizzard","Ball Lightning+1","Redo+1","Redo+1","Fission+1","Redo+1","Barrage+1","Good Instincts+1","Melter+1"],"relics":["Cracked Core","MawBank","InkBottle","Ectoplasm","Toxic Egg 2","Pen Nib","Sozu","Red Mask","PreservedInsect"],"acts_visited":["Exordium","TheCity","TheBeyond"],"potions_floor_usage":[12,16,16,16,22,33,33],"damage_taken":[{"damage":1,"enemies":"Jaw Worm","floor":1,"turns":3},{"damage":1,"enemies":"Cultist","floor":3,"turns":3},{"damage":0,"enemies":"Small Slimes","floor":11,"turns":3},{"damage":26,"enemies":"3 Sentries","floor":12,"turns":7},{"damage":0,"enemies":"2 Fungi Beasts","floor":13,"turns":2},{"damage":13,"enemies":"Exordium Wildlife","floor":14,"turns":3},{"damage":23,"enemies":"Hexaghost","floor":16,"turns":5},{"damage":20,"enemies":"2 Thieves","floor":18,"turns":3},{"damage":5,"enemies":"Chosen","floor":20,"turns":4},{"damage":35,"enemies":"3 Cultists","floor":22,"turns":6},{"damage":13,"enemies":"Cultist and Chosen","floor":24,"turns":6},{"damage":23,"enemies":"Centurion and Healer","floor":25,"turns":8},{"damage":18,"enemies":"3 Cultists","floor":27,"turns":5},{"damage":3,"enemies":"Sentry and Sphere","floor":29,"turns":4},{"damage":38,"enemies":"Champ","floor":33,"turns":9},{"damage":17,"enemies":"Orb Walker","floor":35,"turns":4},{"damage":25,"enemies":"3 Darklings","floor":37,"turns":5},{"damage":0,"enemies":"Transient","floor":44,"turns":5},{"damage":24,"enemies":"Spire Growth","floor":46,"turns":4},{"damage":61,"enemies":"Donu and Deca","floor":50,"turns":4}],"seed_played":"8554856419795062486","potions_obtained":[{"floor":3,"key":"Regen Potion"},{"floor":11,"key":"AttackPotion"},{"floor":12,"key":"Explosive Potion"},{"floor":18,"key":"ColorlessPotion"},{"floor":24,"key":"SpeedPotion"},{"floor":29,"key":"Dexterity Potion"}],"is_trial":false,"path_per_floor":["M","?","M","?","$","R","?","$","T","R","M","E","M","M","R","B",null,"M","?","M","?","M","R","M","M","T","M","R","M","$","$","R","B",null,"M","?","M","?","$","R","$","R","T","M","R","M","?","$","R","B"],"character_chosen":"DEFECT","items_purchased":["FearPotion","Pen Nib","Redo+1"],"campfire_rested":0,"item_purchase_floors":[5,30,30],"current_hp_per_floor":[74,74,73,73,73,73,73,73,73,73,73,59,59,46,46,30,75,62,62,64,52,36,36,52,52,52,51,51,52,52,52,52,40,52,49,49,43,43,43,43,43,43,43,52,52,48,48,48,48,0,0],"gold":0,"neow_bonus":"UPGRADE_CARD","is_daily":false,"chose_seed":false,"campfire_upgraded":10,"win_rate":0.0,"timestamp":1613176670,"path_taken":["M","?","?","?","$","R","?","?","T","R","M","E","M","M","R","BOSS","M","?","M","?","M","R","M","M","T","M","R","M","?","$","R","BOSS","M","?","M","?","$","R","$","R","T","M","R","M","?","$","R","BOSS"],"items_purchased_type":["Potion","Relic","Card"],"build_version":"2020-12-22","purchased_purges":2,"victory":false,"max_hp_per_floor":[75,75,75,75,75,75,75,75,75,75,75,75,75,75,75,75,75,75,75,75,52,52,52,52,52,52,52,52,52,52,52,52,52,52,52,52,52,52,52,52,52,52,52,52,52,52,52,52,52,52,52],"card_choices":[{"not_picked":["Sweeping Beam","Barrage"],"picked":"White Noise","floor":1},{"not_picked":["Rip and Tear","Doom and Gloom"],"picked":"Scrape","floor":3},{"not_picked":["Turbo","Doom and Gloom"],"picked":"Defragment","floor":11},{"not_picked":["Chaos","Scrape"],"picked":"Static Discharge","floor":12},{"not_picked":["Hologram","Force Field"],"picked":"Chaos","floor":13},{"not_picked":["Conserve Battery","Ball Lightning"],"picked":"Self Repair","floor":14},{"not_picked":["Creative AI","Fission"],"picked":"All For One","floor":16},{"not_picked":["Sunder","Leap"],"picked":"Steam+1","floor":18},{"not_picked":["Doom and Gloom","Redo"],"picked":"Conserve Battery","floor":20},{"not_picked":["Redo","Recycle+1"],"picked":"Go for the Eyes","floor":22},{"not_picked":["Skim+1","Heatsinks"],"picked":"Coolheaded+1","floor":24},{"not_picked":["Double Energy","Skim+1"],"picked":"Blizzard","floor":25},{"not_picked":["Skim+1","Sunder"],"picked":"Ball Lightning","floor":27},{"not_picked":["Rebound+1","Streamline+1"],"picked":"Redo+1","floor":29},{"not_picked":["Meteor Strike","Reboot+1"],"picked":"Fission+1","floor":33},{"not_picked":["Cold Snap","Turbo+1"],"picked":"Redo+1","floor":35},{"not_picked":["Turbo+1","Gash+1"],"picked":"Barrage+1","floor":37},{"not_picked":["Purity+1","Finesse+1"],"picked":"Good Instincts+1","floor":38},{"not_picked":["Coolheaded+1","Hologram+1"],"picked":"Melter","floor":44},{"not_picked":["Go for the Eyes+1","Redo+1","Amplify+1"],"picked":"SKIP","floor":46}],"player_experience":145713,"relics_obtained":[{"floor":9,"key":"MawBank"},{"floor":12,"key":"InkBottle"},{"floor":26,"key":"Toxic Egg 2"},{"floor":43,"key":"PreservedInsect"}],"event_choices":[{"damage_healed":0,"gold_gain":0,"player_choice":"Forge","damage_taken":0,"max_hp_gain":0,"max_hp_loss":0,"event_name":"Accursed Blacksmith","floor":2,"gold_loss":0,"cards_upgraded":["Dualcast"]},{"damage_healed":0,"gold_gain":0,"player_choice":"Fled","damage_taken":0,"max_hp_gain":0,"max_hp_loss":0,"event_name":"Scrap Ooze","floor":4,"gold_loss":0},{"damage_healed":0,"gold_gain":0,"player_choice":"Ignored","damage_taken":0,"max_hp_gain":0,"max_hp_loss":0,"event_name":"Liars Game","floor":7,"gold_loss":0},{"damage_healed":0,"gold_gain":0,"player_choice":"Smashed Altar","damage_taken":0,"max_hp_gain":0,"max_hp_loss":0,"event_name":"Forgotten Altar","floor":19,"gold_loss":0,"cards_obtained":["Decay"]},{"damage_healed":0,"gold_gain":0,"player_choice":"Became a vampire","damage_taken":0,"max_hp_gain":0,"max_hp_loss":23,"event_name":"Vampires","floor":21,"gold_loss":0,"cards_obtained":["Bite","Bite","Bite","Bite","Bite"]},{"damage_healed":0,"gold_gain":0,"player_choice":"Paid","damage_taken":0,"relics_obtained":["Red Mask"],"max_hp_gain":0,"max_hp_loss":0,"event_name":"Tomb of Lord Red Mask","floor":36,"gold_loss":5},{"damage_healed":0,"gold_gain":0,"player_choice":"Memory 1","damage_taken":0,"max_hp_gain":0,"max_hp_loss":0,"event_name":"SensoryStone","floor":38,"gold_loss":0},{"damage_healed":0,"gold_gain":0,"player_choice":"Ignored","damage_taken":0,"max_hp_gain":0,"max_hp_loss":0,"event_name":"SecretPortal","floor":47,"gold_loss":0}],"is_beta":false,"boss_relics":[{"not_picked":["Coffee Dripper","Calling Bell"],"picked":"Ectoplasm"},{"not_picked":["Inserter","Fusion Hammer"],"picked":"Sozu"}],"items_purged_floors":[5,30],"is_endless":false,"potions_floor_spawned":[3,11,12,18,24,29,37,46],"killed_by":"Donu and Deca","ascension_level":0}}