{"host":"tetk82fuf8thwxol","time":1613188547,"event":{"mods":["AchievementEnabler","BaseMod","BetterRewards","GifTheSpireLib","Hermit","Minty Spire (QoL Compilation)","Permanent Neow","Quick Restart","Shop Mod","Spicy Shops","StSLib","The Bug Knight","The Cursed","The Runesmith"],"gold_per_floor":[118,137,150,150,9,9,9,34,108,124,124,143,163,177,177,282,282,292,311,311,311,107,136,136,167,167,184,204,232,4,37,37,136,136,155,31,46,99,99,130,130,352,352,399,424,424,435,453,453,453],"floor_reached":51,"language":"ENG","playtime":1742,"items_purged":["Strike_B","Strike_B","Dualcast","Zap","Strike_B","Defend_B","Writhe"],"score":1582,"play_id":"3a23cafd-78cb-4db9-90ea-dff0404a81a7","local_time":"20210212215547","is_ascension_mode":true,"campfire_choices":[{"data":"Scrape","floor":6,"key":"SMITH"},{"floor":11,"key":"REST"},{"data":"Genetic Algorithm","floor":15,"key":"SMITH"},{"floor":24,"key":"REST"},{"floor":32,"key":"REST"},{"floor":41,"key":"REST"},{"data":"FTL","floor":49,"key":"SMITH"}],"circlet_count":0,"master_deck":["AscendersBane","Defend_B","Defend_B","Scrape+1","Beam Cell","Gash","FTL","Gash","Genetic Algorithm+1","FTL+1","Sweeping Beam","Gash+1"],"relics":["FrozenCore","Membership Card","Shuriken","Juzu Bracelet","HollowMod:StagPassRelic","Busted Crown","Symbiotic Virus","Boot","Darkstone Periapt","Toy Ornithopter","Pear","Cables","Kunai","Akabeko","Lantern","Red Mask","Molten Egg 2","Emotion Chip","Bronze Scales","HollowMod:LifeEnderRelic","Vajra","Pocketwatch"],"acts_visited":["Exordium","TheCity","TheBeyond"],"potions_floor_usage":[16,16,25,25,33,38,50,50],"damage_taken":[{"damage":3,"enemies":"Small Slimes","floor":1,"turns":2},{"damage":1,"enemies":"2 Louse","floor":2,"turns":2},{"damage":0,"enemies":"Cultist","floor":3,"turns":2},{"damage":15,"enemies":"Lagavulin","floor":8,"turns":3},{"damage":0,"enemies":"Looter","floor":10,"turns":1},{"damage":1,"enemies":"Blue Slaver","floor":12,"turns":2},{"damage":0,"enemies":"2 Fungi Beasts","floor":13,"turns":2},{"damage":0,"enemies":"Large Slime","floor":14,"turns":3},{"damage":26,"enemies":"Hexaghost","floor":16,"turns":4},{"damage":0,"enemies":"Spheric Guardian","floor":18,"turns":2},{"damage":7,"enemies":"Shell Parasite","floor":19,"turns":2},{"damage":15,"enemies":"Slavers","floor":23,"turns":2},{"damage":4,"enemies":"Book of Stabbing","floor":25,"turns":3},{"damage":10,"enemies":"Snecko","floor":27,"turns":3},{"damage":10,"enemies":"Shelled Parasite and Fungi","floor":28,"turns":2},{"damage":0,"enemies":"Gremlin Leader","floor":29,"turns":4},{"damage":0,"enemies":"Masked Bandits","floor":31,"turns":2},{"damage":8,"enemies":"Automaton","floor":33,"turns":4},{"damage":0,"enemies":"3 Shapes","floor":35,"turns":2},{"damage":10,"enemies":"3 Darklings","floor":37,"turns":3},{"damage":23,"enemies":"2 Orb Walkers","floor":38,"turns":4},{"damage":1,"enemies":"Giant Head","floor":40,"turns":4},{"damage":2,"enemies":"HollowMod:StalkingDevout","floor":45,"turns":3},{"damage":6,"enemies":"Sphere and 2 Shapes","floor":47,"turns":3},{"damage":0,"enemies":"Jaw Worm Horde","floor":48,"turns":2},{"damage":19,"enemies":"Awakened One","floor":50,"turns":5}],"seed_played":"1547652850487370117","potions_obtained":[{"floor":1,"key":"Swift Potion"},{"floor":2,"key":"Weak Potion"},{"floor":13,"key":"Fire Potion"},{"floor":16,"key":"Strength Potion"},{"floor":23,"key":"SpeedPotion"},{"floor":25,"key":"Energy Potion"},{"floor":28,"key":"PotionOfCapacity"},{"floor":31,"key":"DistilledChaos"},{"floor":35,"key":"SteroidPotion"},{"floor":45,"key":"DistilledChaos"},{"floor":48,"key":"SteroidPotion"}],"is_trial":false,"path_per_floor":["M","M","M","?","$","R","?","E","T","M","R","M","M","M","R","B",null,"M","M","?","?","$","E","R","E","T","M","M","E","$","?","R","B",null,"M","$","M","?","?","E","R","?","T","T","E","?","M","M","R","B",null],"character_chosen":"DEFECT","items_purchased":["Scrape","Beam Cell","Gash","Membership Card","FTL","Gash","Shuriken","FTL","Gash","Boot","Kunai","Akabeko","Lantern","Molten Egg 2"],"campfire_rested":4,"item_purchase_floors":[0,0,0,0,0,0,5,5,22,22,30,30,30,36],"current_hp_per_floor":[65,64,64,57,57,57,57,42,42,42,64,63,63,63,63,37,66,66,59,59,59,59,44,66,62,72,62,52,52,52,52,77,74,82,82,82,72,54,54,53,78,78,78,78,76,76,70,70,70,61],"gold":453,"neow_bonus":"","is_daily":false,"chose_seed":false,"campfire_upgraded":3,"win_rate":0.0,"timestamp":1613188547,"path_taken":["M","M","M","?","$","R","?","E","T","M","R","M","M","M","R","BOSS","M","M","?","?","$","E","R","E","T","M","M","E","$","?","R","BOSS","M","$","M","?","?","E","R","?","T","?","E","?","M","M","R","BOSS"],"items_purchased_type":["Card","Card","Card","Relic","Card","Card","Relic","Card","Card","Relic","Relic","Relic","Relic","Relic"],"build_version":"2020-12-22","purchased_purges":7,"victory":true,"max_hp_per_floor":[75,75,75,75,75,75,75,75,75,75,75,75,75,75,75,75,75,75,75,75,75,75,75,75,75,85,85,85,85,85,85,85,85,85,85,85,85,85,85,85,85,85,85,85,85,81,81,81,81,81],"card_choices":[{"not_picked":["Steam Power","Auto Shields"],"picked":"Genetic Algorithm","floor":1},{"not_picked":["Fusion","Coolheaded","Auto Shields"],"picked":"SKIP","floor":2},{"not_picked":["Cold Snap","Hologram","Compile Driver"],"picked":"SKIP","floor":3},{"not_picked":["Hologram","Turbo","Thunder Strike"],"picked":"SKIP","floor":8},{"not_picked":["Steam","Glacier"],"picked":"Sweeping Beam","floor":10},{"not_picked":["Lockon","Loop","White Noise"],"picked":"SKIP","floor":12},{"not_picked":["Cold Snap","Hologram","Stack"],"picked":"SKIP","floor":13},{"not_picked":["Force Field","Stack","Auto Shields"],"picked":"SKIP","floor":14},{"not_picked":["Streamline"],"picked":"SKIP","floor":18},{"not_picked":["Steam Power"],"picked":"SKIP","floor":19},{"not_picked":["Hologram+1"],"picked":"SKIP","floor":23},{"not_picked":["Meteor Strike"],"picked":"SKIP","floor":25},{"not_picked":["Steam Power+1"],"picked":"SKIP","floor":27},{"not_picked":["Rip and Tear"],"picked":"SKIP","floor":28},{"not_picked":["Redo"],"picked":"SKIP","floor":29},{"not_picked":["Tempest+1"],"picked":"SKIP","floor":35},{"not_picked":["Turbo"],"picked":"SKIP","floor":37},{"not_picked":["Streamline+1"],"picked":"SKIP","floor":40},{"not_picked":["Skim"],"picked":"SKIP","floor":45},{"not_picked":["Redo+1"],"picked":"SKIP","floor":47},{"not_picked":["Ball Lightning+1"],"picked":"SKIP","floor":48}],"player_experience":207830,"relics_obtained":[{"floor":8,"key":"Juzu Bracelet"},{"floor":9,"key":"HollowMod:StagPassRelic"},{"floor":23,"key":"Darkstone Periapt"},{"floor":25,"key":"Toy Ornithopter"},{"floor":26,"key":"Pear"},{"floor":29,"key":"Cables"},{"floor":31,"key":"Red Mask"},{"floor":38,"key":"Emotion Chip"},{"floor":40,"key":"Bronze Scales"},{"floor":43,"key":"HollowMod:LifeEnderRelic"},{"floor":44,"key":"Vajra"},{"floor":45,"key":"Pocketwatch"}],"event_choices":[{"cards_removed":["Defend_B"],"damage_healed":0,"gold_gain":0,"player_choice":"Card Removal","damage_taken":7,"max_hp_gain":0,"max_hp_loss":0,"event_name":"Golden Wing","floor":4,"gold_loss":0},{"damage_healed":0,"gold_gain":0,"player_choice":"0 cards matched","damage_taken":0,"max_hp_gain":0,"max_hp_loss":0,"event_name":"Match and Keep!","floor":7,"gold_loss":0,"cards_obtained":[]},{"damage_healed":0,"gold_gain":0,"player_choice":"Ignored","damage_taken":0,"max_hp_gain":0,"max_hp_loss":0,"event_name":"Ghosts","floor":20,"gold_loss":0},{"damage_healed":0,"gold_gain":0,"player_choice":"Opened","damage_taken":0,"relics_obtained":["Symbiotic Virus"],"max_hp_gain":0,"max_hp_loss":0,"event_name":"The Mausoleum","floor":21,"gold_loss":0,"cards_obtained":["Writhe"]},{"damage_healed":0,"gold_gain":0,"player_choice":"Fought Bandits","damage_taken":0,"max_hp_gain":0,"max_hp_loss":0,"event_name":"Masked Bandits","floor":31,"gold_loss":0},{"damage_healed":0,"gold_gain":0,"player_choice":"Fight","damage_taken":0,"max_hp_gain":0,"max_hp_loss":0,"event_name":"Mysterious Sphere","floor":38,"gold_loss":0},{"cards_removed":["Strike_B"],"damage_healed":0,"gold_gain":0,"player_choice":"Removed Attack","damage_taken":0,"max_hp_gain":0,"max_hp_loss":0,"event_name":"Falling","floor":39,"gold_loss":0},{"damage_healed":0,"gold_gain":222,"player_choice":"Wore Mask","damage_taken":0,"max_hp_gain":0,"max_hp_loss":0,"event_name":"Tomb of Lord Red Mask","floor":42,"gold_loss":0},{"damage_healed":0,"gold_gain":0,"player_choice":"Max HP","damage_taken":0,"max_hp_gain":0,"max_hp_loss":4,"event_name":"Winding Halls","floor":46,"gold_loss":0}],"is_beta":false,"boss_relics":[{"not_picked":["Tiny House","Empty Cage"],"picked":"Busted Crown"},{"not_picked":["Calling Bell","Astrolabe"],"picked":"FrozenCore"}],"items_purged_floors":[0,0,0,0,0,0,22],"is_endless":false,"potions_floor_spawned":[1,2,13,14,16,23,25,28,31,35,45,48],"ascension_level":11}}