{"host":"sc0o2qwpf9j16a4i","time":1613219854,"event":{"mods":["AchievementEnabler","BaseMod","BetterRewards","Block Reminder","Colored Map","Colored Powertips","Custom Start","Highlight Path","Minty Spire (QoL Compilation)","Relic Stats"],"gold_per_floor":[116,22,40,40,56,56,100,100,100,143,143,186,186,221,221,347,347,362,378,378,397,416,450,450,522,596,621,35,35,68,17,17,145,145,190,33,0,40,40,84,98,131,131,131,25,88,113,178,178,178],"floor_reached":51,"language":"ENG","playtime":2018,"items_purged":[],"score":1099,"play_id":"24748c55-8e7f-433d-81a1-1156383cb1d2","local_time":"20210213143734","daily_mods":["Heirloom","Colorless Cards","DeadlyEvents"],"is_ascension_mode":false,"campfire_choices":[{"data":"Neutralize","floor":6.0,"key":"SMITH"},{"data":"Deadly Poison","floor":11.0,"key":"SMITH"},{"data":"Footwork","floor":13.0,"key":"SMITH"},{"data":"Deadly Poison","floor":15.0,"key":"SMITH"},{"floor":29,"key":"REST"},{"data":"PiercingWail","floor":32,"key":"SMITH"},{"data":"Adrenaline","floor":44,"key":"SMITH"},{"data":"Burst","floor":49,"key":"SMITH"}],"circlet_count":0,"master_deck":["Survivor","Neutralize+1","Deadly Poison+1","Footwork+1","Flying Knee","Caltrops","Injury","Dagger Throw","Blade Dance","Dagger Throw","Flying Knee","Deadly Poison+1","PiercingWail+1","Footwork+1","Sadistic Nature+1","PiercingWail","PiercingWail","Noxious Fumes+1","Sadistic Nature+1","Well Laid Plans+1","Madness+1","Adrenaline+1","Die Die Die","Forethought","Slice","Mind Blast","Burst+1","HandOfGreed","Dodge and Roll","Endless Agony","Sadistic Nature+1","Envenom+1","PiercingWail+1","Acrobatics+1","Catalyst+1","Panacea+1","Bane","Dagger Spray","Dodge and Roll","Terror+1","Flechettes+1","Trip"],"relics":["Ring of the Serpent","Gambling Chip","Golden Idol","Tiny Chest","Frozen Egg 2","FossilizedHelix","Blood Vial","Strawberry","Happy Flower","Pantograph","Letter Opener","PreservedInsect","Eternal Feather","DollysMirror","Blue Candle","Pandora\u0027s Box","Snake Skull","Red Mask","Meat on the Bone","Centennial Puzzle","White Beast Statue","Ninja Scroll","Pocketwatch","Tough Bandages"],"acts_visited":["Exordium","TheCity","TheBeyond"],"potions_floor_usage":[23,23,27,33,48,50,50],"damage_taken":[{"damage":0.0,"enemies":"Cultist","floor":1.0,"turns":3.0},{"damage":0.0,"enemies":"2 Louse","floor":3.0,"turns":3.0},{"damage":0.0,"enemies":"Small Slimes","floor":5.0,"turns":4.0},{"damage":5.0,"enemies":"3 Sentries","floor":7.0,"turns":10.0},{"damage":26.0,"enemies":"Gremlin Nob","floor":10.0,"turns":4.0},{"damage":0.0,"enemies":"Lagavulin","floor":12.0,"turns":6.0},{"damage":0.0,"enemies":"Gremlin Nob","floor":14.0,"turns":4.0},{"damage":2.0,"enemies":"Hexaghost","floor":16.0,"turns":8.0},{"damage":13.0,"enemies":"Spheric Guardian","floor":18.0,"turns":5.0},{"damage":0.0,"enemies":"Chosen","floor":19.0,"turns":4.0},{"damage":16.0,"enemies":"Snake Plant","floor":21.0,"turns":5.0},{"damage":27.0,"enemies":"3 Cultists","floor":22.0,"turns":7.0},{"damage":23,"enemies":"Gremlin Leader","floor":23,"turns":8},{"damage":8,"enemies":"Centurion and Healer","floor":27,"turns":6},{"damage":0,"enemies":"Slavers","floor":30,"turns":2},{"damage":0,"enemies":"Champ","floor":33,"turns":8},{"damage":0,"enemies":"3 Shapes","floor":35,"turns":4},{"damage":0,"enemies":"3 Darklings","floor":38,"turns":3},{"damage":0,"enemies":"Nemesis","floor":40,"turns":4},{"damage":3,"enemies":"Spire Growth","floor":41,"turns":4},{"damage":5,"enemies":"Reptomancer","floor":42,"turns":4},{"damage":0,"enemies":"Nemesis","floor":46,"turns":3},{"damage":0,"enemies":"Transient","floor":47,"turns":5},{"damage":0,"enemies":"2 Orb Walkers","floor":48,"turns":2},{"damage":0,"enemies":"Awakened One","floor":50,"turns":6}],"seed_played":"-656640663028881774","potions_obtained":[{"floor":1.0,"key":"Weak Potion"},{"floor":7.0,"key":"Weak Potion"},{"floor":10.0,"key":"Block Potion"},{"floor":16.0,"key":"CultistPotion"},{"floor":19.0,"key":"Fruit Juice"},{"floor":23,"key":"Strength Potion"},{"floor":33,"key":"SkillPotion"},{"floor":38,"key":"Fire Potion"},{"floor":40,"key":"GhostInAJar"},{"floor":42,"key":"CultistPotion"},{"floor":48,"key":"Swift Potion"}],"is_trial":true,"path_per_floor":["M","$","M","?","M","R","E","?","T","E","R","E","R","E","R","B",null,"M","M","?","M","M","E","?","T","T","M","$","R","E","$","R","B",null,"M","$","?","M","T","E","M","E","T","R","$","E","M","?","R","B",null],"character_chosen":"THE_SILENT","items_purchased":["Footwork","Flying Knee","PreservedInsect","Eternal Feather","DollysMirror","Well Laid Plans+1","SteroidPotion","Snake Skull","Dagger Spray","Dodge and Roll"],"campfire_rested":1,"item_purchase_floors":[2,2,28,28,28,28,31,36,45,45],"current_hp_per_floor":[70,70,70,70,70,70,65,65,65,39,39,39,39,48,48,48,77,64,66,66,52,27,6,6,6,6,5,5,47,49,49,67,82,82,82,82,82,82,82,82,79,76,76,82,82,82,82,82,82,82],"gold":178,"neow_bonus":"","is_daily":false,"chose_seed":false,"campfire_upgraded":7,"win_rate":0.0,"timestamp":1613219854,"path_taken":["M","$","?","?","M","R","E","?","T","E","R","E","R","E","R","BOSS","M","M","?","M","M","E","?","?","T","M","$","R","?","?","R","BOSS","M","$","?","M","?","E","M","E","T","R","?","?","M","?","R","BOSS"],"items_purchased_type":["Card","Card","Relic","Relic","Relic","Card","Potion","Relic","Card","Card"],"build_version":"2020-12-22","purchased_purges":0,"victory":true,"max_hp_per_floor":[70,70,70,70,70,70,70,70,70,70,70,70,70,77,77,77,77,77,77,77,77,77,77,77,77,77,82,82,82,82,82,82,82,82,82,82,82,82,82,82,82,82,82,82,82,82,82,82,82,82],"relic_stats":{"Happy Flower":[17],"counters":[25,122],"Golden Idol":200,"Blue Candle":[0],"Eternal Feather":42,"PreservedInsect":190,"Snake Skull":[75],"Letter Opener":[155],"Blood Vial":18,"Centennial Puzzle":[6],"Tough Bandages":[27],"Gambling Chip":[86],"Pantograph":15,"Tiny Chest":2,"Pandora\u0027s Box":["Die Die Die","Forethought","Slice","Mind Blast","Burst","HandOfGreed","Dodge and Roll","Endless Agony","Sadistic Nature","Envenom"],"obtain_stats":[{"Snake Skull":36,"Blood Vial":12,"Centennial Puzzle":40,"Tough Bandages":48,"DollysMirror":28,"Ninja Scroll":43,"Gambling Chip":0,"Strawberry":14,"Pantograph":25,"Tiny Chest":7,"Red Mask":37,"Ring of the Snake":0,"Happy Flower":23,"Golden Idol":4,"Blue Candle":30,"Eternal Feather":28,"PreservedInsect":28,"Letter Opener":26,"Frozen Egg 2":9,"White Beast Statue":42,"Pandora\u0027s Box":34,"FossilizedHelix":10,"Ring of the Serpent":17,"Meat on the Bone":39,"Pocketwatch":46},{"Snake Skull":17,"Blood Vial":6,"Centennial Puzzle":19,"Tough Bandages":24,"DollysMirror":14,"Ninja Scroll":21,"Gambling Chip":0,"Strawberry":7,"Pantograph":13,"Tiny Chest":4,"Red Mask":17,"Ring of the Snake":0,"Happy Flower":13,"Golden Idol":2,"Blue Candle":15,"Eternal Feather":14,"PreservedInsect":14,"Letter Opener":13,"Frozen Egg 2":4,"White Beast Statue":21,"Pandora\u0027s Box":16,"FossilizedHelix":5,"Ring of the Serpent":8,"Meat on the Bone":18,"Pocketwatch":22},{"Snake Skull":91,"Blood Vial":30,"Centennial Puzzle":98,"Tough Bandages":116,"DollysMirror":77,"Ninja Scroll":106,"Gambling Chip":0,"Strawberry":34,"Pantograph":71,"Tiny Chest":20,"Red Mask":91,"Ring of the Snake":0,"Happy Flower":71,"Golden Idol":6,"Blue Candle":79,"Eternal Feather":77,"PreservedInsect":77,"Letter Opener":71,"Frozen Egg 2":20,"White Beast Statue":106,"Pandora\u0027s Box":87,"FossilizedHelix":24,"Ring of the Serpent":42,"Meat on the Bone":94,"Pocketwatch":109}],"Meat on the Bone":0,"Pocketwatch":[2]},"card_choices":[{"not_picked":["Dodge and Roll","Outmaneuver"],"picked":"Deadly Poison","floor":1.0},{"not_picked":["Panacea","Deadly Poison"],"picked":"Caltrops","floor":3.0},{"not_picked":["PiercingWail","Poisoned Stab"],"picked":"Dagger Throw","floor":5.0},{"not_picked":["Deep Breath","Forethought"],"picked":"Blade Dance","floor":7.0},{"not_picked":["Quick Slash","Blade Dance"],"picked":"Dagger Throw","floor":10.0},{"not_picked":["Slice","Grand Finale"],"picked":"Flying Knee","floor":12.0},{"not_picked":["Acrobatics","Sucker Punch"],"picked":"Deadly Poison","floor":14.0},{"not_picked":["Blade Dance","Deflect"],"picked":"PiercingWail","floor":18.0},{"not_picked":["Deadly Poison","Deep Breath"],"picked":"Footwork+1","floor":19.0},{"not_picked":["Prepared","Choke"],"picked":"PiercingWail","floor":21.0},{"not_picked":["Blade Dance","Underhanded Strike","Slice"],"picked":"SKIP","floor":22.0},{"not_picked":["Dagger Spray","Accuracy+1"],"picked":"PiercingWail","floor":23},{"not_picked":["Heel Hook+1","Caltrops+1"],"picked":"Noxious Fumes+1","floor":27},{"not_picked":["Sucker Punch+1","Finisher+1"],"picked":"Madness+1","floor":30},{"not_picked":["Panache+1","Thinking Ahead"],"picked":"Adrenaline","floor":33},{"not_picked":["Finesse","Dagger Throw+1"],"picked":"PiercingWail+1","floor":35},{"not_picked":["Underhanded Strike","Dagger Throw+1"],"picked":"Acrobatics+1","floor":38},{"not_picked":["Poisoned Stab","Caltrops+1"],"picked":"Catalyst+1","floor":40},{"not_picked":["Skewer+1","Dagger Throw+1"],"picked":"Panacea+1","floor":41},{"not_picked":["Tactician","Blade Dance+1"],"picked":"Bane","floor":42},{"not_picked":["Mind Blast+1","Backstab+1"],"picked":"Terror+1","floor":46},{"not_picked":["Forethought","Bane+1"],"picked":"Flechettes+1","floor":47},{"not_picked":["Dagger Throw","Deep Breath"],"picked":"Trip","floor":48}],"player_experience":1394473,"relics_obtained":[{"floor":7.0,"key":"Tiny Chest"},{"floor":9.0,"key":"Frozen Egg 2"},{"floor":10.0,"key":"FossilizedHelix"},{"floor":12.0,"key":"Blood Vial"},{"floor":14.0,"key":"Strawberry"},{"floor":23,"key":"Happy Flower"},{"floor":25,"key":"Pantograph"},{"floor":26,"key":"Letter Opener"},{"floor":30,"key":"Blue Candle"},{"floor":39,"key":"Meat on the Bone"},{"floor":40,"key":"Centennial Puzzle"},{"floor":42,"key":"White Beast Statue"},{"floor":43,"key":"Ninja Scroll"},{"floor":46,"key":"Pocketwatch"},{"floor":48,"key":"Tough Bandages"}],"event_choices":[{"damage_healed":0.0,"max_hp_gain":0.0,"max_hp_loss":0.0,"gold_gain":0.0,"event_name":"Golden Idol","player_choice":"Take Wound","floor":4.0,"gold_loss":0.0,"damage_taken":0.0,"relics_obtained":["Golden Idol"],"cards_obtained":["Injury"]},{"damage_healed":0.0,"max_hp_gain":0.0,"max_hp_loss":0.0,"gold_gain":0.0,"event_name":"The Cleric","player_choice":"Leave","floor":8.0,"gold_loss":0.0,"damage_taken":0.0},{"damage_healed":0.0,"max_hp_gain":0.0,"max_hp_loss":0.0,"gold_gain":0.0,"event_name":"The Library","player_choice":"Read","floor":20.0,"gold_loss":0.0,"damage_taken":0.0,"cards_obtained":["Sadistic Nature"]},{"damage_healed":0,"gold_gain":0,"player_choice":"Simplicity","damage_taken":0,"max_hp_gain":0,"max_hp_loss":0,"event_name":"Back to Basics","floor":24,"gold_loss":0,"cards_upgraded":["Strike_G","Strike_G","Strike_G","Strike_G","Strike_G","Defend_G","Defend_G","Defend_G","Defend_G","Defend_G"]},{"damage_healed":0,"gold_gain":0,"player_choice":"Paid","damage_taken":0,"relics_obtained":["Red Mask"],"max_hp_gain":0,"max_hp_loss":0,"event_name":"Tomb of Lord Red Mask","floor":37,"gold_loss":33},{"damage_healed":0,"gold_gain":0,"player_choice":"Fight","damage_taken":0,"max_hp_gain":0,"max_hp_loss":0,"event_name":"Mysterious Sphere","floor":48,"gold_loss":0}],"is_beta":false,"boss_relics":[{"not_picked":["Runic Dome","Coffee Dripper"],"picked":"Ring of the Serpent"},{"not_picked":["Velvet Choker","Tiny House"],"picked":"Pandora\u0027s Box"}],"items_purged_floors":[],"is_endless":false,"potions_floor_spawned":[1,7,10,16,19,23,33,38,40,42,46,47,48],"ascension_level":0}}