{"host":"8rqsnaeml9gxb0kp","time":1613185166,"event":{"mods":["AchievementEnabler","BaseMod","Dark Map","Minty Spire (QoL Compilation)","Relic Stats","StSLib","slay the spire mod where everything is the same but ironclad has a cowboy hat"],"gold_per_floor":[164,21,41,41,54,64,64,78,78,94,126,126,140,175,175,276,276,293,76,139,178,100,100,160,224,224,282,323,393,393,433,433,533,533,568,273,273,2,45,45,70,70,142,192,192,292,309,335,335,360],"floor_reached":51,"language":"ENG","playtime":2490,"items_purged":[],"score":898,"play_id":"afa49123-0c41-47f3-8a65-df62568a3797","local_time":"20210212185926","is_ascension_mode":true,"campfire_choices":[{"data":"Rainbow","floor":7.0,"key":"SMITH"},{"floor":12.0,"key":"REST"},{"floor":15.0,"key":"REST"},{"floor":23.0,"key":"REST"},{"floor":30,"key":"REST"},{"floor":32,"key":"REST"},{"data":"Barrage","floor":40,"key":"SMITH"},{"floor":42,"key":"REST"},{"floor":49,"key":"REST"}],"circlet_count":0,"master_deck":["Strike_B","Strike_B+1","Defend_B","Defend_B","Defend_B","Defend_B","Zap","Dualcast","Barrage+1","Ball Lightning","Rainbow+1","Compile Driver","FollowUp+1","ReachHeaven+1","HandOfGreed+1","Pommel Strike+1","All For One+1","Dark Shackles+1","Meteor Strike+1","Glacier+1","Master of Strategy+1","Madness+1","Madness+1","HandOfGreed+1","Uppercut+1","CutThroughFate+1"],"relics":["Tiny House","PrismaticShard","Mummified Hand","Molten Egg 2","Regal Pillow","Snecko Eye","Membership Card","Omamori","Tiny Chest","Toxic Egg 2","Centennial Puzzle","Empty Cage","Chemical X","Meat on the Bone","Frozen Egg 2","Anchor","DollysMirror","Torii","HornCleat","Orichalcum","Pen Nib"],"acts_visited":["Exordium","TheCity","TheBeyond"],"potions_floor_usage":[24,25,27,27,31,50,50],"damage_taken":[{"damage":7.0,"enemies":"2 Louse","floor":1.0,"turns":3.0},{"damage":6.0,"enemies":"Jaw Worm","floor":3.0,"turns":4.0},{"damage":0.0,"enemies":"Small Slimes","floor":5.0,"turns":2.0},{"damage":12.0,"enemies":"2 Fungi Beasts","floor":6.0,"turns":4.0},{"damage":11.0,"enemies":"Red Slaver","floor":8.0,"turns":2.0},{"damage":8.0,"enemies":"Looter","floor":10.0,"turns":3.0},{"damage":11.0,"enemies":"Lagavulin","floor":11.0,"turns":7.0},{"damage":0.0,"enemies":"Large Slime","floor":13.0,"turns":4.0},{"damage":29.0,"enemies":"3 Sentries","floor":14.0,"turns":7.0},{"damage":0.0,"enemies":"Slime Boss","floor":16.0,"turns":7.0},{"damage":3.0,"enemies":"Spheric Guardian","floor":18.0,"turns":3.0},{"damage":15.0,"enemies":"3 Byrds","floor":20.0,"turns":5.0},{"damage":10.0,"enemies":"Snecko","floor":21.0,"turns":3.0},{"damage":19,"enemies":"Gremlin Leader","floor":24,"turns":5},{"damage":8,"enemies":"Cultist and Chosen","floor":25,"turns":4},{"damage":12,"enemies":"Slavers","floor":27,"turns":2},{"damage":19,"enemies":"Snake Plant","floor":28,"turns":2},{"damage":3,"enemies":"Sentry and Sphere","floor":29,"turns":3},{"damage":31,"enemies":"Shelled Parasite and Fungi","floor":31,"turns":3},{"damage":69,"enemies":"Champ","floor":33,"turns":9},{"damage":0,"enemies":"3 Darklings","floor":35,"turns":1},{"damage":2,"enemies":"Orb Walker","floor":39,"turns":3},{"damage":12,"enemies":"Reptomancer","floor":41,"turns":6},{"damage":0,"enemies":"Nemesis","floor":44,"turns":1},{"damage":10,"enemies":"Transient","floor":47,"turns":5},{"damage":26,"enemies":"Donu and Deca","floor":50,"turns":7}],"seed_played":"6426118250832287417","potions_obtained":[{"floor":0.0,"key":"Block Potion"},{"floor":6.0,"key":"Weak Potion"},{"floor":8.0,"key":"ColorlessPotion"},{"floor":11.0,"key":"GamblersBrew"},{"floor":25,"key":"DistilledChaos"},{"floor":27,"key":"AttackPotion"},{"floor":33,"key":"Explosive Potion"},{"floor":35,"key":"Strength Potion"},{"floor":41,"key":"AttackPotion"}],"is_trial":false,"path_per_floor":["M","$","M","?","M","M","R","M","T","M","E","R","M","E","R","B",null,"M","$","M","M","$","R","E","M","T","E","M","M","R","M","R","B",null,"M","$","?","$","M","R","E","R","T","E","?","?","M","T","R","B",null],"character_chosen":"DEFECT","items_purchased":["PrismaticShard","Membership Card","Omamori","All For One+1","Chemical X","Meat on the Bone","Master of Strategy+1","Frozen Egg 2","Anchor","DollysMirror"],"campfire_rested":7,"item_purchase_floors":[2,19,19,22,36,36,36,38,38,38],"current_hp_per_floor":[73,73,67,72,72,60,60,49,49,41,30,55,55,26,66,66,85,82,82,67,57,57,85,66,58,58,46,27,24,64,33,73,4,85,85,85,74,74,72,72,60,85,85,85,85,85,75,75,85,59],"gold":360,"neow_bonus":"BOSS_RELIC","is_daily":false,"chose_seed":false,"campfire_upgraded":2,"win_rate":0.0,"timestamp":1613185166,"path_taken":["M","$","M","?","M","M","R","M","T","M","E","R","M","E","R","BOSS","M","$","M","M","$","R","E","M","T","E","M","M","R","M","R","BOSS","M","$","?","$","M","R","E","R","T","E","?","?","M","?","R","BOSS"],"items_purchased_type":["Relic","Relic","Relic","Card","Relic","Relic","Card","Relic","Relic","Relic"],"build_version":"2020-12-22","purchased_purges":0,"victory":true,"max_hp_per_floor":[80,80,80,85,85,85,85,85,85,85,85,85,85,85,85,85,85,85,85,85,85,85,85,85,85,85,85,85,85,85,85,85,85,85,85,85,85,85,85,85,85,85,85,85,85,85,85,85,85,85],"relic_stats":{"Regal Pillow":48,"Centennial Puzzle":[24],"Torii":6,"counters":[26,105],"Mummified Hand":[0],"Snecko Eye":[136,147,127,138],"Tiny Chest":1,"Pen Nib":[2],"Chemical X":[1],"Orichalcum":[6],"obtain_stats":[{"Regal Pillow":14,"Tiny House":0,"Torii":41,"Pen Nib":48,"Omamori":19,"Frozen Egg 2":38,"Orichalcum":44,"PrismaticShard":2,"Empty Cage":34,"Centennial Puzzle":27,"Anchor":38,"HornCleat":43,"Mummified Hand":9,"DollysMirror":38,"Snecko Eye":17,"Molten Egg 2":11,"Tiny Chest":24,"Membership Card":19,"Chemical X":36,"Toxic Egg 2":26,"Cracked Core":0,"Meat on the Bone":36},{"Regal Pillow":9,"Tiny House":0,"Torii":23,"Pen Nib":25,"Omamori":11,"Frozen Egg 2":21,"Orichalcum":24,"PrismaticShard":1,"Empty Cage":20,"Centennial Puzzle":16,"Anchor":21,"HornCleat":23,"Mummified Hand":5,"DollysMirror":21,"Snecko Eye":10,"Molten Egg 2":7,"Tiny Chest":14,"Membership Card":11,"Chemical X":21,"Toxic Egg 2":15,"Cracked Core":0,"Meat on the Bone":21},{"Regal Pillow":36,"Tiny House":0,"Torii":92,"Pen Nib":98,"Omamori":46,"Frozen Egg 2":83,"Orichalcum":93,"PrismaticShard":3,"Empty Cage":82,"Centennial Puzzle":65,"Anchor":83,"HornCleat":92,"Mummified Hand":15,"DollysMirror":83,"Snecko Eye":43,"Molten Egg 2":25,"Tiny Chest":59,"Membership Card":46,"Chemical X":83,"Toxic Egg 2":63,"Cracked Core":0,"Meat on the Bone":83}],"Meat on the Bone":0},"card_choices":[{"not_picked":["Gash","Turbo"],"picked":"Barrage","floor":0.0},{"not_picked":["Cold Snap","Barrage"],"picked":"Ball Lightning","floor":1.0},{"not_picked":["Indignation","Auto Shields","True Grit"],"picked":"SKIP","floor":3.0},{"not_picked":["Crippling Poison","Deflect","Underhanded Strike"],"picked":"SKIP","floor":5.0},{"not_picked":["Dagger Throw","Consume"],"picked":"Rainbow","floor":6.0},{"not_picked":["PiercingWail","Bane","Bandage Up"],"picked":"SKIP","floor":8.0},{"not_picked":["Sword Boomerang","True Grit"],"picked":"Compile Driver","floor":10.0},{"not_picked":["Collect","Flying Knee+1"],"picked":"FollowUp+1","floor":11.0},{"not_picked":["Blade Dance","Outmaneuver","Flex"],"picked":"SKIP","floor":13.0},{"not_picked":["Crescendo","Meteor Strike+1"],"picked":"ReachHeaven+1","floor":14.0},{"not_picked":["Burst","Vault"],"picked":"HandOfGreed+1","floor":16.0},{"not_picked":["Deflect","Iron Wave+1","FearNoEvil+1"],"picked":"SKIP","floor":18.0},{"not_picked":["Sword Boomerang+1","Go for the Eyes+1"],"picked":"Pommel Strike+1","floor":20.0},{"not_picked":["Sword Boomerang+1","EmptyMind","All Out Attack+1"],"picked":"SKIP","floor":21.0},{"not_picked":["Turbo+1","Consecrate+1","Blizzard+1"],"picked":"SKIP","floor":24},{"not_picked":["Cloak And Dagger+1","WaveOfTheHand","Dagger Throw+1"],"picked":"SKIP","floor":25},{"not_picked":["FollowUp+1","Indignation+1"],"picked":"Dark Shackles+1","floor":27},{"not_picked":["Prepared+1","Adaptation","Dodge and Roll+1"],"picked":"SKIP","floor":28},{"not_picked":["Turbo+1","Dark Embrace","Compile Driver+1"],"picked":"SKIP","floor":29},{"not_picked":["Rupture","Wild Strike+1","SashWhip+1"],"picked":"SKIP","floor":31},{"not_picked":["Barricade","Reboot+1"],"picked":"Meteor Strike+1","floor":33},{"not_picked":["DeceiveReality+1","Cold Snap+1"],"picked":"Glacier+1","floor":35},{"not_picked":["Havoc+1","Sword Boomerang+1"],"picked":"Uppercut+1","floor":39},{"not_picked":["Poisoned Stab+1","Rupture+1"],"picked":"CutThroughFate+1","floor":41},{"not_picked":["FTL+1","Pummel+1","Clothesline+1"],"picked":"SKIP","floor":44},{"not_picked":["Crescendo+1","Chill+1","LikeWater+1"],"picked":"SKIP","floor":47}],"player_experience":210829,"relics_obtained":[{"floor":9.0,"key":"Mummified Hand"},{"floor":11.0,"key":"Molten Egg 2"},{"floor":14.0,"key":"Regal Pillow"},{"floor":24,"key":"Tiny Chest"},{"floor":26,"key":"Toxic Egg 2"},{"floor":27,"key":"Centennial Puzzle"},{"floor":41,"key":"Torii"},{"floor":43,"key":"HornCleat"},{"floor":44,"key":"Orichalcum"},{"floor":48,"key":"Pen Nib"}],"event_choices":[{"damage_healed":0.0,"max_hp_gain":5.0,"max_hp_loss":0.0,"gold_gain":0.0,"event_name":"Big Fish","player_choice":"Donut","floor":4.0,"gold_loss":0.0,"damage_taken":0.0},{"damage_healed":0,"gold_gain":0,"player_choice":"Embrace Madness","damage_taken":11,"max_hp_gain":0,"max_hp_loss":0,"event_name":"Winding Halls","floor":37,"gold_loss":0,"cards_obtained":["Madness","Madness"]},{"damage_healed":0,"gold_gain":0,"player_choice":"Memory 1","damage_taken":0,"max_hp_gain":0,"max_hp_loss":0,"event_name":"SensoryStone","floor":45,"gold_loss":0},{"damage_healed":0,"gold_gain":100,"player_choice":"Pray","damage_taken":0,"max_hp_gain":0,"max_hp_loss":0,"event_name":"Golden Shrine","floor":46,"gold_loss":0}],"is_beta":false,"boss_relics":[{"not_picked":["Fusion Hammer","Coffee Dripper"],"picked":"Snecko Eye"},{"not_picked":["Busted Crown","Runic Pyramid"],"picked":"Empty Cage"}],"items_purged_floors":[],"is_endless":false,"potions_floor_spawned":[6,8,10,11,16,25,27,33,35,41],"ascension_level":1}}