{"host":"5cyixbtuml7aoyg5","time":1613206052,"event":{"mods":["Act Like it!","BaseMod","Gensokyo","GifTheSpireLib","Hallownest","Infinite Spire","KomeijiMod","Marisa£®ÏF”Í°°ƒß¿Ì…≥£©","Minty Spire (QoL Compilation)","Pale of the Ancients","Quick Restart","Reimu£®≤©¿ˆ¡È√Œ£©","StSLib","The Administrix","The Bug Knight","Yuyuko"],"gold_per_floor":[114,114,114,126,51,70,70,70,70,82,55,20,20,53,53,67,67],"floor_reached":16,"language":"ZHS","playtime":806,"items_purged":[],"score":95,"play_id":"3af9c79e-fb7a-4de8-bc3f-658e8f3f5706","local_time":"20210213164732","is_ascension_mode":true,"campfire_choices":[{"floor":7,"key":"RECALL"},{"data":"DemonLordCradle","floor":13,"key":"SMITH"},{"data":"VampireKiss","floor":15,"key":"SMITH"}],"circlet_count":0,"master_deck":["Strike_Komeiji","Strike_Komeiji","Strike_Komeiji","Strike_Komeiji","Defend_Komeiji","Defend_Komeiji","Defend_Komeiji","Defend_Komeiji","Dash_Komeiji","VampireKiss+1","NingyouSP+1","OoedoNingyou+1","DemonLordCradle+1","Mishyaguji+1","Melting","Mishyaguji+1"],"relics":["KomeijisEye","SpellCardsRule","MusicBox","NeowsBlessing","Hallownest:DreamNailRelic","Hallownest:BankAccountRelic","infinitespire:Midas Blood"],"acts_visited":["Hallownest:Greenpath"],"potions_floor_usage":[],"damage_taken":[{"damage":0,"enemies":"Hallownest:2_Baldur","floor":1,"turns":2},{"damage":0,"enemies":"2_ Uuma","floor":4,"turns":1},{"damage":0,"enemies":"Hallownest:2_MossCreeps","floor":6,"turns":2},{"damage":0,"enemies":"Hallownest:monsterAspidMother","floor":10,"turns":5},{"damage":14,"enemies":"Hallownest:2_Tiktiks_1_Baldur_1_Crawlid","floor":14,"turns":4},{"damage":54,"enemies":"Hallownest:BossHornet","floor":16,"turns":3}],"seed_played":"6796779970970063658","potions_obtained":[{"floor":4,"key":"GrandPatriotsElixir:ReiMu"},{"floor":6,"key":"ColorlessPotion"},{"floor":14,"key":"GamblersBrew"}],"is_trial":false,"path_per_floor":["M","?","?","M","?","M","R","?","T","M","$","?","R","M","R","B"],"character_chosen":"KomeijiSatori","items_purchased":["Mishyaguji+1","Melting"],"campfire_rested":0,"item_purchase_floors":[11,11],"current_hp_per_floor":[50,50,50,50,50,50,50,50,50,50,50,55,55,47,47,0,0],"gold":67,"neow_bonus":"THREE_ENEMY_KILL","is_daily":false,"chose_seed":false,"campfire_upgraded":2,"win_rate":0.0,"timestamp":1613206052,"path_taken":["M","?","?","?","?","M","R","?","T","M","$","?","R","M","R","BOSS"],"items_purchased_type":["Card","Card"],"build_version":"2020-12-22","purchased_purges":0,"victory":false,"max_hp_per_floor":[50,50,50,50,50,50,50,50,50,50,50,55,55,55,55,55,55],"card_choices":[{"not_picked":["RoshinSou+1","SuitokuNoKyoryu"],"picked":"VampireKiss","floor":1},{"not_picked":["SatsujinDooru","NingyouSousou+1"],"picked":"NingyouSP+1","floor":4},{"not_picked":["SeekerWire+1","NingyouKisou+1"],"picked":"OoedoNingyou+1","floor":6},{"not_picked":["MakuraSeki","SeekerWire+1"],"picked":"DemonLordCradle","floor":10},{"not_picked":["HagoromoMizu","NingyouSousou+1"],"picked":"Mishyaguji+1","floor":14}],"player_experience":168556,"relics_obtained":[{"floor":9,"key":"infinitespire:Midas Blood"}],"event_choices":[],"is_beta":false,"boss_relics":[],"items_purged_floors":[],"is_endless":false,"potions_floor_spawned":[4,6,14],"killed_by":"Hallownest:BossHornet","ascension_level":1}}