{"host":"prxrhpgaxnj4om9r","time":1613221154,"event":{"mods":["AchievementEnabler","BaseMod","DeckTracker","Minty Spire (QoL Compilation)"],"gold_per_floor":[116,128,128,139,115,115,135,167,247,258,258,258,282,297,297,394,394,414,107,107,123,142,142,177,177,257,276,294,20,20,34,34,34,34],"floor_reached":33,"language":"KOR","playtime":1820,"items_purged":[],"score":294,"play_id":"675e7692-aa48-4728-9f51-e32f343ec195","local_time":"20210213215914","is_ascension_mode":false,"campfire_choices":[{"data":"Darkness","floor":6,"key":"SMITH"},{"data":"Zap","floor":11,"key":"SMITH"},{"data":"1","floor":15,"key":"LIFT"},{"data":"Hologram","floor":23,"key":"SMITH"},{"data":"2","floor":25,"key":"LIFT"},{"data":"3","floor":32,"key":"LIFT"}],"circlet_count":0,"master_deck":["Strike_B","Defend_B+1","Defend_B+1","Zap+1","Dualcast","Ball Lightning","Darkness+1","Chill","Hologram+1","Stack","Self Repair+1","Cold Snap","Undo","Echo Form","Hyperbeam+1","Turbo+1","Skim+1","Lockon+1","Seek","Compile Driver+1","Conserve Battery","Rebound+1","Static Discharge","Reinforced Body","Genetic Algorithm"],"relics":["Cracked Core","Girya","War Paint","Astrolabe","Omamori","Toy Ornithopter","Shuriken","Pear"],"acts_visited":["Exordium","TheCity"],"potions_floor_usage":[14,16,16,18,22,27,33],"damage_taken":[{"damage":10,"enemies":"Small Slimes","floor":1,"turns":4},{"damage":1,"enemies":"Cultist","floor":2,"turns":3},{"damage":5,"enemies":"2 Louse","floor":4,"turns":2},{"damage":7,"enemies":"Blue Slaver","floor":7,"turns":3},{"damage":20,"enemies":"3 Sentries","floor":8,"turns":8},{"damage":3,"enemies":"Exordium Wildlife","floor":10,"turns":5},{"damage":2,"enemies":"Looter","floor":14,"turns":3},{"damage":29,"enemies":"Hexaghost","floor":16,"turns":7},{"damage":2,"enemies":"Chosen","floor":18,"turns":4},{"damage":2,"enemies":"Spheric Guardian","floor":21,"turns":3},{"damage":22,"enemies":"Snake Plant","floor":22,"turns":4},{"damage":27,"enemies":"Book of Stabbing","floor":24,"turns":5},{"damage":0,"enemies":"3 Cultists","floor":27,"turns":3},{"damage":7,"enemies":"Centurion and Healer","floor":28,"turns":5},{"damage":8,"enemies":"Chosen and Byrds","floor":31,"turns":5},{"damage":117,"enemies":"Collector","floor":33,"turns":12}],"seed_played":"-2657625865775958211","potions_obtained":[{"floor":7,"key":"Ancient Potion"},{"floor":8,"key":"FearPotion"},{"floor":10,"key":"ColorlessPotion"},{"floor":14,"key":"Regen Potion"},{"floor":16,"key":"FairyPotion"},{"floor":21,"key":"SpeedPotion"},{"floor":24,"key":"Explosive Potion"},{"floor":31,"key":"Block Potion"}],"is_trial":false,"path_per_floor":["M","M","?","M","$","R","M","E","T","M","R","?","T","M","R","B",null,"M","$","?","M","M","R","E","R","T","M","M","$","?","M","R","B"],"character_chosen":"DEFECT","items_purchased":["Hologram","Omamori","Seek","Pear","Static Discharge"],"campfire_rested":0,"item_purchase_floors":[5,19,19,29,29],"current_hp_per_floor":[72,71,71,66,66,66,59,39,39,43,43,43,43,51,51,44,82,82,82,82,80,68,68,51,51,51,66,69,79,79,81,81,0,0],"gold":34,"neow_bonus":"TEN_PERCENT_HP_BONUS","is_daily":false,"chose_seed":false,"campfire_upgraded":3,"win_rate":0.0,"timestamp":1613221154,"path_taken":["M","M","?","M","?","R","M","E","T","M","R","?","?","M","R","BOSS","M","$","?","M","M","R","E","R","T","M","M","$","?","M","R","BOSS"],"items_purchased_type":["Card","Relic","Card","Relic","Card"],"build_version":"2020-12-22","purchased_purges":0,"victory":false,"max_hp_per_floor":[82,82,82,82,82,82,82,82,82,82,82,82,82,82,82,82,82,82,82,82,82,82,82,82,82,82,82,82,92,92,92,92,92,92],"card_choices":[{"not_picked":["Compile Driver","Beam Cell"],"picked":"Ball Lightning","floor":1},{"not_picked":["Rip and Tear","Conserve Battery"],"picked":"Darkness","floor":2},{"not_picked":["FTL","Glacier"],"picked":"Chill","floor":4},{"not_picked":["Gash","Steam"],"picked":"Stack","floor":7},{"not_picked":["Echo Form","Streamline"],"picked":"Self Repair","floor":8},{"not_picked":["FTL","Stack"],"picked":"Cold Snap","floor":10},{"not_picked":["Chaos","Cold Snap"],"picked":"Undo","floor":14},{"not_picked":["Biased Cognition","Fission"],"picked":"Echo Form","floor":16},{"not_picked":["Conserve Battery","Steam"],"picked":"Lockon+1","floor":18},{"not_picked":["Ball Lightning","Hyperbeam"],"picked":"Compile Driver+1","floor":21},{"not_picked":["Static Discharge","Ball Lightning","Coolheaded"],"picked":"SKIP","floor":22},{"not_picked":["Aggregate","Hello World"],"picked":"Gash+1","floor":24},{"not_picked":["Turbo","Redo"],"picked":"Conserve Battery","floor":27},{"not_picked":["Tempest+1","Glacier"],"picked":"Rebound+1","floor":28},{"not_picked":["Redo","Barrage","Turbo"],"picked":"SKIP","floor":31}],"player_experience":430424,"relics_obtained":[{"floor":8,"key":"Girya"},{"floor":13,"key":"War Paint"},{"floor":24,"key":"Toy Ornithopter"},{"floor":26,"key":"Shuriken"}],"event_choices":[{"cards_removed":["Strike_B"],"damage_healed":0,"gold_gain":0,"player_choice":"Offered Basic","damage_taken":0,"max_hp_gain":0,"max_hp_loss":0,"event_name":"Bonfire Elementals","floor":3,"gold_loss":0},{"damage_healed":0,"gold_gain":0,"player_choice":"Grow","damage_taken":0,"max_hp_gain":0,"max_hp_loss":0,"event_name":"Living Wall","floor":12,"gold_loss":0,"cards_upgraded":["Self Repair"]},{"damage_healed":0,"gold_gain":0,"player_choice":"Ignored","damage_taken":0,"max_hp_gain":0,"max_hp_loss":0,"event_name":"Vampires","floor":20,"gold_loss":0},{"damage_healed":0,"gold_gain":0,"cards_transformed":["Defend_B","Gash"],"player_choice":"Became Test Subject","damage_taken":0,"max_hp_gain":0,"max_hp_loss":0,"event_name":"Drug Dealer","floor":30,"gold_loss":0,"cards_obtained":["Reinforced Body","Genetic Algorithm"]}],"is_beta":false,"boss_relics":[{"not_picked":["Black Star","SlaversCollar"],"picked":"Astrolabe"}],"items_purged_floors":[],"is_endless":false,"potions_floor_spawned":[7,8,10,14,16,21,24,31],"killed_by":"Collector","ascension_level":0}}