{"host":"19r1ww88x2tc73i0","time":1613201609,"event":{"mods":["BaseMod","BetterRewards","Colored Map","Minty Spire (QoL Compilation)","Relic Stats","StSLib","SuperFastMode","slay the spire mod where everything is the same but ironclad has a cowboy hat"],"gold_per_floor":[115,265,276,99,174,174,193,212,287,287,319,319,1,34,34,107,107,127,143,163,174,3,32,32,61,61,61,11,25,25,25],"floor_reached":30,"language":"ENG","playtime":917,"items_purged":["Doubt","Strike_G"],"score":516,"play_id":"457bc0f1-3d7e-469b-8e97-93fac0a4ce63","local_time":"25640213143329","is_ascension_mode":true,"campfire_choices":[{"floor":6.0,"key":"REST"},{"floor":12.0,"key":"RECALL"},{"floor":15.0,"key":"REST"}],"circlet_count":0,"master_deck":["AscendersBane","Strike_G","Strike_G","Strike_G","Strike_G","Defend_G","Defend_G","Defend_G","Defend_G","Defend_G","Survivor","Neutralize","Calculated Gamble","Sucker Punch","Caltrops","Dagger Spray","Glass Knife","Backstab","Terror","Blade Dance","Phantasmal Killer","Acrobatics","Infinite Blades+1","Footwork+1","Crippling Poison+1","Blade Dance+1","Unload+1"],"relics":["Fusion Hammer","Mummified Hand","Pen Nib","Lantern","Membership Card","Frozen Egg 2","Pocketwatch","Runic Pyramid","Molten Egg 2","MealTicket","Red Mask"],"acts_visited":["Exordium","TheCity"],"potions_floor_usage":[21,25],"damage_taken":[{"damage":4.0,"enemies":"Small Slimes","floor":1.0,"turns":5.0},{"damage":2.0,"enemies":"Jaw Worm","floor":3.0,"turns":5.0},{"damage":0.0,"enemies":"2 Louse","floor":7.0,"turns":3.0},{"damage":0.0,"enemies":"Blue Slaver","floor":8.0,"turns":3.0},{"damage":5.0,"enemies":"Gremlin Nob","floor":11.0,"turns":3.0},{"damage":17.0,"enemies":"Lagavulin","floor":14.0,"turns":5.0},{"damage":8.0,"enemies":"Slime Boss","floor":16.0,"turns":8.0},{"damage":0.0,"enemies":"Spheric Guardian","floor":18.0,"turns":3.0},{"damage":23.0,"enemies":"2 Thieves","floor":19.0,"turns":3.0},{"damage":0,"enemies":"Snake Plant","floor":20,"turns":2},{"damage":0,"enemies":"Centurion and Healer","floor":21,"turns":4},{"damage":43,"enemies":"Slavers","floor":23,"turns":5},{"damage":10,"enemies":"Masked Bandits","floor":25,"turns":3},{"damage":12,"enemies":"Chosen and Byrds","floor":29,"turns":4},{"damage":10,"enemies":"Book of Stabbing","floor":30,"turns":2}],"seed_played":"-4394173311551205799","potions_obtained":[{"floor":1.0,"key":"EntropicBrew"},{"floor":11.0,"key":"Poison Potion"},{"floor":14.0,"key":"SpeedPotion"},{"floor":19.0,"key":"PowerPotion"},{"floor":20,"key":"FairyPotion"},{"floor":21,"key":"FearPotion"}],"is_trial":false,"path_per_floor":["M","?","M","$","?","R","M","M","T","?","E","R","$","E","R","B",null,"M","M","M","M","$","E","?","?","T","?","$","M","E"],"character_chosen":"THE_SILENT","items_purchased":["Caltrops","Dagger Spray","Membership Card","Frozen Egg 2","Blade Dance","Molten Egg 2","Footwork+1"],"campfire_rested":2,"item_purchase_floors":[4,4,13,13,13,22,22],"current_hp_per_floor":[55,55,53,53,42,61,61,61,61,56,51,51,51,34,53,45,61,61,38,38,38,38,19,19,9,9,9,24,12,2,2],"gold":25,"neow_bonus":"BOSS_RELIC","is_daily":false,"chose_seed":false,"campfire_upgraded":0,"win_rate":0.0,"timestamp":1613201609,"path_taken":["M","?","M","$","?","R","M","M","T","?","E","R","$","E","R","BOSS","M","M","M","M","$","E","?","?","T","?","$","M","E"],"items_purchased_type":["Card","Card","Relic","Relic","Card","Relic","Card"],"build_version":"2020-12-22","purchased_purges":2,"victory":false,"max_hp_per_floor":[66,66,66,66,66,66,66,66,66,66,66,66,66,66,66,66,66,66,66,66,66,66,66,66,66,66,66,66,66,66,66],"relic_stats":{"counters":[15,58],"Mummified Hand":[13],"MealTicket":15,"Pen Nib":[13],"obtain_stats":[{"Lantern":11,"Mummified Hand":9,"Molten Egg 2":22,"MealTicket":23,"Fusion Hammer":0,"Pen Nib":10,"Red Mask":25,"Membership Card":13,"Frozen Egg 2":13,"Ring of the Snake":0,"Pocketwatch":14,"Runic Pyramid":17},{"Lantern":5,"Mummified Hand":4,"Molten Egg 2":11,"MealTicket":12,"Fusion Hammer":0,"Pen Nib":4,"Red Mask":13,"Membership Card":5,"Frozen Egg 2":5,"Ring of the Snake":0,"Pocketwatch":6,"Runic Pyramid":7},{"Lantern":19,"Mummified Hand":16,"Molten Egg 2":44,"MealTicket":49,"Fusion Hammer":0,"Pen Nib":16,"Red Mask":52,"Membership Card":19,"Frozen Egg 2":19,"Ring of the Snake":0,"Pocketwatch":24,"Runic Pyramid":32}],"Pocketwatch":[12]},"card_choices":[{"not_picked":["Reflex","Backflip"],"picked":"Calculated Gamble","floor":1.0},{"not_picked":["Slice","Prepared"],"picked":"Sucker Punch","floor":3.0},{"not_picked":["Outmaneuver","Flying Knee"],"picked":"Glass Knife","floor":7.0},{"not_picked":["Quick Slash","Endless Agony"],"picked":"Backstab","floor":8.0},{"not_picked":["Crippling Poison","Flying Knee"],"picked":"Terror","floor":11.0},{"not_picked":["Skewer","Predator","Flechettes"],"picked":"SKIP","floor":14.0},{"not_picked":["Corpse Explosion","Grand Finale"],"picked":"Phantasmal Killer","floor":16.0},{"not_picked":["Bouncing Flask","Dash"],"picked":"Acrobatics","floor":18.0},{"not_picked":["Slice","Cloak And Dagger","Bane"],"picked":"SKIP","floor":19.0},{"not_picked":["Malaise","Poisoned Stab+1"],"picked":"Infinite Blades+1","floor":20},{"not_picked":["Dodge and Roll","Catalyst","Setup"],"picked":"SKIP","floor":21},{"not_picked":["Quick Slash+1","Bouncing Flask"],"picked":"Crippling Poison+1","floor":23},{"not_picked":["Deadly Poison","Acrobatics+1"],"picked":"Blade Dance+1","floor":25},{"not_picked":["Deadly Poison","Cloak And Dagger"],"picked":"Unload+1","floor":29}],"player_experience":1072652,"relics_obtained":[{"floor":9.0,"key":"Mummified Hand"},{"floor":11.0,"key":"Lantern"},{"floor":14.0,"key":"Pocketwatch"},{"floor":23,"key":"MealTicket"},{"floor":25,"key":"Red Mask"}],"event_choices":[{"damage_healed":0.0,"max_hp_gain":0.0,"max_hp_loss":0.0,"gold_gain":150.0,"event_name":"Liars Game","player_choice":"AGREE","floor":2.0,"gold_loss":0.0,"damage_taken":0.0,"cards_obtained":["Doubt"]},{"damage_healed":0.0,"max_hp_gain":0.0,"max_hp_loss":0.0,"gold_gain":75.0,"event_name":"World of Goop","player_choice":"Gather Gold","floor":5.0,"gold_loss":0.0,"damage_taken":11.0},{"damage_healed":0.0,"max_hp_gain":0.0,"max_hp_loss":0.0,"gold_gain":0.0,"event_name":"Scrap Ooze","player_choice":"Success","floor":10.0,"gold_loss":0.0,"damage_taken":5.0,"relics_obtained":["Pen Nib"]},{"damage_healed":0,"gold_gain":0,"player_choice":"Ignored","damage_taken":0,"max_hp_gain":0,"max_hp_loss":0,"event_name":"Cursed Tome","floor":24,"gold_loss":0},{"damage_healed":0,"gold_gain":0,"player_choice":"Fought Bandits","damage_taken":0,"max_hp_gain":0,"max_hp_loss":0,"event_name":"Masked Bandits","floor":25,"gold_loss":0},{"damage_healed":0,"gold_gain":0,"player_choice":"Ignored","damage_taken":0,"max_hp_gain":0,"max_hp_loss":0,"event_name":"Vampires","floor":27,"gold_loss":0}],"is_beta":false,"boss_relics":[{"not_picked":["Philosopher\u0027s Stone","SacredBark"],"picked":"Runic Pyramid"}],"items_purged_floors":[4,28],"is_endless":false,"potions_floor_spawned":[1,11,14,19,20,21],"killed_by":"Book of Stabbing","ascension_level":20}}