{"host":"zs3tguvuxkh90jf4","time":1613192519,"event":{"mods":["AchievementEnabler","BaseMod","Better Silent Start","Better-Laid Plans","BetterRewards","Block Reminder","Colored Map","Colored Powertips","Gold Saver","Minty Spire (QoL Compilation)","Shop Mod","StSLib","Transform Curses"],"gold_per_floor":[1812,549,569,18,38,68,68,68,121,189,220,7,18,33,33,107,1480,1400,1400,1400,1400,1290,1290,1290,1290,1290,1290,436,436,436,436,436,436,436,436,436,88,88,88,88],"floor_reached":39,"language":"ENG","playtime":2018,"items_purged":["Strike_B","Strike_B","Defend_B","Defend_B"],"score":1247,"play_id":"826bc31d-e810-4f35-afdf-30ece8e473c9","local_time":"20210212210159","is_ascension_mode":true,"campfire_choices":[{"floor":7.0,"key":"REST"},{"data":"Apotheosis","floor":15.0,"key":"SMITH"},{"data":"Aggregate","floor":27.0,"key":"SMITH"},{"data":"White Noise","floor":32.0,"key":"SMITH"}],"circlet_count":0,"master_deck":["AscendersBane","Strike_B","Defend_B+1","Defend_B","Zap+1","Dualcast+1","Static Discharge","Ball Lightning","Hologram","Stack","Coolheaded+1","Ball Lightning+1","Melter+1","Defragment","White Noise+1","Cold Snap","Apotheosis+1","Self Repair+1","Glacier","Redo","Echo Form","Turbo","Self Repair+1","Hologram","Coolheaded","Fission","Fusion","Aggregate+1","Scrape+1","Electrodynamics","Force Field+1","Leap+1","Chill","Sweeping Beam+1"],"relics":["Cracked Core","OrangePellets","Toy Ornithopter","Boot","MerchantsRug","Cables","Symbiotic Virus","Eternal Feather","Strange Spoon","Torii","War Paint","Ancient Tea Set","Pen Nib","Pear","DollysMirror","Ectoplasm","Red Mask","Letter Opener","Lantern","Chemical X","Molten Egg 2","Orichalcum","Whetstone","Dream Catcher","Inserter","Anchor","StoneCalendar"],"acts_visited":["Exordium","TheCity","TheBeyond"],"potions_floor_usage":[38],"damage_taken":[{"damage":0.0,"enemies":"Small Slimes","floor":1.0,"turns":2.0},{"damage":9.0,"enemies":"Jaw Worm","floor":3.0,"turns":2.0},{"damage":0.0,"enemies":"Cultist","floor":5.0,"turns":2.0},{"damage":18.0,"enemies":"3 Sentries","floor":6.0,"turns":3.0},{"damage":17.0,"enemies":"Lagavulin","floor":11.0,"turns":4.0},{"damage":9.0,"enemies":"Blue Slaver","floor":13.0,"turns":2.0},{"damage":1.0,"enemies":"Looter","floor":14.0,"turns":3.0},{"damage":1.0,"enemies":"The Guardian","floor":16.0,"turns":8.0},{"damage":18.0,"enemies":"2 Thieves","floor":18.0,"turns":3.0},{"damage":3.0,"enemies":"3 Byrds","floor":19.0,"turns":3.0},{"damage":19.0,"enemies":"Masked Bandits","floor":21.0,"turns":5.0},{"damage":30.0,"enemies":"Slavers","floor":23.0,"turns":6.0},{"damage":11.0,"enemies":"Centurion and Healer","floor":24.0,"turns":3.0},{"damage":10.0,"enemies":"Book of Stabbing","floor":25.0,"turns":4.0},{"damage":10.0,"enemies":"Snecko","floor":29.0,"turns":4.0},{"damage":21.0,"enemies":"Gremlin Leader","floor":30.0,"turns":7.0},{"damage":0.0,"enemies":"Automaton","floor":33.0,"turns":8.0},{"damage":11.0,"enemies":"Orb Walker","floor":35.0,"turns":3.0},{"damage":43.0,"enemies":"3 Darklings","floor":36.0,"turns":3.0},{"damage":28,"enemies":"2 Orb Walkers","floor":38,"turns":3},{"damage":37,"enemies":"Spire Growth","floor":39,"turns":3}],"seed_played":"8571474173909765856","potions_obtained":[{"floor":1.0,"key":"PowerPotion"},{"floor":6.0,"key":"Dexterity Potion"},{"floor":11.0,"key":"EntropicBrew"},{"floor":21.0,"key":"DistilledChaos"},{"floor":24.0,"key":"FearPotion"},{"floor":33.0,"key":"Swift Potion"},{"floor":36.0,"key":"ColorlessPotion"}],"is_trial":false,"path_per_floor":["M","$","M","$","M","E","R","?","T","?","E","$","M","M","R","B",null,"M","M","?","?","?","E","M","E","T","R","$","M","E","T","R","B",null,"M","M","$","?","M"],"character_chosen":"DEFECT","items_purchased":["OrangePellets","Toy Ornithopter","Boot","Static Discharge","Ball Lightning","Hologram","Stack","MerchantsRug","Cables","Coolheaded","Ball Lightning","Symbiotic Virus","Defragment","White Noise","Eternal Feather","Strange Spoon","Cold Snap","Apotheosis","Torii","War Paint","Glacier","Turbo","DollysMirror","Chemical X","Molten Egg 2","Orichalcum","DistilledChaos","Scrape+1","Anchor","Chill"],"campfire_rested":1,"item_purchase_floors":[0,0,0,0,0,0,0,0,0,0,0,2,2,2,2,2,2,2,4,4,4,12,12,28,28,28,28,28,37,37],"current_hp_per_floor":[42,42,33,33,33,30,63,42,42,42,45,45,46,55,70,81,81,63,81,58,74,74,59,68,83,83,86,86,86,75,75,86,86,86,86,48,48,35,0,0],"gold":88,"neow_bonus":"","is_daily":false,"chose_seed":false,"campfire_upgraded":3,"win_rate":0.0,"timestamp":1613192519,"path_taken":["M","$","M","$","M","E","R","?","T","?","E","?","M","M","R","BOSS","M","?","?","?","?","E","M","E","T","R","$","?","E","?","R","BOSS","M","M","$","?","M"],"items_purchased_type":["Relic","Relic","Relic","Card","Card","Card","Card","Relic","Relic","Card","Card","Relic","Card","Card","Relic","Relic","Card","Card","Relic","Relic","Card","Card","Relic","Relic","Relic","Relic","Potion","Card","Relic","Card"],"build_version":"2020-12-22","purchased_purges":4,"victory":false,"max_hp_per_floor":[71,71,71,71,71,71,71,71,71,71,81,81,81,81,81,81,81,81,81,86,86,86,86,86,86,86,86,86,86,86,86,86,86,86,86,86,86,86,86,86],"card_choices":[{"not_picked":["Rebound","Gash"],"picked":"Melter","floor":1.0},{"not_picked":["Double Energy","FTL"],"picked":"Self Repair","floor":3.0},{"not_picked":["Heatsinks","Stack"],"picked":"Redo","floor":5.0},{"not_picked":["Conserve Battery","White Noise"],"picked":"Echo Form","floor":6.0},{"not_picked":["Hyperbeam","Heatsinks","Gash"],"picked":"SKIP","floor":11.0},{"not_picked":["Rebound","Leap"],"picked":"Hologram","floor":13.0},{"not_picked":["Compile Driver","Heatsinks"],"picked":"Coolheaded","floor":14.0},{"not_picked":["All For One","Amplify"],"picked":"Fission","floor":16.0},{"not_picked":["Self Repair","Compile Driver","Darkness"],"picked":"SKIP","floor":18.0},{"not_picked":["Barrage","Steam Power","Streamline"],"picked":"SKIP","floor":19.0},{"not_picked":["Skim+1","Coolheaded"],"picked":"Fusion","floor":23.0},{"not_picked":["Hologram","Recycle","Beam Cell"],"picked":"SKIP","floor":24.0},{"not_picked":["Coolheaded","Cold Snap"],"picked":"Aggregate","floor":25.0},{"not_picked":["Ball Lightning+1","Leap","Redo"],"picked":"SKIP","floor":29.0},{"not_picked":["Echo Form","Skim","Gash+1"],"picked":"SKIP","floor":30.0},{"not_picked":["Echo Form","Meteor Strike+1"],"picked":"Electrodynamics","floor":33.0},{"not_picked":["Rebound+1","Coolheaded"],"picked":"Force Field+1","floor":35.0},{"not_picked":["White Noise+1","Streamline+1"],"picked":"Leap+1","floor":36.0},{"not_picked":["Conserve Battery","Coolheaded"],"picked":"Sweeping Beam+1","floor":38}],"player_experience":567356,"relics_obtained":[{"floor":6.0,"key":"Ancient Tea Set"},{"floor":9.0,"key":"Pen Nib"},{"floor":11.0,"key":"Pear"},{"floor":21.0,"key":"Red Mask"},{"floor":23.0,"key":"Letter Opener"},{"floor":25.0,"key":"Lantern"},{"floor":30.0,"key":"Whetstone"},{"floor":31.0,"key":"Dream Catcher"},{"floor":38,"key":"StoneCalendar"}],"event_choices":[{"damage_healed":0.0,"max_hp_gain":0.0,"max_hp_loss":0.0,"gold_gain":0.0,"event_name":"Shining Light","player_choice":"Entered Light","floor":8.0,"gold_loss":0.0,"damage_taken":21.0,"cards_upgraded":["Self Repair","Defend_B"]},{"damage_healed":0.0,"max_hp_gain":0.0,"max_hp_loss":0.0,"gold_gain":68.0,"event_name":"Golden Wing","player_choice":"Gained Gold","floor":10.0,"gold_loss":0.0,"damage_taken":0.0},{"damage_healed":0.0,"max_hp_gain":5.0,"max_hp_loss":0.0,"gold_gain":0.0,"event_name":"Forgotten Altar","player_choice":"Shed Blood","floor":20.0,"gold_loss":0.0,"damage_taken":28.0},{"damage_healed":0.0,"max_hp_gain":0.0,"max_hp_loss":0.0,"gold_gain":0.0,"event_name":"Masked Bandits","player_choice":"Fought Bandits","floor":21.0,"gold_loss":0.0,"damage_taken":0.0},{"cards_removed":["Strike_B"],"damage_healed":0.0,"max_hp_gain":0.0,"max_hp_loss":0.0,"gold_gain":0.0,"event_name":"Designer","player_choice":"Upgrade and Remove","floor":22.0,"gold_loss":110.0,"damage_taken":0.0,"cards_upgraded":["Dualcast"]},{"damage_healed":0,"gold_gain":0,"player_choice":"Fight","damage_taken":0,"max_hp_gain":0,"max_hp_loss":0,"event_name":"Mysterious Sphere","floor":38,"gold_loss":0}],"is_beta":false,"boss_relics":[{"not_picked":["Astrolabe","Tiny House"],"picked":"Ectoplasm"},{"not_picked":["Nuclear Battery","Velvet Choker"],"picked":"Inserter"}],"items_purged_floors":[0,2,28,37],"is_endless":false,"potions_floor_spawned":[1,6,11,21,24,29,33,36],"killed_by":"Spire Growth","ascension_level":17}}