{"host":"ydg0vn0pu4pubmdt","time":1613213096,"event":{"mods":["AchievementEnabler","BaseMod","Colored Map","Gold Saver","Minty Spire (QoL Compilation)","Quick Restart","SuperFastMode"],"gold_per_floor":[111,111,111,128,128,128,162,178,232,232,252,252,137,165,165,237,237,255,269,282,301,315,315,325,325,325,114,39,74,24,34,34,111,111,127,64,76,0,53,53,4,4,4,4,36,48,48,48,48,48,48,48],"floor_reached":51,"language":"KOR","playtime":1139,"items_purged":["Strike_R","Strike_R","Strike_R"],"score":1356,"play_id":"58396233-e53e-42f1-8cea-6682e3f50901","local_time":"20210213194456","is_ascension_mode":true,"campfire_choices":[{"data":"Fire Breathing","floor":6.0,"key":"SMITH"},{"data":"Immolate","floor":10.0,"key":"SMITH"},{"data":"Body Slam","floor":15.0,"key":"SMITH"},{"floor":23.0,"key":"REST"},{"floor":32,"key":"REST"},{"floor":40,"key":"REST"},{"data":"Purity","floor":42,"key":"SMITH"},{"data":"Feel No Pain","floor":44,"key":"SMITH"},{"floor":49,"key":"RECALL"}],"circlet_count":0,"master_deck":["AscendersBane","Defend_R","Defend_R","Defend_R","Defend_R","Bash","Pommel Strike","Fire Breathing+1","Impervious","Twin Strike","Body Slam+1","Immolate+1","Feel No Pain+1","Shrug It Off+1","Reckless Charge+1","Evolve+1","Wild Strike","Purity+1","Dark Embrace+1","Finesse"],"relics":["Burning Blood","NeowsBlessing","Bag of Marbles","Omamori","Lantern","Art of War","Calipers","Calling Bell","Regal Pillow","InkBottle","Pocketwatch","Frozen Egg 2","Membership Card","Juzu Bracelet","Black Star","Red Mask","MealTicket","Pear","Bronze Scales"],"acts_visited":["Exordium","TheCity","TheBeyond"],"potions_floor_usage":[29,29,31,33],"damage_taken":[{"damage":0.0,"enemies":"Small Slimes","floor":1.0,"turns":1.0},{"damage":0.0,"enemies":"Jaw Worm","floor":4.0,"turns":1.0},{"damage":0.0,"enemies":"Lagavulin","floor":7.0,"turns":1.0},{"damage":1.0,"enemies":"Cultist","floor":8.0,"turns":3.0},{"damage":1.0,"enemies":"Looter","floor":11.0,"turns":2.0},{"damage":8.0,"enemies":"Gremlin Nob","floor":14.0,"turns":3.0},{"damage":45.0,"enemies":"Hexaghost","floor":16.0,"turns":9.0},{"damage":26.0,"enemies":"3 Byrds","floor":18.0,"turns":4.0},{"damage":0.0,"enemies":"Chosen","floor":19.0,"turns":3.0},{"damage":35.0,"enemies":"Centurion and Healer","floor":20.0,"turns":6.0},{"damage":0.0,"enemies":"Cultist and Chosen","floor":21.0,"turns":3.0},{"damage":13.0,"enemies":"Snake Plant","floor":22.0,"turns":3.0},{"damage":15.0,"enemies":"Centurion and Healer","floor":24.0,"turns":5.0},{"damage":24,"enemies":"Book of Stabbing","floor":29,"turns":4},{"damage":3,"enemies":"Cultist and Chosen","floor":31,"turns":5},{"damage":67,"enemies":"Automaton","floor":33,"turns":9},{"damage":31,"enemies":"Orb Walker","floor":35,"turns":4},{"damage":19,"enemies":"3 Darklings","floor":37,"turns":4},{"damage":23,"enemies":"Reptomancer","floor":45,"turns":5},{"damage":0,"enemies":"Sphere and 2 Shapes","floor":46,"turns":4},{"damage":82,"enemies":"Time Eater","floor":50,"turns":11},{"damage":9,"enemies":"Awakened One","floor":51,"turns":2}],"seed_played":"-3318896913528480088","potions_obtained":[{"floor":4.0,"key":"Explosive Potion"},{"floor":8.0,"key":"SpeedPotion"},{"floor":16.0,"key":"DuplicationPotion"},{"floor":29,"key":"DuplicationPotion"},{"floor":31,"key":"Regen Potion"},{"floor":37,"key":"Block Potion"}],"is_trial":false,"path_per_floor":["M","?","?","M","?","R","E","M","T","R","M","T","$","E","R","B",null,"M","M","M","M","M","R","M","?","T","$","?","E","$","M","R","B",null,"M","$","M","?","T","R","$","R","T","R","E","M","?","$","R","B","B"],"character_chosen":"IRONCLAD","items_purchased":["Feel No Pain","Membership Card","Evolve+1","BloodPotion","Purity"],"campfire_rested":3,"item_purchase_floors":[13,27,30,30,41],"current_hp_per_floor":[74,69,69,75,68,68,74,75,75,75,75,75,75,73,73,34,65,45,51,22,28,21,58,49,28,28,28,28,10,10,29,68,20,65,40,40,27,27,27,66,80,80,80,80,73,79,69,84,84,8,0,0],"gold":48,"neow_bonus":"THREE_ENEMY_KILL","is_daily":false,"chose_seed":false,"campfire_upgraded":5,"win_rate":0.0,"timestamp":1613213096,"path_taken":["M","?","?","?","?","R","E","M","T","R","M","?","?","E","R","BOSS","M","M","M","M","M","R","M","?","T","$","?","E","?","M","R","BOSS","M","$","M","?","?","R","?","R","T","R","E","M","?","$","R","BOSS","BOSS"],"items_purchased_type":["Card","Relic","Card","Potion","Card"],"build_version":"2020-12-22","purchased_purges":3,"victory":false,"max_hp_per_floor":[75,75,75,75,75,75,75,75,75,75,75,75,75,75,75,75,75,75,75,75,75,75,75,75,80,80,80,80,80,80,80,80,80,80,80,80,80,80,80,80,80,80,80,80,90,90,90,90,90,90,90,90],"card_choices":[{"not_picked":["Spot Weakness","Shrug It Off"],"picked":"Pommel Strike","floor":1.0},{"not_picked":["Anger","Spot Weakness","Clothesline"],"picked":"SKIP","floor":4.0},{"not_picked":["Iron Wave","Sword Boomerang"],"picked":"Body Slam","floor":7.0},{"not_picked":["Pummel","Cleave"],"picked":"Immolate","floor":8.0},{"not_picked":["Anger","Clothesline","Rage"],"picked":"SKIP","floor":11.0},{"not_picked":["Cleave","Twin Strike","Limit Break"],"picked":"SKIP","floor":14.0},{"not_picked":["Pummel","Dropkick"],"picked":"Shrug It Off+1","floor":18.0},{"not_picked":["Warcry","Rage+1","Infernal Blade"],"picked":"SKIP","floor":19.0},{"not_picked":["Warcry","Rage+1","Infernal Blade"],"picked":"SKIP","floor":19.0},{"not_picked":["Dark Embrace","Infernal Blade"],"picked":"Reckless Charge+1","floor":20.0},{"not_picked":["Reckless Charge","Warcry","Pommel Strike"],"picked":"SKIP","floor":21.0},{"not_picked":["Shrug It Off","Pummel","Disarm"],"picked":"SKIP","floor":22.0},{"not_picked":["Double Tap","Disarm+1","Heavy Blade"],"picked":"SKIP","floor":24.0},{"not_picked":["Clothesline","Pommel Strike","Intimidate"],"picked":"SKIP","floor":29},{"not_picked":["Sword Boomerang","Sentinel"],"picked":"Wild Strike","floor":31},{"not_picked":["Carnage","Headbutt","Perfected Strike+1"],"picked":"SKIP","floor":35},{"not_picked":["Ghostly Armor","Rupture+1","Cleave"],"picked":"SKIP","floor":37},{"not_picked":["Thunderclap","Iron Wave","Anger"],"picked":"SKIP","floor":45},{"not_picked":["Heavy Blade","Cleave"],"picked":"Dark Embrace+1","floor":46},{"not_picked":["Forethought","Purity"],"picked":"Finesse","floor":47}],"player_experience":543552,"relics_obtained":[{"floor":7.0,"key":"Omamori"},{"floor":9.0,"key":"Lantern"},{"floor":12.0,"key":"Art of War"},{"floor":14.0,"key":"Calipers"},{"floor":17.0,"key":"Regal Pillow"},{"floor":17.0,"key":"InkBottle"},{"floor":17.0,"key":"Pocketwatch"},{"floor":26.0,"key":"Frozen Egg 2"},{"floor":29,"key":"Juzu Bracelet"},{"floor":39,"key":"MealTicket"},{"floor":45,"key":"Pear"},{"floor":45,"key":"Bronze Scales"}],"event_choices":[{"damage_healed":0.0,"max_hp_gain":0.0,"max_hp_loss":0.0,"gold_gain":0.0,"event_name":"Scrap Ooze","player_choice":"Success","floor":2.0,"gold_loss":0.0,"damage_taken":5.0,"relics_obtained":["Bag of Marbles"]},{"damage_healed":0.0,"max_hp_gain":0.0,"max_hp_loss":0.0,"gold_gain":0.0,"event_name":"Match and Keep!","player_choice":"3 cards matched","floor":3.0,"gold_loss":0.0,"damage_taken":0.0,"cards_obtained":["Fire Breathing","Impervious","Twin Strike"]},{"cards_removed":["Strike_R"],"damage_healed":0.0,"max_hp_gain":0.0,"max_hp_loss":0.0,"gold_gain":0.0,"event_name":"Golden Wing","player_choice":"Card Removal","floor":5.0,"gold_loss":0.0,"damage_taken":7.0},{"damage_healed":0.0,"max_hp_gain":5.0,"max_hp_loss":0.0,"gold_gain":0.0,"event_name":"Forgotten Altar","player_choice":"Shed Blood","floor":25.0,"gold_loss":0.0,"damage_taken":26.0},{"cards_removed":["Strike_R"],"damage_healed":0.0,"max_hp_gain":0.0,"max_hp_loss":0.0,"gold_gain":0.0,"event_name":"Beggar","player_choice":"Gave Gold","floor":28.0,"gold_loss":75.0,"damage_taken":0.0},{"damage_healed":0,"gold_gain":0,"player_choice":"Paid","damage_taken":0,"relics_obtained":["Red Mask"],"max_hp_gain":0,"max_hp_loss":0,"event_name":"Tomb of Lord Red Mask","floor":38,"gold_loss":76},{"damage_healed":0,"gold_gain":0,"player_choice":"Memory 3","damage_taken":10,"max_hp_gain":0,"max_hp_loss":0,"event_name":"SensoryStone","floor":47,"gold_loss":0}],"is_beta":false,"boss_relics":[{"not_picked":["Sozu","Philosopher\u0027s Stone"],"picked":"Calling Bell"},{"not_picked":["Runic Pyramid","Runic Dome"],"picked":"Black Star"}],"items_purged_floors":[13,27,36],"is_endless":false,"potions_floor_spawned":[4,8,16,19,24,29,31,37,45,46],"killed_by":"Awakened One","ascension_level":20}}