{"host":"5jdby9iqu3ct6557","time":1613249631,"event":{"mods":["BaseMod","DeckTracker","Highlight Path","Minty Spire (QoL Compilation)","Relic Stats","StSLib","ojb\u0027s Info Mod"],"gold_per_floor":[115,134,134,59,72,99,99,99,99,114,149,166,193,193,193,267,267,284,296,139,54,70,70,70,70,70,82,121,133,174,199,211,300,312,340,365,377,389,389],"floor_reached":38,"language":"ENG","playtime":7017,"items_purged":[],"score":1064,"play_id":"81fe9128-cd1d-4ada-8b15-90d4c40c0d31","local_time":"20210213155351","is_ascension_mode":true,"campfire_choices":[{"floor":8,"key":"REST"},{"data":"Meditate","floor":15,"key":"SMITH"},{"data":"Scrawl","floor":23,"key":"SMITH"},{"data":"Scrawl","floor":25,"key":"SMITH"},{"data":"Vault","floor":27,"key":"SMITH"},{"data":"BowlingBash","floor":29,"key":"SMITH"},{"floor":32,"key":"REST"}],"circlet_count":0,"master_deck":["AscendersBane","Eruption","Vigilance","CrushJoints+1","FlurryOfBlows","Crescendo","Vault+1","BattleHymn","Halt","BowlingBash+1","Meditate+1","Devotion","CutThroughFate","Scrawl+1","DeceiveReality","BattleHymn","Prostrate","Blasphemy","Scrawl+1","EmptyFist","Protect","Meditate+1","EmptyFist+1","WaveOfTheHand+1","Pray+1","Establishment+1","Perseverance+1"],"relics":["PureWater","Bird Faced Urn","Singing Bowl","Lantern","Pocketwatch","Art of War","Pandora\u0027s Box","DollysMirror","Toxic Egg 2","MawBank","Mercury Hourglass","Orichalcum","Runic Pyramid"],"acts_visited":["Exordium","TheCity","TheBeyond"],"potions_floor_usage":[6,16,28,30,36],"damage_taken":[{"damage":0,"enemies":"Jaw Worm","floor":1,"turns":3},{"damage":0,"enemies":"Cultist","floor":2,"turns":3},{"damage":10,"enemies":"2 Louse","floor":5,"turns":2},{"damage":37,"enemies":"3 Sentries","floor":6,"turns":11},{"damage":3,"enemies":"Large Slime","floor":10,"turns":4},{"damage":0,"enemies":"Lagavulin","floor":11,"turns":5},{"damage":17,"enemies":"Lots of Slimes","floor":12,"turns":10},{"damage":0,"enemies":"Gremlin Nob","floor":13,"turns":3},{"damage":0,"enemies":"Slime Boss","floor":16,"turns":3},{"damage":5,"enemies":"2 Thieves","floor":18,"turns":5},{"damage":5,"enemies":"3 Byrds","floor":19,"turns":6},{"damage":4,"enemies":"Snake Plant","floor":22,"turns":5},{"damage":7,"enemies":"Book of Stabbing","floor":28,"turns":5},{"damage":18,"enemies":"Slavers","floor":30,"turns":5},{"damage":10,"enemies":"Cultist and Chosen","floor":31,"turns":5},{"damage":13,"enemies":"Champ","floor":33,"turns":8},{"damage":9,"enemies":"Orb Walker","floor":35,"turns":5},{"damage":32,"enemies":"3 Darklings","floor":36,"turns":9},{"damage":42,"enemies":"Writhing Mass","floor":38,"turns":5}],"seed_played":"5687566424477132281","potions_obtained":[{"floor":1,"key":"Block Potion"},{"floor":10,"key":"DuplicationPotion"},{"floor":11,"key":"Dexterity Potion"},{"floor":16,"key":"Weak Potion"},{"floor":19,"key":"Strength Potion"},{"floor":28,"key":"Weak Potion"}],"is_trial":false,"path_per_floor":["M","M","?","?","M","E","?","R","T","M","E","M","E","T","R","B",null,"M","M","$","?","M","R","?","R","T","R","E","R","E","M","R","B",null,"M","M","?","M"],"character_chosen":"WATCHER","items_purchased":["DollysMirror"],"campfire_rested":2,"item_purchase_floors":[20],"current_hp_per_floor":[61,61,66,66,56,19,19,39,39,36,38,23,25,25,25,27,57,58,59,59,59,59,59,59,59,59,59,56,56,40,34,54,47,64,61,35,35,0,0],"gold":389,"neow_bonus":"ONE_RARE_RELIC","is_daily":false,"chose_seed":false,"campfire_upgraded":5,"win_rate":0.0,"timestamp":1613249631,"path_taken":["M","M","?","?","M","E","?","R","T","M","E","?","E","?","R","BOSS","M","M","$","?","M","R","?","R","T","R","E","R","E","M","R","BOSS","M","M","?","M"],"items_purchased_type":["Relic"],"build_version":"2020-12-22","purchased_purges":0,"victory":false,"max_hp_per_floor":[62,62,67,67,67,67,67,67,67,67,67,67,67,67,67,67,67,67,67,67,67,67,67,67,67,67,67,69,69,69,69,69,69,69,69,71,71,71,71],"relic_stats":{"Singing Bowl":4,"counters":[19,101],"Bird Faced Urn":[52],"Pandora\u0027s Box":["CutThroughFate","Scrawl","DeceiveReality","BattleHymn","Prostrate","Blasphemy","Scrawl"],"Art of War":[7],"Orichalcum":[30],"MawBank":144,"obtain_stats":[{"Lantern":11,"Singing Bowl":6,"Orichalcum":30,"MawBank":26,"Mercury Hourglass":28,"DollysMirror":20,"Bird Faced Urn":0,"Pandora\u0027s Box":17,"Art of War":14,"PureWater":0,"Toxic Egg 2":21,"Pocketwatch":13,"Runic Pyramid":34},{"Lantern":6,"Singing Bowl":4,"Orichalcum":14,"MawBank":12,"Mercury Hourglass":13,"DollysMirror":11,"Bird Faced Urn":0,"Pandora\u0027s Box":9,"Art of War":8,"PureWater":0,"Toxic Egg 2":11,"Pocketwatch":8,"Runic Pyramid":16},{"Lantern":28,"Singing Bowl":19,"Orichalcum":70,"MawBank":60,"Mercury Hourglass":65,"DollysMirror":55,"Bird Faced Urn":0,"Pandora\u0027s Box":44,"Art of War":41,"PureWater":0,"Toxic Egg 2":55,"Pocketwatch":41,"Runic Pyramid":83}],"Pocketwatch":[26],"Mercury Hourglass":[126]},"card_choices":[{"not_picked":["EmptyMind","CutThroughFate"],"picked":"CrushJoints","floor":1},{"not_picked":["Halt","Crescendo"],"picked":"FlurryOfBlows","floor":2},{"not_picked":["CutThroughFate","JustLucky"],"picked":"Crescendo","floor":5},{"not_picked":["Nirvana","Sanctity"],"picked":"Vault","floor":6},{"not_picked":["Halt","CarveReality"],"picked":"BattleHymn","floor":10},{"not_picked":["Evaluate","ClearTheMind"],"picked":"Halt","floor":11},{"not_picked":["PathToVictory","EmptyMind"],"picked":"BowlingBash","floor":12},{"not_picked":["Adaptation","Protect"],"picked":"Meditate","floor":13},{"not_picked":["Alpha","Omniscience"],"picked":"Devotion","floor":16},{"not_picked":["FollowUp","Consecrate"],"picked":"EmptyFist","floor":18},{"not_picked":["Weave","Prostrate"],"picked":"Protect","floor":19},{"not_picked":["Evaluate+1","ThirdEye+1"],"picked":"EmptyFist+1","floor":22},{"not_picked":["ReachHeaven","Consecrate","FlurryOfBlows"],"picked":"Singing Bowl","floor":28},{"not_picked":["FlyingSleeves","WheelKick"],"picked":"WaveOfTheHand+1","floor":30},{"not_picked":["WaveOfTheHand+1","TalkToTheHand"],"picked":"Pray+1","floor":31},{"not_picked":["DeusExMachina+1","Judgement+1"],"picked":"Establishment","floor":33},{"not_picked":["Halt+1","Consecrate"],"picked":"Perseverance+1","floor":35},{"not_picked":["Wireheading","CutThroughFate","EmptyMind+1"],"picked":"Singing Bowl","floor":36}],"player_experience":2715134,"relics_obtained":[{"floor":6,"key":"Singing Bowl"},{"floor":11,"key":"Lantern"},{"floor":13,"key":"Pocketwatch"},{"floor":14,"key":"Art of War"},{"floor":26,"key":"MawBank"},{"floor":28,"key":"Mercury Hourglass"},{"floor":30,"key":"Orichalcum"}],"event_choices":[{"damage_healed":0,"gold_gain":0,"player_choice":"Donut","damage_taken":0,"max_hp_gain":5,"max_hp_loss":0,"event_name":"Big Fish","floor":3,"gold_loss":0},{"cards_removed":["Strike_P"],"damage_healed":0,"gold_gain":0,"player_choice":"Card Removal","damage_taken":0,"max_hp_gain":0,"max_hp_loss":0,"event_name":"The Cleric","floor":4,"gold_loss":75},{"damage_healed":0,"gold_gain":0,"player_choice":"Upgraded","damage_taken":0,"max_hp_gain":0,"max_hp_loss":0,"event_name":"Upgrade Shrine","floor":7,"gold_loss":0,"cards_upgraded":["CrushJoints"]},{"damage_healed":0,"gold_gain":0,"player_choice":"Obtained Relic","damage_taken":0,"relics_obtained":["Toxic Egg 2"],"max_hp_gain":0,"max_hp_loss":0,"event_name":"Addict","floor":21,"gold_loss":85},{"damage_healed":0,"gold_gain":0,"player_choice":"Ignored","damage_taken":0,"max_hp_gain":0,"max_hp_loss":0,"event_name":"Ghosts","floor":24,"gold_loss":0},{"damage_healed":0,"gold_gain":0,"player_choice":"Upgraded","damage_taken":0,"max_hp_gain":0,"max_hp_loss":0,"event_name":"Upgrade Shrine","floor":37,"gold_loss":0,"cards_upgraded":["Establishment"]}],"is_beta":false,"boss_relics":[{"not_picked":["HolyWater","Empty Cage"],"picked":"Pandora\u0027s Box"},{"not_picked":["SlaversCollar","Astrolabe"],"picked":"Runic Pyramid"}],"items_purged_floors":[],"is_endless":false,"potions_floor_spawned":[1,10,11,16,19,22,28],"killed_by":"Writhing Mass","ascension_level":20}}