{"host":"cepa1iaiubs928mn","time":1613250144,"event":{"mods":["Bard","BaseMod","Beaked The Cultist","Conspire","Gremlin Mod","Hermit","Hubris","KinomotoSakuraMod(ÙÊñýÜâ?)","Luminous","Marisa£¨Ùöéë¡¡Øª×âÞÞ£©","Mimic Mod","Minty Spire (QoL Compilation)","Quick Restart","Replay The Spire","Robot Space Explorer","Shop Mod","StSLib","Td1madao Mod","The Animator","The Bladedancer","The Bug Knight","The Construct","The Cursed","The Disciple","The Dragon Tamer","The Gatherer","The Hierophant","The Mystic","The Necromancer","The Poker Player","The Runesmith","The Senshi","The Servant 0.9.4","The Witch","Waifu the Spire","Youmu£¨ûëÛÞèí?£©","Yuri Mod"],"gold_per_floor":[110,125,17,30,42,42,117,146,216,116,129,129,129,4,4,104,104,117,137,103,103,122,154,154,4,28,28,28,28,40,59,59,160,160,171,191,151,162,32,57,57,90,90,101,101,101,101,111,111,111,111],"floor_reached":50,"language":"KOR","playtime":1890,"items_purged":["yuri:yuriStrike","yuri:yuriStrike","yuri:yuriStrike","yuri:GlitchedStrike"],"score":845,"play_id":"6facc026-7002-4dcd-ac44-fa175fac2894","local_time":"20210214060224","is_ascension_mode":false,"campfire_choices":[{"data":"yuri:yuriStab","floor":6.0,"key":"SMITH"},{"data":"yuri:DragonForm","floor":15.0,"key":"SMITH"},{"floor":28,"key":"REST"},{"data":"yuri:GrowingInsanity","floor":32,"key":"SMITH"},{"floor":41,"key":"REST"},{"floor":45,"key":"REST"},{"floor":47,"key":"REST"},{"floor":49,"key":"REST"}],"circlet_count":0,"master_deck":["yuri:yuriStrike","yuri:yuriStrike+1","yuri:yuriDefend+1","yuri:yuriDefend","yuri:yuriDefend","yuri:yuriDefend","yuri:Oolong","yuri:yuriStab+1","yuri:ThrowingKnives","yuri:Spin+1","yuri:TeaSet","yuri:WickedSlash+1","yuri:DragonForm+1","yuri:MirrorInsanity","yuri:MPose+1","yuri:MultiDip","yuri:ThrowBook+1","yuri:Stare+1","yuri:yuriStab+1","yuri:GrowingInsanity+1","yuri:SturdyUniform+1","yuri:WickedSlash+1","yuri:HeavierStrike","yuri:BookBlue","yuri:DeepBreathing","yuri:TeaSet+1"],"relics":["yuri:yuriKnife","hubris:FunFungus","Bottled Tornado","construct:WeddingRing","Nloth\u0027s Gift","HollowMod:PaleOreRelic","Dream Catcher","MutagenicStrength","hubris:TerracottaHorce","hubris:Zylophone","Whetstone","Pet Ghost"],"acts_visited":["Exordium","TheCity","TheBeyond"],"potions_floor_usage":[50,50],"damage_taken":[{"damage":0.0,"enemies":"Cultist","floor":1.0,"turns":1.0},{"damage":0.0,"enemies":"Small Slimes","floor":2.0,"turns":1.0},{"damage":0.0,"enemies":"2 Louse","floor":4.0,"turns":1.0},{"damage":0.0,"enemies":"2 Fungi Beasts","floor":5.0,"turns":2.0},{"damage":0.0,"enemies":"3 Sentries","floor":8.0,"turns":2.0},{"damage":4.0,"enemies":"Looter","floor":11.0,"turns":2.0},{"damage":21.0,"enemies":"Hexaghost","floor":16.0,"turns":5.0},{"damage":2.0,"enemies":"Spheric Guardian","floor":18.0,"turns":2.0},{"damage":15.0,"enemies":"2 Thieves","floor":19.0,"turns":3.0},{"damage":16.0,"enemies":"Shelled Parasite and Fungi","floor":22.0,"turns":3.0},{"damage":18.0,"enemies":"Gremlin Leader","floor":23.0,"turns":4.0},{"damage":10,"enemies":"Snecko","floor":30,"turns":3},{"damage":2,"enemies":"3 Cultists","floor":31,"turns":2},{"damage":25,"enemies":"Pondfish","floor":33,"turns":5},{"damage":10,"enemies":"3 Darklings","floor":35,"turns":4},{"damage":4,"enemies":"Orb Walker","floor":36,"turns":3},{"damage":27,"enemies":"Sphere and 2 Shapes","floor":38,"turns":4},{"damage":13,"enemies":"Reptomancer","floor":40,"turns":3},{"damage":36,"enemies":"Giant Head","floor":42,"turns":5},{"damage":21,"enemies":"Jaw Worm Horde","floor":44,"turns":2},{"damage":10,"enemies":"Transient","floor":48,"turns":5},{"damage":76,"enemies":"Replay:Hell Engine","floor":50,"turns":6}],"seed_played":"5903772884710145793","potions_obtained":[{"floor":4.0,"key":"DuplicationPotion"},{"floor":5.0,"key":"Elixir"},{"floor":8.0,"key":"SpeedPotion"},{"floor":16.0,"key":"Strength Potion"}],"is_trial":false,"path_per_floor":["M","M","$","M","M","R","?","E","T","$","M","?","?","$","R","B",null,"M","M","$","?","M","E","?","$","T","?","R","?","M","M","R","B",null,"M","M","?","M","$","E","R","E","T","M","R","$","R","M","R","B"],"character_chosen":"YURI","items_purchased":["yuri:Spin+1","yuri:MultiDip","yuri:HeavierStrike","yuri:BookBlue"],"campfire_rested":5,"item_purchase_floors":[3,20,39,39],"current_hp_per_floor":[80,80,80,80,80,80,69,73,73,73,74,74,74,74,74,57,80,78,67,67,67,55,41,41,41,41,41,65,65,55,53,53,33,68,63,59,59,38,38,26,50,20,20,3,27,27,51,46,70,0,0],"gold":111,"neow_bonus":"THREE_ENEMY_KILL","is_daily":false,"chose_seed":false,"campfire_upgraded":3,"win_rate":0.0,"timestamp":1613250144,"path_taken":["M","?","$","M","M","R","?","E","T","$","M","?","?","?","R","BOSS","M","M","$","?","?","E","?","$","T","?","R","?","M","M","R","BOSS","M","M","?","M","$","E","R","E","T","M","R","?","R","M","R","BOSS"],"items_purchased_type":["Card","Card","Card","Card"],"build_version":"2020-12-22","purchased_purges":4,"victory":false,"max_hp_per_floor":[80,80,80,80,80,80,80,80,80,80,80,80,80,80,80,80,80,80,80,80,80,80,80,80,80,80,80,80,80,80,80,80,80,80,80,80,80,80,80,80,80,80,80,80,80,80,80,80,80,80,80],"card_choices":[{"not_picked":["yuri:TPose","yuri:RecklessStrike"],"picked":"yuri:ThrowingKnives","floor":1.0},{"not_picked":["yuri:DejaVu","yuri:TPose","yuri:HeavierStrike"],"picked":"SKIP","floor":2.0},{"not_picked":["yuri:Stare","yuri:HeavierStrike"],"picked":"yuri:TeaSet","floor":4.0},{"not_picked":["yuri:UnstableStrike","yuri:Stare"],"picked":"yuri:WickedSlash","floor":5.0},{"not_picked":["yuri:Stare","yuri:RecklessStrike"],"picked":"yuri:DragonForm","floor":8.0},{"not_picked":["yuri:Stare","yuri:CalmingAura"],"picked":"yuri:GlitchedStrike","floor":11.0},{"not_picked":["yuri:JumpScare","yuri:RelentlessStrikes"],"picked":"yuri:MirrorInsanity","floor":16.0},{"not_picked":["yuri:yuriQuickStrike","yuri:HeavierStrike","yuri:ReloadGame"],"picked":"SKIP","floor":18.0},{"not_picked":["yuri:ArmBrace","yuri:InsanityDefense+1"],"picked":"yuri:MPose","floor":19.0},{"not_picked":["yuri:ThrowBook","yuri:GlitchedStrike","yuri:Spin"],"picked":"SKIP","floor":22.0},{"not_picked":["yuri:Virus","yuri:ChibiInvasion"],"picked":"yuri:ThrowBook+1","floor":23.0},{"not_picked":["yuri:CorruptHitbox","yuri:DebugCard+1"],"picked":"yuri:Stare+1","floor":28},{"not_picked":["yuri:DeepBreathing+1","yuri:Stare","yuri:Suicide"],"picked":"SKIP","floor":30},{"not_picked":["yuri:DebugCard","yuri:ReloadGame"],"picked":"yuri:GrowingInsanity","floor":31},{"not_picked":["yuri:Stalk","yuri:GrowingInsanity+1"],"picked":"yuri:SturdyUniform+1","floor":35},{"not_picked":["yuri:SturdyUniform+1","yuri:Stalk","yuri:TPose"],"picked":"SKIP","floor":36},{"not_picked":["yuri:DebugCard","yuri:GlitchedStrike"],"picked":"yuri:WickedSlash+1","floor":38},{"not_picked":["yuri:AdaptiveAI+1","yuri:DuplicateCode","yuri:WickedSlash"],"picked":"SKIP","floor":40},{"not_picked":["yuri:GlitchedStrike+1","yuri:HeavierStrike+1"],"picked":"yuri:DeepBreathing","floor":42},{"not_picked":["yuri:CalmingAura","yuri:DistillInsanity","yuri:Parry"],"picked":"SKIP","floor":44},{"not_picked":["yuri:GlitchedStrike","yuri:DejaVu+1"],"picked":"yuri:TeaSet+1","floor":45},{"not_picked":["yuri:ThrowingKnives+1","yuri:DragonForm","yuri:Stare+1"],"picked":"SKIP","floor":48}],"player_experience":14189,"relics_obtained":[{"floor":8.0,"key":"hubris:FunFungus"},{"floor":9.0,"key":"Bottled Tornado"},{"floor":23.0,"key":"HollowMod:PaleOreRelic"},{"floor":26,"key":"Dream Catcher"},{"floor":40,"key":"hubris:Zylophone"},{"floor":42,"key":"Whetstone"},{"floor":43,"key":"Pet Ghost"}],"event_choices":[{"damage_healed":0.0,"max_hp_gain":0.0,"max_hp_loss":0.0,"gold_gain":75.0,"event_name":"World of Goop","player_choice":"Gather Gold","floor":7.0,"gold_loss":0.0,"damage_taken":11.0},{"cards_removed":["yuri:yuriDefend"],"damage_healed":0.0,"max_hp_gain":0.0,"max_hp_loss":0.0,"gold_gain":0.0,"event_name":"Living Wall","player_choice":"Forget","floor":12.0,"gold_loss":0.0,"damage_taken":0.0},{"damage_healed":0.0,"max_hp_gain":0.0,"max_hp_loss":0.0,"gold_gain":0.0,"event_name":"conspire:Investor","player_choice":"Leave","floor":13.0,"gold_loss":0.0,"damage_taken":0.0},{"damage_healed":0.0,"max_hp_gain":0.0,"max_hp_loss":0.0,"gold_gain":0.0,"event_name":"N\u0027loth","player_choice":"Traded Relic","floor":21.0,"relics_lost":["NeowsBlessing"],"gold_loss":0.0,"damage_taken":0.0,"relics_obtained":["Nloth\u0027s Gift"]},{"damage_healed":0,"gold_gain":0,"player_choice":"Ignored","damage_taken":0,"max_hp_gain":0,"max_hp_loss":0,"event_name":"The Mausoleum","floor":24,"gold_loss":0},{"damage_healed":0,"gold_gain":0,"player_choice":"Inject Mutagens","damage_taken":0,"relics_obtained":["MutagenicStrength"],"max_hp_gain":0,"max_hp_loss":0,"event_name":"Drug Dealer","floor":27,"gold_loss":0},{"damage_healed":0,"gold_gain":0,"player_choice":"Copied","damage_taken":0,"max_hp_gain":0,"max_hp_loss":0,"event_name":"Duplicator","floor":29,"gold_loss":0,"cards_obtained":["yuri:yuriStab"]},{"damage_healed":0,"gold_gain":0,"player_choice":"Upgraded Two","damage_taken":0,"max_hp_gain":0,"max_hp_loss":0,"event_name":"Designer","floor":37,"gold_loss":40,"cards_upgraded":["yuri:MPose","yuri:yuriDefend"]}],"is_beta":false,"boss_relics":[{"not_picked":["Replay:Ancient Bell","Kintsugi"],"picked":"construct:WeddingRing"},{"not_picked":["hubris:RunicObelisk","Cursed Key"],"picked":"hubris:TerracottaHorce"}],"items_purged_floors":[3,10,14,25],"is_endless":false,"potions_floor_spawned":[4,5,8,16,19,22,30,35,38,40],"killed_by":"Replay:Hell Engine","ascension_level":0}}