{"host":"vumwfieg2b2mnrfl","time":1613178376,"event":{"mods":["AchievementEnabler","BaseMod","Minty Spire (QoL Compilation)","Rare Cards Sparkle","Relic Stats"],"gold_per_floor":[110,125,50,50,113,113,263,301,301,301,334,334,334,334],"floor_reached":13,"language":"ENG","playtime":266,"items_purged":[],"score":228,"play_id":"0bc66609-016e-47f9-809d-57d95477cc46","local_time":"20210212190616","is_ascension_mode":true,"campfire_choices":[{"data":"Dash","floor":6.0,"key":"SMITH"},{"floor":12,"key":"REST"}],"circlet_count":0,"master_deck":["AscendersBane","Strike_G","Strike_G","Strike_G","Strike_G","Defend_G","Defend_G","Defend_G","Defend_G","Defend_G","Survivor","Neutralize","Deadly Poison","Dash+1","Doubt","Blur","Glass Knife"],"relics":["Ring of the Snake","NeowsBlessing","Golden Idol","Nunchaku","Omamori","Orichalcum"],"acts_visited":["Exordium"],"potions_floor_usage":[11,13],"damage_taken":[{"damage":0.0,"enemies":"2 Louse","floor":1.0,"turns":1.0},{"damage":0.0,"enemies":"Jaw Worm","floor":2.0,"turns":1.0},{"damage":0.0,"enemies":"Gremlin Nob","floor":8.0,"turns":1.0},{"damage":34,"enemies":"3 Sentries","floor":11,"turns":14},{"damage":21,"enemies":"Gremlin Nob","floor":13,"turns":4}],"seed_played":"4025976244173159306","potions_obtained":[{"floor":8.0,"key":"AttackPotion"},{"floor":11,"key":"Block Potion"}],"is_trial":false,"path_per_floor":["M","M","?","?","?","R","?","E","T","?","E","R","E"],"character_chosen":"THE_SILENT","items_purchased":[],"campfire_rested":1,"item_purchase_floors":[],"current_hp_per_floor":[59,59,59,36,36,36,36,36,36,36,2,21,0,0],"gold":334,"neow_bonus":"THREE_ENEMY_KILL","is_daily":false,"chose_seed":false,"campfire_upgraded":1,"win_rate":0.0,"timestamp":1613178376,"path_taken":["M","M","?","?","?","R","?","E","T","?","E","R","E"],"items_purchased_type":[],"build_version":"2020-12-22","purchased_purges":0,"victory":false,"max_hp_per_floor":[66,66,66,66,66,66,66,66,66,66,66,66,66,66],"relic_stats":{"Nunchaku":[2],"counters":[5,21],"Golden Idol":15,"Orichalcum":[6],"obtain_stats":[{"Nunchaku":8,"NeowsBlessing":0,"Golden Idol":4,"Omamori":9,"Orichalcum":11,"Ring of the Snake":0},{"Nunchaku":3,"NeowsBlessing":0,"Golden Idol":2,"Omamori":3,"Orichalcum":4,"Ring of the Snake":0},{"Nunchaku":3,"NeowsBlessing":0,"Golden Idol":2,"Omamori":3,"Orichalcum":17,"Ring of the Snake":0}],"Ring of the Snake":[10]},"card_choices":[{"not_picked":["Poisoned Stab","Dagger Spray"],"picked":"Deadly Poison","floor":1.0},{"not_picked":["Flying Knee","PiercingWail"],"picked":"Dash","floor":2.0},{"not_picked":["Expertise","Caltrops"],"picked":"Blur","floor":8.0},{"not_picked":["Prepared","Acrobatics"],"picked":"Glass Knife","floor":11}],"player_experience":551831,"relics_obtained":[{"floor":8.0,"key":"Nunchaku"},{"floor":9.0,"key":"Omamori"},{"floor":11,"key":"Orichalcum"}],"event_choices":[{"cards_removed":["Strike_G"],"damage_healed":0.0,"max_hp_gain":0.0,"max_hp_loss":0.0,"gold_gain":0.0,"event_name":"The Cleric","player_choice":"Card Removal","floor":3.0,"gold_loss":75.0,"damage_taken":0.0},{"damage_healed":0.0,"max_hp_gain":0.0,"max_hp_loss":0.0,"gold_gain":0.0,"event_name":"Golden Idol","player_choice":"Take Damage","floor":4.0,"gold_loss":0.0,"damage_taken":23.0,"relics_obtained":["Golden Idol"]},{"damage_healed":0.0,"max_hp_gain":0.0,"max_hp_loss":0.0,"gold_gain":63.0,"event_name":"Golden Wing","player_choice":"Gained Gold","floor":5.0,"gold_loss":0.0,"damage_taken":0.0},{"damage_healed":0.0,"max_hp_gain":0.0,"max_hp_loss":0.0,"gold_gain":150.0,"event_name":"Liars Game","player_choice":"AGREE","floor":7.0,"gold_loss":0.0,"damage_taken":0.0,"cards_obtained":["Doubt"]},{"damage_healed":0.0,"max_hp_gain":0.0,"max_hp_loss":0.0,"gold_gain":0.0,"event_name":"Shining Light","player_choice":"Ignored","floor":10.0,"gold_loss":0.0,"damage_taken":0.0}],"is_beta":false,"boss_relics":[],"items_purged_floors":[],"is_endless":false,"potions_floor_spawned":[8,11],"killed_by":"Gremlin Nob","ascension_level":20}}