{"host":"362zhnvmfmhc3u7b","time":1613192457,"event":{"mods":["BaseMod","Colored Powertips","Minty Spire (QoL Compilation)","Quick Restart","Rare Cards Sparkle","StSLib"],"gold_per_floor":[114,114,125,45,45,74,74,88,88,88,21,32,32,32,32,106,106,126,139,139,139,139],"floor_reached":21,"language":"ENG","playtime":777,"items_purged":[],"score":343,"play_id":"b2117e07-7b12-4a61-af02-918124742bfd","local_time":"20210213000057","is_ascension_mode":true,"campfire_choices":[{"data":"Wallop","floor":7,"key":"SMITH"},{"data":"Conclude","floor":13,"key":"SMITH"},{"data":"ThirdEye","floor":15,"key":"SMITH"}],"circlet_count":0,"master_deck":["AscendersBane","Strike_P","Strike_P","Strike_P","Strike_P","Defend_P","Defend_P","Defend_P","Defend_P","Eruption+1","Vigilance","EmptyFist+1","ThirdEye+1","Wallop+1","ClearTheMind+1","InnerPeace","SandsOfTime","Conclude+1","Ragnarok","EmptyBody","TalkToTheHand"],"relics":["PureWater","NeowsBlessing","Peace Pipe","Velvet Choker","Nloth\u0027s Gift"],"acts_visited":["Exordium","TheCity"],"potions_floor_usage":[16,16],"damage_taken":[{"damage":0,"enemies":"Small Slimes","floor":1,"turns":1},{"damage":0,"enemies":"2 Louse","floor":3,"turns":1},{"damage":0,"enemies":"Gremlin Nob","floor":6,"turns":1},{"damage":2,"enemies":"Jaw Worm","floor":8,"turns":5},{"damage":7,"enemies":"Large Slime","floor":12,"turns":5},{"damage":13,"enemies":"The Guardian","floor":16,"turns":11},{"damage":4,"enemies":"Shell Parasite","floor":18,"turns":4},{"damage":23,"enemies":"3 Byrds","floor":19,"turns":5},{"damage":36,"enemies":"Snake Plant","floor":21,"turns":4}],"seed_played":"8966583338848455215","potions_obtained":[{"floor":3,"key":"Dexterity Potion"},{"floor":12,"key":"DistilledChaos"}],"is_trial":false,"path_per_floor":["M","?","M","$","?","E","R","M","T","?","$","M","R","$","R","B",null,"M","M","?","M"],"character_chosen":"WATCHER","items_purchased":["Wallop","SandsOfTime"],"campfire_rested":0,"item_purchase_floors":[4,11],"current_hp_per_floor":[61,66,66,66,66,66,66,64,64,49,49,42,42,42,42,29,62,58,35,35,0,0],"gold":139,"neow_bonus":"THREE_ENEMY_KILL","is_daily":false,"chose_seed":false,"campfire_upgraded":3,"win_rate":0.0,"timestamp":1613192457,"path_taken":["M","?","M","$","?","E","R","M","T","?","?","M","R","$","R","BOSS","M","M","?","M"],"items_purchased_type":["Card","Card"],"build_version":"2020-12-22","purchased_purges":0,"victory":false,"max_hp_per_floor":[68,73,73,73,73,73,73,73,73,73,73,73,73,73,73,73,73,73,73,73,73,73],"card_choices":[{"not_picked":["SashWhip","Study"],"picked":"EmptyFist","floor":1},{"not_picked":["DeceiveReality","Crescendo"],"picked":"ThirdEye","floor":3},{"not_picked":["Wallop","JustLucky"],"picked":"ClearTheMind","floor":6},{"not_picked":["LikeWater","Crescendo"],"picked":"InnerPeace","floor":8},{"not_picked":["Adaptation","Worship"],"picked":"Conclude","floor":12},{"not_picked":["Brilliance","Scrawl"],"picked":"Ragnarok","floor":16},{"not_picked":["FlyingSleeves","ThirdEye"],"picked":"EmptyBody","floor":18},{"not_picked":["SandsOfTime","SashWhip"],"picked":"TalkToTheHand","floor":19}],"player_experience":1605418,"relics_obtained":[{"floor":6,"key":"Peace Pipe"},{"floor":9,"key":"Bird Faced Urn"}],"event_choices":[{"damage_healed":0,"gold_gain":0,"player_choice":"Donut","damage_taken":0,"max_hp_gain":5,"max_hp_loss":0,"event_name":"Big Fish","floor":2,"gold_loss":0},{"damage_healed":0,"gold_gain":0,"player_choice":"Grow","damage_taken":0,"max_hp_gain":0,"max_hp_loss":0,"event_name":"Living Wall","floor":5,"gold_loss":0,"cards_upgraded":["Eruption"]},{"damage_healed":0,"gold_gain":0,"player_choice":"Entered Light","damage_taken":15,"max_hp_gain":0,"max_hp_loss":0,"event_name":"Shining Light","floor":10,"gold_loss":0,"cards_upgraded":["EmptyFist","ClearTheMind"]},{"damage_healed":0,"gold_gain":0,"player_choice":"Traded Relic","damage_taken":0,"relics_obtained":["Nloth\u0027s Gift"],"max_hp_gain":0,"max_hp_loss":0,"event_name":"N\u0027loth","floor":20,"relics_lost":["Bird Faced Urn"],"gold_loss":0}],"is_beta":false,"boss_relics":[{"not_picked":["SlaversCollar","Busted Crown"],"picked":"Velvet Choker"}],"items_purged_floors":[],"is_endless":false,"potions_floor_spawned":[3,12],"killed_by":"Snake Plant","ascension_level":14}}