{"host":"hpn0uxah5qjr7pa6","time":1613206001,"event":{"mods":["2.2 Compatiblity","Act Like it!","Aspiration","BaseMod","Better Third Choice","BetterRewards","Challenge The Spire","Colored Powertips","Conspire","DeckTracker","Downfall","Energized Spire","Hallownest","Hermit","Highlight Path","Hubris","Infinite Spire","Minty Spire (QoL Compilation)","Permanent Neow","Quick Restart","Rare Cards Sparkle","Replay The Spire","Spicy Shops","StSLib","The Bug Knight","The Jungle"],"gold_per_floor":[111,122,139,49,65,65,89,89,89,89],"floor_reached":8,"language":"ENG","playtime":330,"items_purged":["bronze:Goto"],"score":70,"play_id":"6213b599-a147-4312-9cb3-e7b42ca46651","local_time":"20210213004641","is_ascension_mode":true,"campfire_choices":[{"floor":6,"key":"REST"}],"circlet_count":0,"master_deck":["bronze:Strike","bronze:Strike","bronze:Strike","bronze:Strike","bronze:Defend","bronze:Defend","bronze:Defend","bronze:Defend","bronze:Replicate","bronze:AlphaBuild"],"relics":["bronze:BronzeCore","infinitespire:Lucky Rock"],"acts_visited":["Exordium"],"potions_floor_usage":[5,8],"damage_taken":[{"damage":0,"enemies":"Cultist","floor":1,"turns":2},{"damage":0,"enemies":"2 Louse","floor":2,"turns":3},{"damage":7,"enemies":"Jaw Worm","floor":3,"turns":3},{"damage":5,"enemies":"downfall:FleeingMerchant","floor":4,"turns":4},{"damage":5,"enemies":"Lots of Slimes","floor":5,"turns":5},{"damage":48,"enemies":"HollowMod:MossKnight","floor":8,"turns":13}],"seed_played":"-7547655992144757627","potions_obtained":[{"floor":2,"key":"Fire Potion"},{"floor":3,"key":"SpeedPotion"}],"is_trial":false,"path_per_floor":["M","M","M","$","M","R","T","E"],"character_chosen":"THE_AUTOMATON","items_purchased":[],"campfire_rested":1,"item_purchase_floors":[],"current_hp_per_floor":[63,63,56,51,46,67,67,19,19,19],"gold":89,"neow_bonus":"ONE_RANDOM_RARE_CARD","is_daily":false,"chose_seed":false,"campfire_upgraded":0,"win_rate":0.0,"timestamp":1613206001,"path_taken":["M","M","M","?","M","R","T","E"],"items_purchased_type":[],"build_version":"2020-12-22","purchased_purges":1,"victory":false,"max_hp_per_floor":[70,70,70,70,70,70,70,70,70,70],"card_choices":[{"not_picked":["bronze:Overheat","bronze:CutThrough","bronze:Fortify"],"picked":"SKIP","floor":1},{"not_picked":["bronze:Separator","bronze:DelayedSlice","bronze:Fortify"],"picked":"SKIP","floor":2},{"not_picked":["bronze:Turbo","bronze:WildBeam","bronze:AlphaBuild"],"picked":"SKIP","floor":3},{"not_picked":["bronze:BronzeArmor","bronze:CutThrough","bronze:DelayedGuard"],"picked":"SKIP","floor":4},{"not_picked":["bronze:DarkDash","bronze:Turbo","bronze:FollowUp"],"picked":"SKIP","floor":5}],"player_experience":235233,"relics_obtained":[{"floor":7,"key":"infinitespire:Lucky Rock"}],"event_choices":[],"is_beta":false,"boss_relics":[],"items_purged_floors":[4],"is_endless":false,"potions_floor_spawned":[2,3],"killed_by":"HollowMod:MossKnight","ascension_level":9}}