{"host":"5y2vm16xfq9gfmb2","time":1613184890,"event":{"mods":["AchievementEnabler","BaseMod","Better Third Choice","Colored Map","Colored Powertips","DeckTracker","Marisa????????","Minty Spire (QoL Compilation)","Rare Cards Sparkle","Relic Stats","StSLib","The Alterego","The Animator","The Marked","The Servant 0.9.4"],"gold_per_floor":[115,43,43,118,134,134,149,149,149],"floor_reached":8,"language":"ENG","playtime":348,"items_purged":[],"score":46,"play_id":"dd4c1438-330e-4af9-865e-4cef60177626","local_time":"20210212215450","is_ascension_mode":false,"campfire_choices":[{"floor":6,"key":"REST"}],"circlet_count":0,"master_deck":["animator:Strike_FullmetalAlchemist","animator:Defend_FullmetalAlchemist","animator:Strike","animator:Strike","animator:Strike","animator:Defend","animator:Defend","animator:Defend","animator:ElricEdward","animator:ElricAlphonse","animator:Hans","animator:ElricEdward","animator:Aqua","animator:Tatsumaki","animator:Hitei"],"relics":["animator:LivingPicture","animator:TheMissingPiece","animator:PurgingStone","Vajra"],"acts_visited":["Exordium"],"potions_floor_usage":[],"damage_taken":[{"damage":10,"enemies":"Cultist","floor":1,"turns":5},{"damage":6,"enemies":"Jaw Worm","floor":5,"turns":3},{"damage":5,"enemies":"2 Louse","floor":7,"turns":4},{"damage":36,"enemies":"Lagavulin","floor":8,"turns":3}],"seed_played":"7642604704374129972","potions_obtained":[{"floor":7,"key":"BlessingOfTheForge"}],"is_trial":false,"path_per_floor":["M","$","?","?","M","R","M","E"],"character_chosen":"THE_ANIMATOR","items_purchased":["animator:Aqua"],"campfire_rested":1,"item_purchase_floors":[2],"current_hp_per_floor":[56,56,31,20,16,35,32,0,0],"gold":149,"neow_bonus":"ONE_RANDOM_RARE_CARD","is_daily":false,"chose_seed":false,"campfire_upgraded":0,"win_rate":0.0,"timestamp":1613184890,"path_taken":["M","?","?","?","?","R","M","E"],"items_purchased_type":["Card"],"build_version":"2020-12-22","purchased_purges":0,"victory":false,"max_hp_per_floor":[66,66,66,66,66,66,66,66,66],"relic_stats":{"counters":[4,14],"obtain_stats":[{"animator:PurgingStone":0,"animator:TheMissingPiece":0,"Vajra":3,"animator:LivingPicture":0},{"animator:PurgingStone":0,"animator:TheMissingPiece":0,"Vajra":1,"animator:LivingPicture":0},{"animator:PurgingStone":0,"animator:TheMissingPiece":0,"Vajra":4,"animator:LivingPicture":0}]},"card_choices":[{"not_picked":["animator:DolaCouronne","animator:DolaSchwi"],"picked":"animator:ElricEdward","floor":1},{"not_picked":["animator:ShinjiMatou","animator:Mitsurugi"],"picked":"animator:Tatsumaki","floor":5},{"not_picked":["animator:Assassin","animator:Vesta"],"picked":"animator:Hitei","floor":7}],"player_experience":74539,"relics_obtained":[],"event_choices":[{"damage_healed":0,"gold_gain":0,"player_choice":"Relic ","damage_taken":25,"max_hp_gain":0,"max_hp_loss":0,"event_name":"betterThird:BetterScrap","floor":3,"gold_loss":0,"cards_obtained":["Perseverance"]},{"damage_healed":0,"gold_gain":75,"player_choice":"Gold","damage_taken":11,"max_hp_gain":0,"max_hp_loss":0,"event_name":"betterThird:BetterGoop","floor":4,"gold_loss":0}],"is_beta":false,"boss_relics":[],"items_purged_floors":[],"is_endless":false,"potions_floor_spawned":[7],"killed_by":"Lagavulin","ascension_level":0}}