{"host":"le0986n0nrnnpvq8","time":1613233507,"event":{"mods":["BaseMod","Better Note","Colored Map","Hermit","Minty Spire (QoL Compilation)","StSLib"],"gold_per_floor":[113,113,113,38,51,86,86,119,119,131,206,206,218,183,183,282,282,294,219,294,307,222,222,79,114,114,132,186,186,196,208,208,313,313,324,334,345,44,44,71,71,96,170,70,70,399,399,411,411,411,411,411,24,52,52],"floor_reached":56,"language":"ENG","playtime":4453,"items_purged":["hermit:Strike_Hermit","Parasite","hermit:Strike_Hermit"],"score":1779,"play_id":"951916f1-d832-4ccc-ad10-f420d5d16b6e","local_time":"20210213172507","is_ascension_mode":true,"campfire_choices":[{"data":"hermit:DeadMansHand","floor":7.0,"key":"SMITH"},{"data":"hermit:Vantage","floor":12.0,"key":"SMITH"},{"data":"hermit:Snipe","floor":15.0,"key":"SMITH"},{"floor":23.0,"key":"REST"},{"floor":29.0,"key":"REST"},{"floor":32.0,"key":"REST"},{"floor":41,"key":"RECALL"},{"floor":45,"key":"DIG"},{"floor":47,"key":"DIG"},{"floor":49,"key":"DIG"},{"floor":52,"key":"DIG"}],"circlet_count":0,"master_deck":["AscendersBane","hermit:Strike_Hermit","hermit:Defend_Hermit","hermit:Defend_Hermit","hermit:Defend_Hermit","hermit:Defend_Hermit","hermit:Snapshot+1","hermit:Covet","hermit:DeadMansHand+1","hermit:Combo","hermit:Vantage+1","hermit:Magnum","hermit:Snipe+1","hermit:Adapt","hermit:Brawl","hermit:EyeOfTheStorm","hermit:Dive","hermit:EyeOfTheStorm","hermit:Deadeye+1","hermit:BigShot","hermit:FlashPowder"],"relics":["hermit:Momento","Akabeko","Mango","Centennial Puzzle","Unceasing Top","Sozu","InkBottle","hermit:RyeStalk","Bottled Tornado","Shovel","Pen Nib","Cursed Key","Nunchaku","Bronze Scales","Shuriken","Orichalcum","Mummified Hand","Old Coin","Lantern","Ornamental Fan","StrikeDummy","Boot","Thread and Needle"],"acts_visited":["Exordium","TheCity","TheBeyond","TheEnding"],"potions_floor_usage":[55,55],"damage_taken":[{"damage":0.0,"enemies":"2 Louse","floor":1.0,"turns":1.0},{"damage":14.0,"enemies":"Jaw Worm","floor":5.0,"turns":5.0},{"damage":15.0,"enemies":"Gremlin Nob","floor":6.0,"turns":3.0},{"damage":15.0,"enemies":"3 Sentries","floor":8.0,"turns":8.0},{"damage":1.0,"enemies":"Cultist","floor":10.0,"turns":4.0},{"damage":8.0,"enemies":"Blue Slaver","floor":13.0,"turns":2.0},{"damage":27.0,"enemies":"Hexaghost","floor":16.0,"turns":7.0},{"damage":24.0,"enemies":"2 Thieves","floor":18.0,"turns":5.0},{"damage":4.0,"enemies":"Chosen","floor":21.0,"turns":5.0},{"damage":30.0,"enemies":"Book of Stabbing","floor":25.0,"turns":5.0},{"damage":19.0,"enemies":"Snake Plant","floor":27.0,"turns":2.0},{"damage":23.0,"enemies":"Chosen and Byrds","floor":30.0,"turns":7.0},{"damage":0.0,"enemies":"3 Cultists","floor":31.0,"turns":4.0},{"damage":29,"enemies":"Collector","floor":33,"turns":8},{"damage":0,"enemies":"Orb Walker","floor":35,"turns":2},{"damage":6,"enemies":"3 Shapes","floor":36,"turns":3},{"damage":1,"enemies":"Sphere and 2 Shapes","floor":37,"turns":3},{"damage":3,"enemies":"Reptomancer","floor":40,"turns":2},{"damage":0,"enemies":"Giant Head","floor":42,"turns":3},{"damage":11,"enemies":"Nemesis","floor":46,"turns":3},{"damage":0,"enemies":"Maw","floor":48,"turns":5},{"damage":10,"enemies":"Awakened One","floor":50,"turns":6},{"damage":19,"enemies":"Shield and Spear","floor":54,"turns":2},{"damage":54,"enemies":"The Heart","floor":55,"turns":6}],"seed_played":"-5402642753586913867","potions_obtained":[{"floor":1.0,"key":"DuplicationPotion"},{"floor":10.0,"key":"CultistPotion"},{"floor":16.0,"key":"PowerPotion"}],"is_trial":false,"path_per_floor":["M","?","?","$","M","E","R","E","T","M","?","R","M","?","R","B",null,"M","?","?","M","?","R","$","E","T","M","T","R","M","M","R","B",null,"M","M","M","$","?","E","R","E","T","$","R","E","R","M","R","B",null,"R","$","E","B",null],"character_chosen":"HERMIT","items_purchased":["hermit:RyeStalk","Nunchaku","Bronze Scales","hermit:BigShot","Boot","hermit:FlashPowder"],"campfire_rested":3,"item_purchase_floors":[24,38,38,53,53,53],"current_hp_per_floor":[68,68,68,68,54,53,53,38,38,37,26,26,18,40,40,13,70,46,46,38,34,34,60,60,30,30,11,11,37,14,14,40,11,70,70,64,63,63,63,60,60,60,60,60,60,49,49,49,49,39,74,74,74,55,1],"gold":52,"neow_bonus":"RANDOM_COMMON_RELIC","is_daily":false,"chose_seed":false,"campfire_upgraded":3,"win_rate":0.0,"timestamp":1613233507,"path_taken":["M","?","?","?","M","E","R","E","T","?","?","R","M","?","R","BOSS","M","?","?","?","?","R","$","E","T","M","?","R","M","?","R","BOSS","M","M","M","$","?","E","R","E","T","?","R","E","R","?","R","BOSS","R","$","E","BOSS"],"items_purchased_type":["Relic","Relic","Relic","Card","Relic","Card"],"build_version":"2020-12-22","purchased_purges":3,"victory":true,"max_hp_per_floor":[75,75,75,75,75,89,89,89,89,89,89,89,89,89,89,89,89,89,89,89,89,89,89,89,89,89,89,89,89,89,89,89,89,89,89,89,89,89,89,89,89,89,89,86,86,86,86,86,86,86,86,86,86,86,86],"card_choices":[{"not_picked":["hermit:Glare","hermit:Desperado"],"picked":"hermit:DeadMansHand","floor":1.0},{"not_picked":["hermit:Headshot","hermit:Snipe"],"picked":"hermit:Combo","floor":5.0},{"not_picked":["hermit:BodyArmor","hermit:HoleUp","hermit:Glare"],"picked":"SKIP","floor":6.0},{"not_picked":["hermit:Dive","hermit:SprayPray"],"picked":"hermit:Vantage","floor":8.0},{"not_picked":["hermit:SprayPray","hermit:HoleUp"],"picked":"hermit:Magnum","floor":10.0},{"not_picked":["hermit:GhostlyPresence","hermit:TakeAim"],"picked":"hermit:Snipe","floor":13.0},{"not_picked":["hermit:HighNoon","hermit:DeadOrAlive"],"picked":"hermit:Adapt","floor":16.0},{"not_picked":["hermit:HoleUp","hermit:Glare","hermit:Showdown"],"picked":"SKIP","floor":18.0},{"not_picked":["hermit:CalledShot","hermit:LowProfile","hermit:WideOpen+1"],"picked":"SKIP","floor":21.0},{"not_picked":["hermit:Cheat+1","hermit:BodyArmor"],"picked":"hermit:Brawl","floor":25.0},{"not_picked":["hermit:Coalescence","hermit:CalledShot","hermit:Glare"],"picked":"SKIP","floor":27.0},{"not_picked":["hermit:Feint","hermit:HeroicBravado"],"picked":"hermit:EyeOfTheStorm","floor":30.0},{"not_picked":["hermit:Feint","hermit:BodyArmor+1","hermit:Snipe"],"picked":"SKIP","floor":31.0},{"not_picked":["hermit:Feint+1","hermit:HighCaliber+1","hermit:Malice"],"picked":"SKIP","floor":35},{"not_picked":["hermit:Glare+1","hermit:Gestalt"],"picked":"hermit:Dive","floor":36},{"not_picked":["hermit:ItchyTrigger","hermit:Dive","hermit:Vantage"],"picked":"SKIP","floor":37},{"not_picked":["hermit:Malice","hermit:Showdown+1","hermit:HeroicBravado"],"picked":"SKIP","floor":40},{"not_picked":["hermit:Feint+1","hermit:Manifest+1","hermit:Desperado"],"picked":"SKIP","floor":42},{"not_picked":["hermit:FullyLoaded","hermit:Manifest+1","hermit:GoldenBullet"],"picked":"SKIP","floor":46},{"not_picked":["hermit:HoleUp+1","hermit:Determination","hermit:Deadeye+1"],"picked":"SKIP","floor":48},{"not_picked":["hermit:HoleUp+1","hermit:Determination"],"picked":"hermit:Deadeye+1","floor":48},{"not_picked":["hermit:ItchyTrigger","hermit:Gambit","hermit:LowProfile+1"],"picked":"SKIP","floor":54}],"player_experience":1868232,"relics_obtained":[{"floor":6.0,"key":"Mango"},{"floor":8.0,"key":"Centennial Puzzle"},{"floor":9.0,"key":"Unceasing Top"},{"floor":25.0,"key":"Bottled Tornado"},{"floor":26.0,"key":"Shovel"},{"floor":28.0,"key":"Pen Nib"},{"floor":40,"key":"Shuriken"},{"floor":42,"key":"Orichalcum"},{"floor":45,"key":"Mummified Hand"},{"floor":46,"key":"Old Coin"},{"floor":47,"key":"Lantern"},{"floor":49,"key":"Ornamental Fan"},{"floor":52,"key":"StrikeDummy"},{"floor":54,"key":"Thread and Needle"}],"event_choices":[{"damage_healed":0.0,"max_hp_gain":0.0,"max_hp_loss":0.0,"gold_gain":0.0,"event_name":"Living Wall","player_choice":"Grow","floor":2.0,"gold_loss":0.0,"damage_taken":0.0,"cards_upgraded":["hermit:Snapshot"]},{"damage_healed":0.0,"max_hp_gain":0.0,"max_hp_loss":0.0,"gold_gain":0.0,"event_name":"Liars Game","player_choice":"Ignored","floor":3.0,"gold_loss":0.0,"damage_taken":0.0},{"damage_healed":0.0,"max_hp_gain":0.0,"max_hp_loss":0.0,"gold_gain":75.0,"event_name":"World of Goop","player_choice":"Gather Gold","floor":11.0,"gold_loss":0.0,"damage_taken":11.0},{"damage_healed":22.0,"max_hp_gain":0.0,"max_hp_loss":0.0,"gold_gain":0.0,"event_name":"The Cleric","player_choice":"Healed","floor":14.0,"gold_loss":35.0,"damage_taken":0.0},{"cards_removed":["hermit:Strike_Hermit"],"damage_healed":0.0,"max_hp_gain":0.0,"max_hp_loss":0.0,"gold_gain":0.0,"event_name":"Beggar","player_choice":"Gave Gold","floor":19.0,"gold_loss":75.0,"damage_taken":0.0},{"damage_healed":0.0,"max_hp_gain":0.0,"max_hp_loss":0.0,"gold_gain":75.0,"event_name":"FaceTrader","player_choice":"Touch","floor":20.0,"gold_loss":0.0,"damage_taken":8.0},{"damage_healed":0.0,"max_hp_gain":0.0,"max_hp_loss":0.0,"gold_gain":0.0,"event_name":"Addict","player_choice":"Obtained Relic","floor":22.0,"gold_loss":85.0,"damage_taken":0.0,"relics_obtained":["InkBottle"]},{"damage_healed":0,"gold_gain":0,"player_choice":"Copied","damage_taken":0,"max_hp_gain":0,"max_hp_loss":0,"event_name":"Duplicator","floor":39,"gold_loss":0,"cards_obtained":["hermit:EyeOfTheStorm"]}],"is_beta":false,"boss_relics":[{"not_picked":["Fusion Hammer","Tiny House"],"picked":"Sozu"},{"not_picked":["Runic Pyramid","Velvet Choker"],"picked":"Cursed Key"}],"items_purged_floors":[4,44,53],"is_endless":false,"potions_floor_spawned":[1,10,16,21,27,31,35,36,46],"ascension_level":10}}