{"host":"gj67si5k8996twoo","time":1613235132,"event":{"mods":["100% Spire Juice","ATMod(??Mod)","Abigail Mod","Act Like it!","Arknights","Bartender","BaseMod","CapriCore","Chen","Colored Map","Decade(???)","Downfall","Friendly Minions","Gensokyo","GifTheSpireLib","Jorbs\u0027s Wanderer Trilogy","Koishi","Lobotomy","LobotomyExtend","Minty Spire (QoL Compilation)","Onozuka Komachi Mod","Railgun Mod","Reliquary","Remove Card Discount Mod","Shop Mod","StSLib","The Animator","The Immortal","The Servant 0.9.4","WarShipGirlsR/????R mod","Yakumo Yukari mod","Yohane!","Yuri Mod","Yuyuko"],"gold_per_floor":[119,119,129,129,43,72,72,90,117,130,130,148,148,161,161,161,161],"floor_reached":16,"language":"ENG","playtime":793,"items_purged":[],"score":102,"play_id":"47392014-a5e3-4377-b875-4e83a58b3983","local_time":"20210213175212","is_ascension_mode":false,"campfire_choices":[{"data":"TheRailgun:Discharge","floor":7,"key":"SMITH"},{"data":"TheRailgun:Sister_Noise","floor":11,"key":"SMITH"},{"data":"TheRailgun:Teleporter","floor":15,"key":"SMITH"}],"circlet_count":0,"master_deck":["TheRailgun:Strike","TheRailgun:Strike","TheRailgun:Strike+1","TheRailgun:Strike","TheRailgun:Defend","TheRailgun:Defend","TheRailgun:Defend","TheRailgun:Discharge+1","TheRailgun:Zip+1","TheRailgun:Coin_Flip","TheRailgun:Biribiri","TheRailgun:Lightning_Speed","TheRailgun:Sister_Noise+1","TheRailgun:Stun_Shock","TheRailgun:Teleporter+1","TheRailgun:Battery_Pack"],"relics":["TheRailgun:CoinRelic","AT_ATBox","reliquary:Buckler","Oddly Smooth Stone","Strawberry","PreservedInsect","Dead Branch","Happy Flower"],"acts_visited":["Exordium"],"potions_floor_usage":[12],"damage_taken":[{"damage":5,"enemies":"Gensokyo:2_Kodama","floor":1,"turns":3},{"damage":0,"enemies":"Gensokyo:Python","floor":3,"turns":2},{"damage":13,"enemies":"Gensokyo:Cirno","floor":6,"turns":5},{"damage":0,"enemies":"Gensokyo:3_Fairies","floor":8,"turns":3},{"damage":12,"enemies":"Gensokyo:Gryphon_and_Rabbit","floor":10,"turns":4},{"damage":13,"enemies":"Gensokyo:5_Fairies","floor":12,"turns":3},{"damage":0,"enemies":"Gensokyo:VengefulSpirit","floor":14,"turns":3},{"damage":23,"enemies":"Gensokyo:Kokoro","floor":16,"turns":4}],"seed_played":"-2282889526402503367","potions_obtained":[{"floor":1,"key":"EssenceOfSteel"},{"floor":3,"key":"Strength Potion"},{"floor":12,"key":"Fire Potion"}],"is_trial":false,"path_per_floor":["M","?","M","?","COS","E","R","M","T","M","R","M","?","M","R","B"],"character_chosen":"THE_DEFAULT","items_purchased":[],"campfire_rested":0,"item_purchase_floors":[],"current_hp_per_floor":[65,65,65,51,51,45,45,45,45,33,33,20,20,20,20,0,0],"gold":161,"neow_bonus":"RANDOM_COMMON_RELIC","is_daily":false,"chose_seed":false,"campfire_upgraded":3,"win_rate":0.0,"timestamp":1613235132,"path_taken":["M","?","M","?","COS","E","R","M","T","?","R","M","?","?","R","BOSS"],"items_purchased_type":[],"build_version":"2020-12-22","purchased_purges":0,"victory":false,"max_hp_per_floor":[70,70,70,70,70,77,77,77,77,77,77,77,77,77,77,77,77],"card_choices":[{"not_picked":["TheRailgun:Thunderjolt","TheRailgun:Token_Collection"],"picked":"TheRailgun:Coin_Flip","floor":1},{"not_picked":["TheRailgun:Zap","TheRailgun:Aerial_Shot"],"picked":"TheRailgun:Biribiri","floor":3},{"not_picked":["TheRailgun:Recharge","TheRailgun:Zap"],"picked":"TheRailgun:Lightning_Speed","floor":6},{"not_picked":["TheRailgun:Electrical_Fire","TheRailgun:Electric_Fence"],"picked":"TheRailgun:Sister_Noise","floor":8},{"not_picked":["TheRailgun:Lightning_Speed","TheRailgun:Pull"],"picked":"TheRailgun:Stun_Shock","floor":10},{"not_picked":["TheRailgun:Spark","TheRailgun:Crack"],"picked":"TheRailgun:Teleporter","floor":12},{"not_picked":["TheRailgun:Push","TheRailgun:Gekota_Phone"],"picked":"TheRailgun:Battery_Pack","floor":14}],"player_experience":191011,"relics_obtained":[{"floor":6,"key":"Strawberry"},{"floor":9,"key":"PreservedInsect"}],"event_choices":[],"is_beta":false,"boss_relics":[],"items_purged_floors":[],"is_endless":false,"potions_floor_spawned":[1,3,12],"killed_by":"Gensokyo:Kokoro","ascension_level":0}}