{"host":"1v3mnj67s3trvm6y","time":1613225252,"event":{"mods":["BaseMod","Challenge The Spire","Downfall","Minty Spire (QoL Compilation)","StSLib"],"gold_per_floor":[99,119,129,39,39,39,65,65,97,44,55,67,67,81,92,192,192,92,110,210,230,246,246,246,274,274,274,285,185,185,217,234,339,339,239,254,267,278,278,290,290,373,373,392,392,404,420,453,467,467,467,501,223,223,223,223,223,223],"floor_reached":56,"language":"ENG","playtime":3933,"items_purged":["champ:Strike","champ:Strike","champ:Strike+1"],"score":873,"play_id":"07bb35d4-7a7f-42ac-9bb4-8ecef465c638","local_time":"20210213230732","is_ascension_mode":false,"campfire_choices":[{"data":"champ:Taunt","floor":1,"key":"SMITH"},{"data":"champ:StanceDance","floor":6,"key":"SMITH"},{"data":"champ:StanceDance","floor":8,"key":"SMITH"},{"data":"champ:StanceDance","floor":13,"key":"SMITH"},{"data":"champ:FancyFootwork","floor":18,"key":"SMITH"},{"data":"champ:StrikeOfGenius","floor":26,"key":"SMITH"},{"floor":29,"key":"RECALL"},{"data":"champ:GladiatorForm","floor":35,"key":"SMITH"},{"data":"champ:GutPunch","floor":54,"key":"SMITH"}],"circlet_count":0,"master_deck":["champ:Defend+1","champ:Execute+1","champ:Taunt+1","champ:StanceDance+1","champ:FanOfKnives+1","champ:StanceDance+1","champ:StanceDance+1","champ:Duel+1","champ:FancyFootwork+1","champ:FaceSlap+1","champ:ArenaPreparation+1","champ:Duel+1","champ:Shatter+1","champ:HoldFirm+1","champ:ArenaPreparation+1","champ:ViciousMockery+1","champ:FalseCounter+1","champ:DefensiveShout+1","champ:AdrenalArmor+1","champ:Backstep+1","champ:StrikeOfGenius+1","champ:HeartStrike+1","champ:FocusedBerserking+1","champ:StanceDance+1","champ:GladiatorForm+1","champ:StanceDance+1","champ:AdrenalArmor+1","champ:DefensiveShout+1","champ:BringItOn+1","champ:EnchantCrown+1","champ:CalledShot+1","champ:GutPunch+1","champ:GutPunch+1","champ:RageSigil+1"],"relics":["champ:ChampionCrown","Tiny Chest","champ:FightingForDummies","Astrolabe","champ:BlackKnightHelmet","Matryoshka","champ:DefensiveTrainingManual","Pantograph","MealTicket","Akabeko","Letter Opener","Sozu","Question Card","Regal Pillow","bronze:DecasWashers","hexamod:CandleOfCauterizing","Bottled Tornado","bronze:DonusWashers"],"acts_visited":["Exordium","TheCity","TheBeyond","TheEnding"],"potions_floor_usage":[20,20,31,55,56,56],"damage_taken":[{"damage":20,"enemies":"Cultist","floor":2,"turns":3},{"damage":13,"enemies":"Small Slimes","floor":3,"turns":3},{"damage":15,"enemies":"downfall:FleeingMerchant","floor":4,"turns":4},{"damage":39,"enemies":"Lagavulin","floor":9,"turns":6},{"damage":20,"enemies":"downfall:FleeingMerchant","floor":10,"turns":4},{"damage":20,"enemies":"Jaw Worm","floor":11,"turns":2},{"damage":24,"enemies":"3 Louse","floor":12,"turns":4},{"damage":0,"enemies":"Exordium Thugs","floor":14,"turns":2},{"damage":5,"enemies":"Large Slime","floor":15,"turns":3},{"damage":51,"enemies":"IC_STATUS_ARCHETYPE","floor":16,"turns":7},{"damage":40,"enemies":"Shell Parasite","floor":19,"turns":4},{"damage":25,"enemies":"Shell Parasite","floor":20,"turns":4},{"damage":17,"enemies":"downfall:LooterAlt2","floor":21,"turns":2},{"damage":32,"enemies":"3 Cultists","floor":22,"turns":3},{"damage":50,"enemies":"Gremlin Leader","floor":25,"turns":5},{"damage":40,"enemies":"Centurion and Healer","floor":28,"turns":4},{"damage":43,"enemies":"Slavers","floor":31,"turns":5},{"damage":21,"enemies":"Snake Plant","floor":32,"turns":3},{"damage":126,"enemies":"SI_MIRROR_ARCHETYPE","floor":33,"turns":7},{"damage":30,"enemies":"3 Shapes","floor":36,"turns":3},{"damage":25,"enemies":"Orb Walker","floor":37,"turns":2},{"damage":60,"enemies":"4 Shapes","floor":38,"turns":4},{"damage":40,"enemies":"Jaw Worm Horde","floor":40,"turns":3},{"damage":70,"enemies":"downfall:FleeingMerchant","floor":42,"turns":3},{"damage":20,"enemies":"3 Darklings","floor":44,"turns":2},{"damage":10,"enemies":"Writhing Mass","floor":46,"turns":2},{"damage":80,"enemies":"Maw","floor":47,"turns":3},{"damage":75,"enemies":"Giant Head","floor":48,"turns":5},{"damage":15,"enemies":"Jaw Worm Horde","floor":49,"turns":2},{"damage":87,"enemies":"WA_ARCHETYPE_DIVINITY","floor":50,"turns":9},{"damage":70,"enemies":"downfall:CharBossMerchant","floor":52,"turns":3},{"damage":100,"enemies":"downfall:NeowBoss","floor":55,"turns":8},{"damage":108,"enemies":"downfall:NeowBossFinal","floor":56,"turns":5}],"seed_played":"7129157989050303923","potions_obtained":[{"floor":2,"key":"CultistPotion"},{"floor":11,"key":"DistilledChaos"},{"floor":12,"key":"CultistPotion"},{"floor":25,"key":"SkillPotion"},{"floor":28,"key":"EssenceOfSteel"},{"floor":30,"key":"CultistPotion"},{"floor":31,"key":"champ:OpenerPotion"}],"is_trial":false,"path_per_floor":["R","M","M","$","?","R","T","R","E","$","M","M","R","M","M","B",null,"R","M","?","M","M","?","T","E","R","T","M","R","?","E","M","B",null,"R","M","M","M","?","M","T","$","T","M","?","M","M","E","M","B",null,"E","$","R","B","B"],"character_chosen":"THE_CHAMP","items_purchased":["champ:FancyFootwork","Regal Pillow","bronze:DonusWashers"],"campfire_rested":0,"item_purchase_floors":[10,42,53],"current_hp_per_floor":[90,90,87,87,87,87,87,87,68,68,68,54,54,54,54,38,90,90,90,90,83,81,81,81,81,81,81,81,91,91,88,87,54,100,100,100,100,100,100,100,100,100,100,100,90,90,90,90,90,83,90,90,90,90,90,0,0,0],"gold":223,"neow_bonus":"REMOVE_CARD","is_daily":false,"chose_seed":false,"campfire_upgraded":8,"win_rate":0.0,"timestamp":1613225252,"path_taken":["R","M","M","$","?","R","T","R","E","$","M","M","R","?","M","BOSS","R","M","?","M","M","?","T","E","R","?","?","R","?","E","M","BOSS","R","M","M","M","?","M","T","$","?","M","?","M","M","E","M","BOSS","E","$","R","BOSS","BOSS"],"items_purchased_type":["Card","Relic","Relic"],"build_version":"2020-12-22","purchased_purges":3,"victory":false,"max_hp_per_floor":[90,90,90,90,90,90,90,90,90,90,90,90,90,90,90,90,90,90,90,90,90,90,90,90,90,90,90,90,100,100,100,100,100,100,100,100,100,100,100,100,100,100,100,100,90,90,90,90,90,90,90,90,90,90,90,90,90,90],"card_choices":[{"not_picked":["champ:FanOfKnives","champ:ViciousMockery"],"picked":"champ:StanceDance","floor":2},{"not_picked":["champ:DeathBlow","champ:TornadoPunch"],"picked":"champ:FanOfKnives","floor":3},{"not_picked":["champ:ShieldSigil","champ:FanOfKnives"],"picked":"champ:StanceDance","floor":4},{"not_picked":["champ:BringItOn","champ:CrookedStrike"],"picked":"champ:Duel","floor":9},{"not_picked":["champ:CalledShot","champ:Haymaker","champ:Circumvent"],"picked":"SKIP","floor":10},{"not_picked":["champ:BerserkersShout","champ:EnGarde"],"picked":"champ:FaceSlap","floor":11},{"not_picked":["champ:FaceSlap","champ:BerserkersShout"],"picked":"champ:ArenaPreparation","floor":12},{"not_picked":["champ:Circumvent","champ:Parry"],"picked":"champ:Duel","floor":14},{"not_picked":["champ:SkillfulDodge","champ:ShieldSlam"],"picked":"champ:Shatter","floor":15},{"not_picked":["champ:SwordThrow","champ:ShieldThrow"],"picked":"champ:HoldFirm","floor":16},{"not_picked":["champ:ShieldSigil","champ:ViciousMockery","champ:Haymaker"],"picked":"SKIP","floor":19},{"not_picked":["champ:Circumvent","champ:PerfectedStrike"],"picked":"champ:DefensiveShout+1","floor":20},{"not_picked":["champ:Circumvent","champ:FanOfKnives+1"],"picked":"champ:AdrenalArmor","floor":21},{"not_picked":["champ:GutPunch","champ:PreciseThrust"],"picked":"champ:Backstep+1","floor":22},{"not_picked":["champ:DefensiveShout","champ:TornadoPunch"],"picked":"champ:StrikeOfGenius","floor":25},{"not_picked":["champ:DeathBlow+1","champ:PerfectedStrike"],"picked":"champ:HeartStrike","floor":28},{"not_picked":["champ:CrookedStrike","champ:HeartStrike"],"picked":"champ:FocusedBerserking","floor":31},{"not_picked":["champ:Duel","champ:PreciseThrust"],"picked":"champ:StanceDance","floor":32},{"not_picked":["champ:TripleStrike","champ:EnchantSword"],"picked":"champ:GladiatorForm","floor":33},{"not_picked":["champ:PreciseThrust","champ:DefensiveStyle"],"picked":"champ:StanceDance","floor":36},{"not_picked":["champ:DeathBlow","champ:TornadoPunch+1"],"picked":"champ:AdrenalArmor+1","floor":37},{"not_picked":["champ:FanOfKnives+1","champ:FocusedDefense"],"picked":"champ:DefensiveShout+1","floor":38},{"not_picked":["champ:TornadoPunch","champ:StanceDance"],"picked":"champ:BringItOn","floor":40},{"not_picked":["champ:TornadoPunch+1","champ:EnGarde","champ:BladeFlurry"],"picked":"champ:EnchantCrown","floor":42},{"not_picked":["champ:FanOfKnives","champ:BerserkersShout","champ:Circumvent+1","champ:CrownThrow"],"picked":"SKIP","floor":44},{"not_picked":["champ:RapidStrikes","champ:FanOfKnives","champ:Circumvent"],"picked":"champ:CalledShot+1","floor":46},{"not_picked":["champ:Shatter+1","champ:Haymaker","champ:BerserkersShout+1"],"picked":"champ:GutPunch+1","floor":47},{"not_picked":["champ:FanOfKnives+1","champ:ViciousMockery+1","champ:DefensiveStyle+1"],"picked":"champ:GutPunch","floor":48},{"not_picked":["champ:RisingSlash+1","champ:FaceSlap+1","champ:RapidStrikes"],"picked":"champ:RageSigil+1","floor":49},{"not_picked":["champ:RecklessLeap+1","champ:LastStand","champ:SwordSigil+1","champ:FanOfKnives"],"picked":"SKIP","floor":52}],"player_experience":1795117,"relics_obtained":[{"floor":7,"key":"Tiny Chest"},{"floor":9,"key":"champ:FightingForDummies"},{"floor":20,"key":"champ:BlackKnightHelmet"},{"floor":20,"key":"Matryoshka"},{"floor":24,"key":"champ:DefensiveTrainingManual"},{"floor":24,"key":"Pantograph"},{"floor":25,"key":"MealTicket"},{"floor":27,"key":"Akabeko"},{"floor":31,"key":"Letter Opener"},{"floor":41,"key":"Question Card"},{"floor":43,"key":"bronze:DecasWashers"},{"floor":48,"key":"hexamod:CandleOfCauterizing"},{"floor":52,"key":"Bottled Tornado"}],"event_choices":[{"damage_healed":0,"gold_gain":0,"player_choice":"Ignored","damage_taken":0,"max_hp_gain":0,"max_hp_loss":0,"event_name":"Vampires","floor":23,"gold_loss":0}],"is_beta":false,"boss_relics":[{"not_picked":["Black Star","Snecko Eye"],"picked":"Astrolabe"},{"not_picked":["Busted Crown","Empty Cage"],"picked":"Sozu"}],"items_purged_floors":[4,42,53],"is_endless":false,"potions_floor_spawned":[2,11,12,14,15,25,28,31,33,38,40,44,48,52],"killed_by":"downfall:NeowBossFinal","ascension_level":0}}