{"host":"bg0cyinkrjnqf173","time":1613192877,"event":{"mods":["BaseMod","Colored Map","Minty Spire (QoL Compilation)","StSLib","Together in Spire"],"gold_per_floor":[112,128,142,142,162,162,193,189,189,220,307,333,356,388,400,511,523,551,411,321,338,356,388,399,399,478,490,504,504,504,539,539,644,644,654,231,231,157,257,275,306,306,306,320,330,359,370,390,390,390,390,390,238,271,271,271],"floor_reached":55,"language":"ENG","playtime":3146,"items_purged":["Strike_R","Strike_R"],"score":585,"play_id":"55883f7a-4883-4bb8-b4a8-af4cf9263837","local_time":"20210213000757","is_ascension_mode":false,"campfire_choices":[{"data":"Spot Weakness","floor":6,"key":"SMITH"},{"data":"1","floor":15,"key":"LIFT"},{"data":"2","floor":25,"key":"LIFT"},{"data":"3","floor":30,"key":"LIFT"},{"floor":32,"key":"REST"},{"data":"Limit Break","floor":42,"key":"SMITH"},{"data":"Secret Technique","floor":49,"key":"SMITH"},{"data":"Madness","floor":52,"key":"SMITH"}],"circlet_count":0,"master_deck":["Strike_R+1","Strike_R","Defend_R","Defend_R","Defend_R","Defend_R+1","Bash","Shrug It Off","Spot Weakness","Anger+1","Spot Weakness+1","Perfected Strike","Heavy Blade","Twin Strike","Twin Strike","Flame Barrier","Limit Break","Inflame","Heavy Blade+1","Iron Wave","Pummel","Demon Form","Bloodletting","Limit Break+1","Secret Technique+1","Madness+1","Madness","Inflame","Battle Trance","Shrug It Off","Demon Form","Pommel Strike+1","Armaments","Whirlwind"],"relics":["Burning Blood","Girya","Meat on the Bone","MawBank","Mark of Pain","FossilizedHelix","InkBottle","HornCleat","Sozu","Sling","Akabeko","Smiling Mask","Pen Nib","Chemical X","Red Skull"],"acts_visited":["Exordium","TheCity","TheBeyond","TheEnding"],"potions_floor_usage":[0,5,7,10,16,23,29,33,33],"damage_taken":[{"damage":12,"enemies":"Jaw Worm","floor":1,"turns":2},{"damage":2,"enemies":"2 Louse","floor":2,"turns":2},{"damage":0,"enemies":"Cultist","floor":3,"turns":2},{"damage":0,"enemies":"Large Slime","floor":5,"turns":3},{"damage":9,"enemies":"Lagavulin","floor":7,"turns":5},{"damage":6,"enemies":"Exordium Thugs","floor":8,"turns":2},{"damage":0,"enemies":"Gremlin Nob","floor":10,"turns":2},{"damage":1,"enemies":"Lots of Slimes","floor":12,"turns":2},{"damage":0,"enemies":"Blue Slaver","floor":13,"turns":1},{"damage":5,"enemies":"2 Fungi Beasts","floor":14,"turns":2},{"damage":0,"enemies":"Slime Boss","floor":16,"turns":3},{"damage":20,"enemies":"Shell Parasite","floor":18,"turns":4},{"damage":0,"enemies":"Spheric Guardian","floor":21,"turns":3},{"damage":12,"enemies":"Cultist and Chosen","floor":22,"turns":3},{"damage":31,"enemies":"Slavers","floor":23,"turns":3},{"damage":11,"enemies":"Sentry and Sphere","floor":24,"turns":4},{"damage":0,"enemies":"3 Cultists","floor":27,"turns":3},{"damage":35,"enemies":"Snake Plant","floor":28,"turns":3},{"damage":35,"enemies":"Colosseum Slavers","floor":29,"turns":4},{"damage":0,"enemies":"Gremlin Leader","floor":31,"turns":2},{"damage":13,"enemies":"Collector","floor":33,"turns":3},{"damage":0,"enemies":"3 Darklings","floor":35,"turns":3},{"damage":0,"enemies":"Orb Walker","floor":40,"turns":2},{"damage":1,"enemies":"Giant Head","floor":41,"turns":5},{"damage":0,"enemies":"Spire Growth","floor":44,"turns":2},{"damage":6,"enemies":"Sphere and 2 Shapes","floor":45,"turns":2},{"damage":1,"enemies":"Nemesis","floor":46,"turns":4},{"damage":25,"enemies":"Jaw Worm Horde","floor":47,"turns":4},{"damage":6,"enemies":"Maw","floor":48,"turns":4},{"damage":70,"enemies":"Awakened One","floor":50,"turns":5},{"damage":6,"enemies":"Shield and Spear","floor":54,"turns":3},{"damage":94,"enemies":"The Heart","floor":55,"turns":5}],"seed_played":"4729708057558318084","potions_obtained":[{"floor":0,"key":"PowerPotion"},{"floor":0,"key":"Fruit Juice"},{"floor":0,"key":"LiquidMemories"},{"floor":5,"key":"Fruit Juice"},{"floor":7,"key":"Weak Potion"},{"floor":8,"key":"LiquidMemories"},{"floor":10,"key":"PowerPotion"},{"floor":18,"key":"DistilledChaos"},{"floor":24,"key":"ElixirPotion"},{"floor":27,"key":"BloodPotion"},{"floor":31,"key":"Ancient Potion"}],"is_trial":false,"path_per_floor":["M","M","M","?","M","R","E","M","T","E","?","M","M","M","R","B",null,"M","$","?","M","M","E","M","R","T","M","M","?","R","E","R","B",null,"M","$","?","$","?","M","E","R","T","M","M","E","M","M","R","B",null,"R","$","E","B"],"character_chosen":"IRONCLAD","items_purchased":["Inflame","Sling","Secret Technique","Inflame","Chemical X"],"campfire_rested":1,"item_purchase_floors":[19,36,36,38,53],"current_hp_per_floor":[79,83,85,68,79,79,76,76,76,82,71,76,82,83,83,89,90,76,76,76,82,76,63,58,58,58,64,47,48,48,54,81,74,90,90,90,79,79,79,85,90,90,90,90,90,90,71,71,71,19,90,90,90,90,0,0],"gold":271,"neow_bonus":"THREE_SMALL_POTIONS","is_daily":false,"chose_seed":false,"campfire_upgraded":4,"win_rate":0.0,"timestamp":1613192877,"path_taken":["M","M","M","?","M","R","E","M","T","E","?","M","M","M","R","BOSS","M","$","?","M","?","E","M","R","T","M","M","?","R","E","R","BOSS","M","$","?","$","?","M","E","R","T","?","M","E","M","M","R","BOSS","R","$","E","BOSS"],"items_purchased_type":["Card","Relic","Card","Card","Relic"],"build_version":"2020-12-22","purchased_purges":2,"victory":false,"max_hp_per_floor":[85,85,85,85,90,90,90,90,90,90,90,90,90,90,90,90,90,90,90,90,90,90,90,90,90,90,90,90,90,90,90,90,90,90,90,90,90,90,90,90,90,90,90,90,90,90,90,90,90,90,90,90,90,90,90,90],"card_choices":[{"not_picked":["Infernal Blade","Rage"],"picked":"Shrug It Off","floor":1},{"not_picked":["Flex","Burning Pact"],"picked":"Spot Weakness","floor":2},{"not_picked":["Twin Strike","Battle Trance"],"picked":"Anger","floor":3},{"not_picked":["Pummel","Iron Wave"],"picked":"Spot Weakness","floor":5},{"not_picked":["Bloodletting","Seeing Red"],"picked":"Perfected Strike","floor":7},{"not_picked":["Armaments","Clash"],"picked":"Heavy Blade","floor":8},{"not_picked":["Flex","Anger"],"picked":"Twin Strike","floor":10},{"not_picked":["Thunderclap","Warcry","Flex"],"picked":"SKIP","floor":12},{"not_picked":["Thunderclap","Warcry","Flex"],"picked":"SKIP","floor":12},{"not_picked":["Second Wind","Warcry"],"picked":"Twin Strike","floor":13},{"not_picked":["Anger","Fiend Fire"],"picked":"Flame Barrier","floor":14},{"not_picked":["Berserk","Exhume"],"picked":"Limit Break","floor":16},{"not_picked":["Flex","Blood for Blood","True Grit"],"picked":"SKIP","floor":18},{"not_picked":["True Grit","Warcry"],"picked":"Heavy Blade+1","floor":21},{"not_picked":["Sentinel","Second Wind+1"],"picked":"Iron Wave","floor":22},{"not_picked":["Iron Wave","Wild Strike+1"],"picked":"Pummel","floor":23},{"not_picked":["Twin Strike+1","True Grit","Warcry"],"picked":"SKIP","floor":24},{"not_picked":["Havoc+1","Blood for Blood"],"picked":"Demon Form","floor":27},{"not_picked":["Havoc","Clash","Sentinel"],"picked":"SKIP","floor":28},{"not_picked":["Sever Soul+1","Disarm+1"],"picked":"Bloodletting","floor":31},{"not_picked":["Bludgeon","Immolate"],"picked":"Limit Break","floor":33},{"not_picked":["Thunderclap","Evolve","Flex"],"picked":"SKIP","floor":35},{"not_picked":["Havoc","Dark Embrace+1"],"picked":"Battle Trance","floor":40},{"not_picked":["Blood for Blood","Havoc+1","Rage"],"picked":"SKIP","floor":41},{"not_picked":["Sword Boomerang+1","Havoc"],"picked":"Shrug It Off","floor":44},{"not_picked":["Twin Strike+1","Rampage"],"picked":"Demon Form","floor":45},{"not_picked":["Iron Wave","Dual Wield"],"picked":"Pommel Strike+1","floor":46},{"not_picked":["Infernal Blade+1","Combust+1"],"picked":"Armaments","floor":47},{"not_picked":["Thunderclap+1","Warcry+1"],"picked":"Whirlwind","floor":48},{"not_picked":["Feel No Pain","Dropkick","Sever Soul+1"],"picked":"SKIP","floor":54}],"player_experience":576459,"relics_obtained":[{"floor":7,"key":"Girya"},{"floor":9,"key":"Meat on the Bone"},{"floor":10,"key":"MawBank"},{"floor":23,"key":"FossilizedHelix"},{"floor":26,"key":"InkBottle"},{"floor":31,"key":"HornCleat"},{"floor":41,"key":"Akabeko"},{"floor":43,"key":"Smiling Mask"},{"floor":46,"key":"Pen Nib"},{"floor":54,"key":"Red Skull"}],"event_choices":[{"damage_healed":0,"gold_gain":0,"player_choice":"Entered Light","damage_taken":17,"max_hp_gain":0,"max_hp_loss":0,"event_name":"Shining Light","floor":4,"gold_loss":0,"cards_upgraded":["Strike_R","Defend_R"]},{"damage_healed":0,"gold_gain":75,"player_choice":"Gather Gold","damage_taken":11,"max_hp_gain":0,"max_hp_loss":0,"event_name":"World of Goop","floor":11,"gold_loss":0},{"cards_removed":["Strike_R"],"damage_healed":0,"gold_gain":0,"player_choice":"Upgrade and Remove","damage_taken":0,"max_hp_gain":0,"max_hp_loss":0,"event_name":"Designer","floor":20,"gold_loss":90,"cards_upgraded":["Anger"]},{"damage_healed":0,"gold_gain":0,"player_choice":"Fight","damage_taken":0,"max_hp_gain":0,"max_hp_loss":0,"event_name":"Colosseum","floor":29,"gold_loss":0},{"damage_healed":0,"gold_gain":0,"player_choice":"Fled From Nobs","damage_taken":0,"max_hp_gain":0,"max_hp_loss":0,"event_name":"Colosseum","floor":29,"gold_loss":0},{"damage_healed":0,"gold_gain":0,"player_choice":"Embrace Madness","damage_taken":11,"max_hp_gain":0,"max_hp_loss":0,"event_name":"Winding Halls","floor":37,"gold_loss":0,"cards_obtained":["Madness","Madness"]},{"damage_healed":0,"gold_gain":100,"player_choice":"Pray","damage_taken":0,"max_hp_gain":0,"max_hp_loss":0,"event_name":"Golden Shrine","floor":39,"gold_loss":0}],"is_beta":false,"boss_relics":[{"not_picked":["Ectoplasm","Runic Dome"],"picked":"Mark of Pain"},{"not_picked":["Black Star","Empty Cage"],"picked":"Sozu"}],"items_purged_floors":[19,36],"is_endless":false,"potions_floor_spawned":[5,7,8,10,13,14,18,21,24,27,31,41,46],"killed_by":"The Heart","ascension_level":0}}