{"host":"wuernuywc9gl215o","time":1613249678,"event":{"mods":["2.2 Compatiblity","AchievementEnabler","BaseMod","Bestiary","Block Reminder","Displayed Cursed Tome","Highlight Path","Key Reminder","Minty Spire (QoL Compilation)","Permanent Neow","Potion Indicator Mod","Quick Restart","Rare Cards Sparkle","Relic Stats","ojb\u0027s Info Mod"],"gold_per_floor":[114,114,131,146,165,165,176,209,236,270,287,287,287,307,307,383,383,399,399,415,434,434,462,462,462,462,462,473,473,504,504,504,504,504],"floor_reached":33,"language":"ENG","playtime":1626,"items_purged":[],"score":734,"play_id":"531852e9-a8ff-406a-a1f9-f96b8f90c20a","local_time":"20210213205438","is_ascension_mode":true,"campfire_choices":[{"data":"Blade Dance","floor":6.0,"key":"SMITH"},{"floor":13.0,"key":"REST"},{"data":"Catalyst","floor":15.0,"key":"SMITH"},{"floor":27.0,"key":"REST"},{"floor":29.0,"key":"REST"},{"floor":32.0,"key":"REST"}],"circlet_count":0,"master_deck":["AscendersBane","Strike_G","Strike_G","Strike_G","Defend_G+1","Defend_G","Defend_G","Defend_G","Defend_G","Survivor","Neutralize","Acrobatics","Blade Dance+1","Deadly Poison","Dash","Poisoned Stab","Calculated Gamble+1","Footwork","Burst","Catalyst+1","Wraith Form v2","Catalyst","Flying Knee","Prepared","Blade Dance","Calculated Gamble","Crippling Poison","Bullet Time","Decay","RitualDagger","Predator"],"relics":["Ring of the Snake","Juzu Bracelet","Tingsha","Boot","Bag of Preparation","Cursed Key","Ancient Tea Set","keyreminder:keyreminder","Singing Bowl","Enchiridion"],"acts_visited":["Exordium","TheCity"],"potions_floor_usage":[33],"damage_taken":[{"damage":4.0,"enemies":"Jaw Worm","floor":1.0,"turns":6.0},{"damage":3.0,"enemies":"2 Louse","floor":3.0,"turns":4.0},{"damage":1.0,"enemies":"Small Slimes","floor":4.0,"turns":3.0},{"damage":1.0,"enemies":"Looter","floor":5.0,"turns":4.0},{"damage":5.0,"enemies":"3 Louse","floor":7.0,"turns":5.0},{"damage":2.0,"enemies":"Gremlin Nob","floor":8.0,"turns":3.0},{"damage":10.0,"enemies":"Lagavulin","floor":10.0,"turns":4.0},{"damage":0.0,"enemies":"2 Fungi Beasts","floor":11.0,"turns":2.0},{"damage":0.0,"enemies":"Large Slime","floor":14.0,"turns":3.0},{"damage":0.0,"enemies":"Slime Boss","floor":16.0,"turns":2.0},{"damage":5.0,"enemies":"Shell Parasite","floor":18.0,"turns":4.0},{"damage":12.0,"enemies":"2 Thieves","floor":20.0,"turns":4.0},{"damage":3.0,"enemies":"Cultist and Chosen","floor":21.0,"turns":5.0},{"damage":29.0,"enemies":"Book of Stabbing","floor":23.0,"turns":6.0},{"damage":2.0,"enemies":"Snake Plant","floor":28.0,"turns":1.0},{"damage":0.0,"enemies":"Gremlin Leader","floor":30.0,"turns":2.0},{"damage":57,"enemies":"Champ","floor":33,"turns":9}],"seed_played":"-3573710394095171908","potions_obtained":[{"floor":3.0,"key":"Strength Potion"},{"floor":4.0,"key":"Weak Potion"},{"floor":11.0,"key":"DuplicationPotion"},{"floor":16.0,"key":"AttackPotion"},{"floor":21.0,"key":"SkillPotion"},{"floor":23.0,"key":"Explosive Potion"},{"floor":30.0,"key":"Dexterity Potion"}],"is_trial":false,"path_per_floor":["M","?","M","M","M","R","M","E","T","E","M","?","R","M","R","B",null,"M","?","M","M","?","E","?","?","T","R","M","R","E","?","R","B"],"character_chosen":"THE_SILENT","items_purchased":[],"campfire_rested":4,"item_purchase_floors":[],"current_hp_per_floor":[55,60,57,56,55,55,50,48,48,38,38,17,38,38,38,38,63,58,58,46,43,43,14,14,8,8,29,27,48,50,29,50,0,0],"gold":504,"neow_bonus":"RANDOM_COMMON_RELIC","is_daily":false,"chose_seed":false,"campfire_upgraded":2,"win_rate":0.0,"timestamp":1613249678,"path_taken":["M","?","M","M","M","R","M","E","T","E","M","?","R","M","R","BOSS","M","?","M","M","?","E","?","?","T","R","M","R","E","?","R","BOSS"],"items_purchased_type":[],"build_version":"2020-12-22","purchased_purges":0,"victory":false,"max_hp_per_floor":[66,71,71,71,71,71,71,71,71,71,71,71,71,71,71,71,71,71,71,71,71,71,71,71,71,71,71,71,71,73,73,73,73,73],"relic_stats":{"Singing Bowl":2,"counters":[17,67],"Tingsha":[194],"Juzu Bracelet":0,"Bag of Preparation":[20],"Boot":[70],"Cursed Key":0,"obtain_stats":[{"keyreminder:keyreminder":23,"Singing Bowl":30,"Enchiridion":31,"Tingsha":8,"Juzu Bracelet":0,"Bag of Preparation":10,"Boot":9,"Cursed Key":17,"Ancient Tea Set":23,"Ring of the Snake":0},{"keyreminder:keyreminder":14,"Singing Bowl":16,"Enchiridion":16,"Tingsha":6,"Juzu Bracelet":0,"Bag of Preparation":7,"Boot":6,"Cursed Key":10,"Ancient Tea Set":14,"Ring of the Snake":0},{"keyreminder:keyreminder":55,"Singing Bowl":58,"Enchiridion":58,"Tingsha":25,"Juzu Bracelet":0,"Bag of Preparation":29,"Boot":25,"Cursed Key":36,"Ancient Tea Set":55,"Ring of the Snake":0}],"Ring of the Snake":[34]},"card_choices":[{"not_picked":["PiercingWail","Deflect"],"picked":"Acrobatics","floor":1.0},{"not_picked":["Quick Slash","Sucker Punch"],"picked":"Blade Dance","floor":3.0},{"not_picked":["Dodge and Roll","Slice"],"picked":"Deadly Poison","floor":4.0},{"not_picked":["Deadly Poison","Flying Knee"],"picked":"Dash","floor":5.0},{"not_picked":["Flying Knee","Expertise"],"picked":"Poisoned Stab","floor":7.0},{"not_picked":["Dagger Throw","Backstab"],"picked":"Calculated Gamble","floor":8.0},{"not_picked":["Deadly Poison","Cloak And Dagger"],"picked":"Footwork","floor":10.0},{"not_picked":["Slice","Cloak And Dagger"],"picked":"Burst","floor":11.0},{"not_picked":["Flying Knee","Acrobatics"],"picked":"Catalyst","floor":14.0},{"not_picked":["Unload","Storm of Steel"],"picked":"Wraith Form v2","floor":16.0},{"not_picked":["Bane","Flechettes"],"picked":"Catalyst","floor":18.0},{"not_picked":["Outmaneuver","Footwork"],"picked":"Blade Dance","floor":20.0},{"not_picked":["Cloak And Dagger","Deflect"],"picked":"Calculated Gamble","floor":21.0},{"not_picked":["Heel Hook","Distraction"],"picked":"Bullet Time","floor":23.0},{"not_picked":["Underhanded Strike","Acrobatics"],"picked":"Predator","floor":28.0},{"not_picked":["Choke","Expertise","Crippling Poison"],"picked":"Singing Bowl","floor":30.0}],"player_experience":942700,"relics_obtained":[{"floor":8.0,"key":"Tingsha"},{"floor":9.0,"key":"Boot"},{"floor":10.0,"key":"Bag of Preparation"},{"floor":23.0,"key":"Ancient Tea Set"},{"floor":30.0,"key":"Singing Bowl"}],"event_choices":[{"damage_healed":0.0,"max_hp_gain":5.0,"max_hp_loss":0.0,"gold_gain":0.0,"event_name":"Big Fish","player_choice":"Donut","floor":2.0,"gold_loss":0.0,"damage_taken":0.0},{"damage_healed":0.0,"max_hp_gain":0.0,"max_hp_loss":0.0,"gold_gain":0.0,"event_name":"Shining Light","player_choice":"Entered Light","floor":12.0,"gold_loss":0.0,"damage_taken":21.0,"cards_upgraded":["Defend_G","Calculated Gamble"]},{"damage_healed":0.0,"max_hp_gain":0.0,"max_hp_loss":0.0,"gold_gain":0.0,"cards_transformed":["Strike_G","Strike_G"],"event_name":"Drug Dealer","player_choice":"Became Test Subject","floor":19.0,"gold_loss":0.0,"damage_taken":0.0,"cards_obtained":["Flying Knee","Prepared"]},{"damage_healed":0.0,"max_hp_gain":0.0,"max_hp_loss":0.0,"gold_gain":0.0,"event_name":"The Library","player_choice":"Read","floor":22.0,"gold_loss":0.0,"damage_taken":0.0,"cards_obtained":["Crippling Poison"]},{"damage_healed":0.0,"max_hp_gain":0.0,"max_hp_loss":0.0,"gold_gain":0.0,"event_name":"Forgotten Altar","player_choice":"Smashed Altar","floor":24.0,"gold_loss":0.0,"damage_taken":0.0,"cards_obtained":["Decay"]},{"damage_healed":0.0,"max_hp_gain":0.0,"max_hp_loss":0.0,"gold_gain":0.0,"event_name":"Nest","player_choice":"Joined the Cult","floor":25.0,"gold_loss":0.0,"damage_taken":6.0,"cards_obtained":["RitualDagger"]},{"damage_healed":0.0,"max_hp_gain":0.0,"max_hp_loss":0.0,"gold_gain":0.0,"event_name":"Cursed Tome","player_choice":"Obtained Book","floor":31.0,"gold_loss":0.0,"damage_taken":21.0}],"is_beta":false,"boss_relics":[{"not_picked":["Calling Bell","Runic Dome"],"picked":"Cursed Key"}],"items_purged_floors":[],"is_endless":false,"potions_floor_spawned":[3,4,7,11,16,21,23,30],"killed_by":"Champ","ascension_level":17}}