{"host":"nsc6ozq3atyrdr3m","time":1613240344,"event":{"mods":["BaseMod","Colored Map","Minty Spire (QoL Compilation)"],"gold_per_floor":[119,119,71,81,6,36,54,64,91,108,123,138,138,173,173,274,274,289,2,16,16,31,58,69,69,69],"floor_reached":25,"language":"FRA","playtime":885,"items_purged":[],"score":301,"play_id":"22b4cd5f-31af-4226-a14e-bd9ebe41d9f4","local_time":"20210213191904","is_ascension_mode":true,"campfire_choices":[{"floor":13,"key":"REST"},{"data":"Chaos","floor":15,"key":"SMITH"}],"circlet_count":0,"master_deck":["Strike_B","Strike_B","Strike_B","Strike_B","Defend_B","Defend_B","Defend_B","Defend_B","Zap","Dualcast","Coolheaded","Auto Shields","Capacitor","Hologram","Storm","Multi-Cast","Leap","Chaos+1","Ball Lightning","Coolheaded","Creative AI","Ball Lightning","Self Repair","Redo","Steam+1","Hello World","Reinforced Body"],"relics":["Cracked Core","NeowsBlessing","Happy Flower","Nunchaku","Oddly Smooth Stone","MealTicket","Sozu","Mummified Hand","Cables"],"acts_visited":["Exordium","TheCity"],"potions_floor_usage":[14,16,23],"damage_taken":[{"damage":0,"enemies":"2 Louse","floor":1,"turns":1},{"damage":0,"enemies":"Cultist","floor":4,"turns":1},{"damage":0,"enemies":"Lagavulin","floor":6,"turns":1},{"damage":0,"enemies":"Jaw Worm","floor":7,"turns":3},{"damage":21,"enemies":"Lots of Slimes","floor":8,"turns":4},{"damage":21,"enemies":"Large Slime","floor":10,"turns":6},{"damage":2,"enemies":"3 Louse","floor":11,"turns":4},{"damage":12,"enemies":"2 Fungi Beasts","floor":12,"turns":7},{"damage":5,"enemies":"Gremlin Nob","floor":14,"turns":4},{"damage":33,"enemies":"The Guardian","floor":16,"turns":12},{"damage":31,"enemies":"2 Thieves","floor":18,"turns":3},{"damage":16,"enemies":"3 Byrds","floor":20,"turns":4},{"damage":22,"enemies":"Centurion and Healer","floor":22,"turns":6},{"damage":25,"enemies":"Slavers","floor":23,"turns":5},{"damage":0,"enemies":"Snecko","floor":24,"turns":4},{"damage":41,"enemies":"3 Cultists","floor":25,"turns":4}],"seed_played":"-3302225112590383481","potions_obtained":[{"floor":1,"key":"CultistPotion"},{"floor":4,"key":"Fire Potion"},{"floor":10,"key":"Weak Potion"},{"floor":16,"key":"GamblersBrew"}],"is_trial":false,"path_per_floor":["M","?","$","M","$","E","M","M","T","M","M","M","R","E","R","B",null,"M","$","M","$","M","E","M","M"],"character_chosen":"DEFECT","items_purchased":["Coolheaded","Capacitor","Mummified Hand","Self Repair"],"campfire_rested":1,"item_purchase_floors":[3,5,19,19],"current_hp_per_floor":[75,75,75,75,75,75,75,54,54,33,31,19,41,36,36,3,75,44,59,50,65,50,32,39,0,0],"gold":69,"neow_bonus":"THREE_ENEMY_KILL","is_daily":false,"chose_seed":false,"campfire_upgraded":1,"win_rate":0.0,"timestamp":1613240344,"path_taken":["M","?","$","?","$","E","M","M","T","M","M","M","R","E","R","BOSS","M","$","M","$","M","E","M","M"],"items_purchased_type":["Card","Card","Relic","Card"],"build_version":"2020-12-22","purchased_purges":0,"victory":false,"max_hp_per_floor":[75,75,75,75,75,75,75,75,75,75,75,75,75,75,75,75,75,75,75,75,75,75,75,75,75,75],"card_choices":[{"not_picked":["Steam Power","Gash"],"picked":"Cold Snap","floor":1},{"not_picked":["Gash","Streamline"],"picked":"Auto Shields","floor":4},{"not_picked":["Rip and Tear","Darkness"],"picked":"Hologram","floor":6},{"not_picked":["Double Energy","Conserve Battery"],"picked":"Storm","floor":7},{"not_picked":["Steam","Storm"],"picked":"Multi-Cast","floor":8},{"not_picked":["Rebound","Sweeping Beam"],"picked":"Leap","floor":10},{"not_picked":["Barrage","Steam"],"picked":"Chaos","floor":11},{"not_picked":["Meteor Strike","FTL"],"picked":"Ball Lightning","floor":12},{"not_picked":["Go for the Eyes","Compile Driver"],"picked":"Coolheaded","floor":14},{"not_picked":["Core Surge","All For One"],"picked":"Creative AI","floor":16},{"not_picked":["Heatsinks","Compile Driver"],"picked":"Ball Lightning","floor":18},{"not_picked":["Go for the Eyes+1","Stack"],"picked":"Redo","floor":20},{"not_picked":["Aggregate","Stack"],"picked":"Steam+1","floor":22},{"not_picked":["Rebound","Genetic Algorithm"],"picked":"Hello World","floor":23},{"not_picked":["Double Energy+1","Compile Driver"],"picked":"Reinforced Body","floor":24}],"player_experience":408291,"relics_obtained":[{"floor":6,"key":"Nunchaku"},{"floor":9,"key":"Oddly Smooth Stone"},{"floor":14,"key":"MealTicket"},{"floor":23,"key":"Cables"}],"event_choices":[{"cards_removed":["Cold Snap"],"damage_healed":0,"gold_gain":0,"player_choice":"Gave Card","damage_taken":0,"relics_obtained":["Happy Flower"],"max_hp_gain":0,"max_hp_loss":0,"event_name":"WeMeetAgain","floor":2,"gold_loss":0}],"is_beta":false,"boss_relics":[{"not_picked":["Calling Bell","Busted Crown"],"picked":"Sozu"}],"items_purged_floors":[],"is_endless":false,"potions_floor_spawned":[1,4,10,12,16],"killed_by":"3 Cultists","ascension_level":3}}