{"host":"xw7092rw7wabncmm","time":1613192936,"event":{"mods":["AchievementEnabler","BaseMod","Bestiary","Block Reminder","Minty Spire (QoL Compilation)","Quick Restart","Relic Stats","Slay-I","Weighted Paths"],"gold_per_floor":[112,123,123,123,133,162,162,189,215,215,232,260,280,300,300,402,402,413,77,77,94,94,128,128,154,154,154,22,22,47,64,64,161,161,178,158,204,62,62,93,93,104,104,104,117,117,150,169,169,169],"floor_reached":51,"language":"ENG","playtime":3546,"items_purged":[],"score":1188,"play_id":"8ff2b6ff-5f89-4921-bfc2-91540cc50110","local_time":"20210213000856","is_ascension_mode":true,"campfire_choices":[{"data":"Zap","floor":7,"key":"SMITH"},{"floor":10,"key":"REST"},{"floor":15,"key":"REST"},{"data":"Fission","floor":24,"key":"SMITH"},{"floor":32,"key":"REST"},{"data":"Defragment","floor":41,"key":"SMITH"},{"data":"Chaos","floor":44,"key":"SMITH"},{"floor":46,"key":"REST"},{"data":"Capacitor","floor":49,"key":"SMITH"}],"circlet_count":0,"master_deck":["Cold Snap","Ball Lightning","Tempest+1","Conserve Battery","Go for the Eyes","Leap","Steam","Hologram","Electrodynamics","Fission+1","Auto Shields","Defragment+1","Cold Snap","Auto Shields","Tempest","Cold Snap","Conserve Battery","BootSequence","Doom and Gloom+1","Chill+1","Conserve Battery","Glacier","Go for the Eyes","Aggregate","Chaos+1","Capacitor+1","Electrodynamics","Tempest+1","Glacier+1","Defragment+1","Consume+1"],"relics":["Cracked Core","DataDisk","PreservedInsect","Tiny Chest","War Paint","Turnip","Pandora\u0027s Box","Anchor","Runic Capacitor","Oddly Smooth Stone","Omamori","Ornamental Fan","HornCleat","Runic Pyramid","MawBank","Ancient Tea Set","Pen Nib","Kunai","Blue Candle"],"acts_visited":["Exordium","TheCity","TheBeyond"],"potions_floor_usage":[6,6,8,12,12,30,33,40,45],"damage_taken":[{"damage":0,"enemies":"Small Slimes","floor":1,"turns":2},{"damage":4,"enemies":"2 Louse","floor":2,"turns":3},{"damage":0,"enemies":"Cultist","floor":5,"turns":3},{"damage":19,"enemies":"3 Sentries","floor":6,"turns":5},{"damage":0,"enemies":"Gremlin Nob","floor":8,"turns":2},{"damage":22,"enemies":"Exordium Wildlife","floor":11,"turns":4},{"damage":6,"enemies":"Lagavulin","floor":12,"turns":3},{"damage":4,"enemies":"Red Slaver","floor":13,"turns":2},{"damage":0,"enemies":"Large Slime","floor":14,"turns":3},{"damage":16,"enemies":"The Guardian","floor":16,"turns":12},{"damage":11,"enemies":"3 Byrds","floor":18,"turns":3},{"damage":5,"enemies":"2 Thieves","floor":21,"turns":2},{"damage":0,"enemies":"Gremlin Leader","floor":23,"turns":4},{"damage":5,"enemies":"Slavers","floor":25,"turns":4},{"damage":0,"enemies":"Book of Stabbing","floor":30,"turns":3},{"damage":0,"enemies":"Centurion and Healer","floor":31,"turns":3},{"damage":38,"enemies":"Automaton","floor":33,"turns":7},{"damage":0,"enemies":"3 Shapes","floor":35,"turns":2},{"damage":7,"enemies":"Nemesis","floor":40,"turns":5},{"damage":0,"enemies":"3 Darklings","floor":42,"turns":1},{"damage":0,"enemies":"Transient","floor":45,"turns":5},{"damage":0,"enemies":"Reptomancer","floor":47,"turns":3},{"damage":5,"enemies":"4 Shapes","floor":48,"turns":2},{"damage":2,"enemies":"Time Eater","floor":50,"turns":8}],"seed_played":"-5953347435689418501","potions_obtained":[{"floor":2,"key":"ColorlessPotion"},{"floor":4,"key":"SkillPotion"},{"floor":4,"key":"AttackPotion"},{"floor":6,"key":"BlessingOfTheForge"},{"floor":11,"key":"GamblersBrew"},{"floor":12,"key":"FairyPotion"},{"floor":23,"key":"PowerPotion"},{"floor":25,"key":"LiquidBronze"},{"floor":35,"key":"Explosive Potion"},{"floor":36,"key":"SpeedPotion"},{"floor":40,"key":"Block Potion"},{"floor":45,"key":"DuplicationPotion"}],"is_trial":false,"path_per_floor":["M","M","?","?","M","E","R","E","T","R","M","E","M","M","R","B",null,"M","$","?","M","T","E","R","E","T","?","$","?","E","M","R","B",null,"M","?","T","$","?","E","R","M","T","R","M","R","E","M","R","B",null],"character_chosen":"DEFECT","items_purchased":["Anchor","Runic Capacitor","Conserve Battery","Glacier","Go for the Eyes","Ancient Tea Set"],"campfire_rested":4,"item_purchase_floors":[19,19,19,28,28,38],"current_hp_per_floor":[68,64,57,57,57,38,38,38,38,60,38,32,28,28,50,34,65,54,54,54,49,49,49,49,44,44,44,44,44,44,44,66,28,63,63,63,63,63,56,49,49,49,49,49,49,71,71,66,66,64],"gold":169,"neow_bonus":"RANDOM_COMMON_RELIC","is_daily":false,"chose_seed":false,"campfire_upgraded":5,"win_rate":0.0,"timestamp":1613192936,"path_taken":["M","M","?","?","M","E","R","E","T","R","M","E","M","?","R","BOSS","M","$","?","?","?","E","R","E","T","?","$","?","E","M","R","BOSS","M","?","?","$","?","E","R","?","T","R","?","R","E","M","R","BOSS"],"items_purchased_type":["Relic","Relic","Card","Card","Card","Relic"],"build_version":"2020-12-22","purchased_purges":0,"victory":true,"max_hp_per_floor":[75,75,75,75,75,75,75,75,75,75,75,75,75,75,75,75,75,75,75,75,75,75,75,75,75,75,75,75,75,75,75,75,75,75,75,75,75,75,75,75,75,75,75,75,75,75,75,75,75,75],"relic_stats":{"counters":[24,91],"Ornamental Fan":[12],"Blue Candle":[0],"Tiny Chest":2,"Pandora\u0027s Box":["Fission","Echo Form","Auto Shields","All For One","Defragment","Cold Snap","Auto Shields","Tempest"],"PreservedInsect":290,"Turnip":[4],"Pen Nib":[1],"Kunai":[1],"War Paint":["Tempest","Defend_B"],"MawBank":12,"obtain_stats":[{"Blue Candle":47,"Oddly Smooth Stone":23,"PreservedInsect":6,"Pen Nib":40,"Runic Capacitor":19,"Omamori":25,"War Paint":9,"MawBank":37,"Ancient Tea Set":38,"DataDisk":0,"Anchor":19,"HornCleat":30,"Ornamental Fan":26,"Tiny Chest":8,"Pandora\u0027s Box":17,"Turnip":12,"Kunai":43,"Cracked Core":0,"Runic Pyramid":34},{"Blue Candle":22,"Oddly Smooth Stone":13,"PreservedInsect":4,"Pen Nib":19,"Runic Capacitor":11,"Omamori":14,"War Paint":5,"MawBank":18,"Ancient Tea Set":18,"DataDisk":0,"Anchor":11,"HornCleat":15,"Ornamental Fan":14,"Tiny Chest":5,"Pandora\u0027s Box":10,"Turnip":7,"Kunai":20,"Cracked Core":0,"Runic Pyramid":17},{"Blue Candle":81,"Oddly Smooth Stone":48,"PreservedInsect":13,"Pen Nib":72,"Runic Capacitor":42,"Omamori":52,"War Paint":15,"MawBank":67,"Ancient Tea Set":67,"DataDisk":0,"Anchor":42,"HornCleat":55,"Ornamental Fan":52,"Tiny Chest":15,"Pandora\u0027s Box":39,"Turnip":22,"Kunai":73,"Cracked Core":0,"Runic Pyramid":65}]},"card_choices":[{"not_picked":["FTL","Undo"],"picked":"Cold Snap","floor":1},{"not_picked":["Scrape","Redo"],"picked":"Ball Lightning","floor":2},{"not_picked":["Barrage","Turbo"],"picked":"Tempest","floor":5},{"not_picked":["Sweeping Beam","Scrape"],"picked":"Static Discharge","floor":6},{"not_picked":["Ball Lightning","Hello World"],"picked":"Conserve Battery","floor":8},{"not_picked":["Aggregate","Barrage"],"picked":"Go for the Eyes","floor":11},{"not_picked":["Chaos","Beam Cell"],"picked":"Leap","floor":12},{"not_picked":["Hologram","Conserve Battery"],"picked":"Steam","floor":13},{"not_picked":["Hello World","Storm"],"picked":"Hologram","floor":14},{"not_picked":["Thunder Strike","Hyperbeam"],"picked":"Electrodynamics","floor":16},{"not_picked":["Turbo","Tempest"],"picked":"Cold Snap","floor":18},{"not_picked":["Streamline","Reinforced Body"],"picked":"Doom and Gloom+1","floor":21},{"not_picked":["Coolheaded+1","FTL"],"picked":"Chill+1","floor":23},{"not_picked":["Beam Cell+1","Fission"],"picked":"Conserve Battery","floor":25},{"not_picked":["Ball Lightning","Double Energy","Redo"],"picked":"SKIP","floor":30},{"not_picked":["Chaos","Reinforced Body"],"picked":"Capacitor","floor":31},{"not_picked":["Reboot","All For One"],"picked":"Electrodynamics","floor":33},{"not_picked":["Defragment","Rebound+1"],"picked":"Tempest+1","floor":35},{"not_picked":["Rebound+1","Stack+1","Beam Cell+1"],"picked":"SKIP","floor":40},{"not_picked":["Turbo+1","Gash+1","Double Energy+1"],"picked":"SKIP","floor":42},{"not_picked":["Turbo+1","Conserve Battery+1"],"picked":"Glacier+1","floor":45},{"not_picked":["Blizzard+1","Melter+1"],"picked":"Defragment+1","floor":47},{"not_picked":["Hologram","Ball Lightning+1"],"picked":"Consume+1","floor":48}],"player_experience":1632506,"relics_obtained":[{"floor":6,"key":"PreservedInsect"},{"floor":8,"key":"Tiny Chest"},{"floor":9,"key":"War Paint"},{"floor":12,"key":"Turnip"},{"floor":23,"key":"Oddly Smooth Stone"},{"floor":25,"key":"Omamori"},{"floor":26,"key":"Ornamental Fan"},{"floor":30,"key":"HornCleat"},{"floor":37,"key":"MawBank"},{"floor":40,"key":"Pen Nib"},{"floor":43,"key":"Kunai"},{"floor":47,"key":"Blue Candle"}],"event_choices":[{"cards_removed":["Dualcast"],"damage_healed":0,"gold_gain":0,"player_choice":"Card Removal","damage_taken":7,"max_hp_gain":0,"max_hp_loss":0,"event_name":"Golden Wing","floor":3,"gold_loss":0},{"damage_healed":0,"gold_gain":0,"player_choice":"Got Potions","damage_taken":0,"max_hp_gain":0,"max_hp_loss":0,"event_name":"Lab","floor":4,"gold_loss":0},{"damage_healed":0,"gold_gain":0,"cards_transformed":["Echo Form"],"player_choice":"Transformed","damage_taken":0,"max_hp_gain":0,"max_hp_loss":0,"event_name":"Transmorgrifier","floor":20,"gold_loss":0,"cards_obtained":["BootSequence"]},{"cards_removed":["All For One"],"damage_healed":0,"gold_gain":0,"player_choice":"Elegance","damage_taken":0,"max_hp_gain":0,"max_hp_loss":0,"event_name":"Back to Basics","floor":27,"gold_loss":0},{"damage_healed":0,"gold_gain":0,"cards_transformed":["Static Discharge","Zap"],"player_choice":"Became Test Subject","damage_taken":0,"max_hp_gain":0,"max_hp_loss":0,"event_name":"Drug Dealer","floor":29,"gold_loss":0,"cards_obtained":["Aggregate","Chaos"]},{"damage_healed":0,"gold_gain":0,"player_choice":"Bought 1 Potion","damage_taken":0,"max_hp_gain":0,"max_hp_loss":0,"event_name":"The Woman in Blue","floor":36,"gold_loss":0},{"damage_healed":0,"gold_gain":0,"player_choice":"Damaged","damage_taken":7,"max_hp_gain":0,"max_hp_loss":0,"event_name":"Wheel of Change","floor":39,"gold_loss":0}],"is_beta":false,"boss_relics":[{"not_picked":["Empty Cage","Coffee Dripper"],"picked":"Pandora\u0027s Box"},{"not_picked":["FrozenCore","Astrolabe"],"picked":"Runic Pyramid"}],"items_purged_floors":[],"is_endless":false,"potions_floor_spawned":[2,6,11,12,23,25,35,40,45],"ascension_level":8}}