{"host":"y76clbnovzmw9ubx","time":1613254653,"event":{"mods":["AchievementEnabler","BaseMod","Minty Spire (QoL Compilation)","Permanent Neow","Relic Stats"],"gold_per_floor":[117,128,53,63,77,77,108,108,108,108,139,139,154,173,173,244,244,260,260,260,274,288,288,288],"floor_reached":23,"language":"ENG","playtime":1502,"items_purged":["Decay"],"score":406,"play_id":"dee63fce-d9f7-4e23-be73-b84c7df2ce99","local_time":"20210213171733","is_ascension_mode":true,"campfire_choices":[{"data":"Glass Knife","floor":6,"key":"SMITH"},{"floor":8,"key":"REST"},{"data":"Noxious Fumes","floor":10,"key":"SMITH"},{"data":"Flechettes","floor":12,"key":"SMITH"},{"floor":15,"key":"REST"}],"circlet_count":0,"master_deck":["AscendersBane","Strike_G","Strike_G","Strike_G","Strike_G","Strike_G","Defend_G","Defend_G","Defend_G","Defend_G","Defend_G","Survivor","Neutralize","Glass Knife+1","Quick Slash","Flechettes+1","Noxious Fumes+1","Deflect","Doppelganger","Dagger Throw","All Out Attack","After Image","Infinite Blades","Flechettes","Blade Dance","Caltrops"],"relics":["Ring of the Snake","Lantern","Regal Pillow","Kunai","Philosopher\u0027s Stone"],"acts_visited":["Exordium","TheCity"],"potions_floor_usage":[11,18,21,23],"damage_taken":[{"damage":0,"enemies":"Jaw Worm","floor":1,"turns":6},{"damage":4,"enemies":"Small Slimes","floor":2,"turns":4},{"damage":1,"enemies":"Cultist","floor":4,"turns":3},{"damage":3,"enemies":"Large Slime","floor":5,"turns":5},{"damage":25,"enemies":"3 Sentries","floor":7,"turns":9},{"damage":18,"enemies":"Lagavulin","floor":11,"turns":7},{"damage":0,"enemies":"Red Slaver","floor":13,"turns":3},{"damage":0,"enemies":"Exordium Wildlife","floor":14,"turns":4},{"damage":14,"enemies":"The Guardian","floor":16,"turns":10},{"damage":2,"enemies":"3 Byrds","floor":18,"turns":6},{"damage":6,"enemies":"Spheric Guardian","floor":21,"turns":3},{"damage":21,"enemies":"Centurion and Healer","floor":22,"turns":6},{"damage":42,"enemies":"Gremlin Leader","floor":23,"turns":3}],"seed_played":"-7330775118907830939","potions_obtained":[{"floor":4,"key":"Dexterity Potion"},{"floor":13,"key":"Fire Potion"},{"floor":14,"key":"DistilledChaos"},{"floor":22,"key":"Poison Potion"}],"is_trial":false,"path_per_floor":["M","M","$","M","M","R","E","R","T","R","E","R","M","M","R","B",null,"M","?","?","M","M","E"],"character_chosen":"THE_SILENT","items_purchased":[],"campfire_rested":2,"item_purchase_floors":[],"current_hp_per_floor":[59,55,55,54,51,51,26,45,45,45,27,27,27,27,61,47,61,59,59,59,53,32,0,0],"gold":288,"neow_bonus":"THREE_RARE_CARDS","is_daily":false,"chose_seed":false,"campfire_upgraded":3,"win_rate":0.0,"timestamp":1613254653,"path_taken":["M","M","$","M","M","R","E","R","T","R","E","R","M","M","R","BOSS","M","?","?","M","M","E"],"items_purchased_type":[],"build_version":"2020-12-22","purchased_purges":1,"victory":false,"max_hp_per_floor":[66,66,66,66,66,66,66,66,66,66,66,66,66,66,66,66,66,66,66,66,66,66,66,66],"relic_stats":{"Regal Pillow":15,"counters":[13,69],"Kunai":[20],"obtain_stats":[{"Lantern":7,"Regal Pillow":9,"Philosopher\u0027s Stone":17,"Kunai":11,"Ring of the Snake":0},{"Lantern":5,"Regal Pillow":5,"Philosopher\u0027s Stone":9,"Kunai":6,"Ring of the Snake":0},{"Lantern":27,"Regal Pillow":27,"Philosopher\u0027s Stone":51,"Kunai":34,"Ring of the Snake":0}],"Ring of the Snake":[26]},"card_choices":[{"not_picked":["Doppelganger","Tools of the Trade"],"picked":"Glass Knife","floor":0},{"not_picked":["Flying Knee","Concentrate"],"picked":"Quick Slash","floor":1},{"not_picked":["Sucker Punch","Backflip"],"picked":"Flechettes","floor":2},{"not_picked":["Masterful Stab","Deflect"],"picked":"Noxious Fumes","floor":4},{"not_picked":["Backflip","Poisoned Stab"],"picked":"Deflect","floor":5},{"not_picked":["Underhanded Strike","Flying Knee"],"picked":"Doppelganger","floor":7},{"not_picked":["Choke","Concentrate","Quick Slash"],"picked":"SKIP","floor":11},{"not_picked":["Calculated Gamble","Prepared"],"picked":"Dagger Throw","floor":13},{"not_picked":["Dodge and Roll","Flying Knee"],"picked":"All Out Attack","floor":14},{"not_picked":["Glass Knife","Adrenaline"],"picked":"After Image","floor":16},{"not_picked":["Riddle With Holes","Setup"],"picked":"Infinite Blades","floor":18},{"not_picked":["Underhanded Strike","Bane+1"],"picked":"Blade Dance","floor":21},{"not_picked":["Dagger Spray","Prepared"],"picked":"Caltrops","floor":22}],"player_experience":3234269,"relics_obtained":[{"floor":7,"key":"Lantern"},{"floor":9,"key":"Regal Pillow"},{"floor":11,"key":"Kunai"}],"event_choices":[{"damage_healed":0,"gold_gain":0,"player_choice":"Ignored","damage_taken":0,"max_hp_gain":0,"max_hp_loss":0,"event_name":"Ghosts","floor":19,"gold_loss":0},{"damage_healed":0,"gold_gain":0,"player_choice":"1 cards matched","damage_taken":0,"max_hp_gain":0,"max_hp_loss":0,"event_name":"Match and Keep!","floor":20,"gold_loss":0,"cards_obtained":["Flechettes"]}],"is_beta":false,"boss_relics":[{"not_picked":["Runic Pyramid","Astrolabe"],"picked":"Philosopher\u0027s Stone"}],"items_purged_floors":[3],"is_endless":false,"potions_floor_spawned":[4,13,14,16,22],"killed_by":"Gremlin Leader","ascension_level":20}}