{"host":"d39t2qzp2z2irjsy","time":1613217666,"event":{"mods":["BaseMod","Marisa£®ÏF”Í°°ƒß¿Ì…≥£©","Minty Spire (QoL Compilation)","StSLib","The Bug Knight","The Cursed","The Servant 0.9.4"],"gold_per_floor":[114,129,79,95,109,109,26,26,98,117,150,75,150,162,162,259,259,245,261,281,281,281,281,281,281],"floor_reached":24,"language":"ZHS","playtime":797,"items_purged":["Strike_R"],"score":250,"play_id":"8d32524a-1dc4-412c-8994-795d0b819b82","local_time":"20210213200106","is_ascension_mode":false,"campfire_choices":[{"data":"Inflame","floor":6.0,"key":"SMITH"},{"floor":15.0,"key":"REST"},{"floor":23,"key":"REST"}],"circlet_count":0,"master_deck":["Strike_R","Strike_R","Strike_R","Defend_R","Defend_R","Defend_R","Defend_R","Bash","Sword Boomerang","Thunderclap","Inflame+1","Seeing Red","Thunderclap","Seeing Red","Intimidate+1","Cleave","Perfected Strike","Reaper","Heavy Blade","Sword Boomerang","Cleave"],"relics":["Burning Blood","Dream Catcher","HollowMod:StagPassRelic","Toxic Egg 2","SlaversCollar"],"acts_visited":["Exordium","TheCity"],"potions_floor_usage":[],"damage_taken":[{"damage":13.0,"enemies":"Jaw Worm","floor":1.0,"turns":3.0},{"damage":16.0,"enemies":"2 Louse","floor":2.0,"turns":3.0},{"damage":12.0,"enemies":"Small Slimes","floor":4.0,"turns":3.0},{"damage":10.0,"enemies":"Looter","floor":5.0,"turns":3.0},{"damage":11.0,"enemies":"Exordium Wildlife","floor":10.0,"turns":3.0},{"damage":12.0,"enemies":"3 Sentries","floor":11.0,"turns":4.0},{"damage":1.0,"enemies":"2 Fungi Beasts","floor":14.0,"turns":2.0},{"damage":0.0,"enemies":"Slime Boss","floor":16.0,"turns":6.0},{"damage":35.0,"enemies":"2 Thieves","floor":18.0,"turns":4.0},{"damage":36.0,"enemies":"3 Byrds","floor":19.0,"turns":6.0},{"damage":50.0,"enemies":"Centurion and Healer","floor":20.0,"turns":6.0},{"damage":0.0,"enemies":"Snecko","floor":21.0,"turns":2.0},{"damage":45,"enemies":"Shelled Parasite and Fungi","floor":24,"turns":5}],"seed_played":"-7741015408985143909","potions_obtained":[{"floor":2.0,"key":"Dexterity Potion"},{"floor":5.0,"key":"Swift Potion"},{"floor":10.0,"key":"SkillPotion"},{"floor":20.0,"key":"SmokeBomb"}],"is_trial":false,"path_per_floor":["M","M","?","M","M","R","$","?","T","M","E","$","?","M","R","B",null,"M","M","M","M","?","R","M"],"character_chosen":"IRONCLAD","items_purchased":["Seeing Red","Thunderclap"],"campfire_rested":2,"item_purchase_floors":[7,7],"current_hp_per_floor":[81,71,71,65,61,61,61,58,58,53,47,47,36,41,67,73,88,59,36,12,18,18,44,0,0],"gold":281,"neow_bonus":"TEN_PERCENT_HP_BONUS","is_daily":false,"chose_seed":false,"campfire_upgraded":1,"win_rate":0.0,"timestamp":1613217666,"path_taken":["M","M","?","M","M","R","?","?","T","?","E","$","?","M","R","BOSS","M","M","M","M","?","R","M"],"items_purchased_type":["Card","Card"],"build_version":"2020-12-22","purchased_purges":1,"victory":false,"max_hp_per_floor":[88,88,88,88,88,88,88,88,88,88,88,88,88,88,88,88,88,88,88,88,88,88,88,88,88],"card_choices":[{"not_picked":["Anger","Twin Strike"],"picked":"Sword Boomerang","floor":1.0},{"not_picked":["Feel No Pain","Warcry","Wild Strike"],"picked":"SKIP","floor":2.0},{"not_picked":["Dark Embrace","Iron Wave"],"picked":"Thunderclap","floor":4.0},{"not_picked":["Heavy Blade","Flame Barrier"],"picked":"Inflame","floor":5.0},{"not_picked":["Double Tap","Clothesline"],"picked":"Seeing Red","floor":10.0},{"not_picked":["Pommel Strike","Clash"],"picked":"Intimidate+1","floor":11.0},{"not_picked":["Headbutt","Heavy Blade"],"picked":"Cleave","floor":14.0},{"not_picked":["Flame Barrier+1","Fire Breathing"],"picked":"Perfected Strike","floor":15.0},{"not_picked":["Immolate","Impervious+1"],"picked":"Reaper","floor":16.0},{"not_picked":["Clothesline","Body Slam","Iron Wave"],"picked":"SKIP","floor":18.0},{"not_picked":["Sever Soul","Anger+1"],"picked":"Heavy Blade","floor":19.0},{"not_picked":["Metallicize+1","Combust+1"],"picked":"Sword Boomerang","floor":20.0},{"not_picked":["True Grit+1","Clash"],"picked":"Cleave","floor":23}],"player_experience":16556,"relics_obtained":[{"floor":9.0,"key":"HollowMod:StagPassRelic"},{"floor":11.0,"key":"Toxic Egg 2"}],"event_choices":[{"cards_removed":["Strike_R"],"damage_healed":0.0,"max_hp_gain":0.0,"max_hp_loss":0.0,"gold_gain":0.0,"event_name":"The Cleric","player_choice":"Card Removal","floor":3.0,"gold_loss":50.0,"damage_taken":0.0},{"damage_healed":0.0,"max_hp_gain":0.0,"max_hp_loss":0.0,"gold_gain":0.0,"event_name":"Scrap Ooze","player_choice":"Success","floor":8.0,"gold_loss":0.0,"damage_taken":3.0,"relics_obtained":["Dream Catcher"]},{"damage_healed":0.0,"max_hp_gain":0.0,"max_hp_loss":0.0,"gold_gain":75.0,"event_name":"World of Goop","player_choice":"Gather Gold","floor":13.0,"gold_loss":0.0,"damage_taken":11.0},{"damage_healed":0,"gold_gain":0,"player_choice":"Ignored","damage_taken":0,"max_hp_gain":0,"max_hp_loss":0,"event_name":"Cursed Tome","floor":22,"gold_loss":0}],"is_beta":false,"boss_relics":[{"not_picked":["Runic Dome","Astrolabe"],"picked":"SlaversCollar"}],"items_purged_floors":[12],"is_endless":false,"potions_floor_spawned":[2,5,10,19,20],"killed_by":"Shelled Parasite and Fungi","ascension_level":0}}