{"host":"zsnmfqgcm92hlreo","time":1613201599,"event":{"mods":["AchievementEnabler","BaseMod","Bestiary","Block Reminder","Colored Map","Colored Powertips","Filter the Spire","Minty Spire (QoL Compilation)","Permanent Neow","Quick Restart","Relic Stats","StSLib","Weighted Paths"],"gold_per_floor":[118,133,149,164,208,238,251,251,303,351,379,16,166,222,222,299,299,310,310,310,359,230,319,366,366,366,400,400,418,489,286,286,360,360,455,455,179,179,193,222,222,275,275,275,322,348,348,426,426,426,426,426,426,12,42,42,42],"floor_reached":56,"language":"ENG","playtime":3751,"items_purged":["Writhe"],"score":2140,"play_id":"cc6b10e6-491a-40ee-b931-5c12557fa006","local_time":"20210213013319","is_ascension_mode":true,"campfire_choices":[{"data":"Wish","floor":8.0,"key":"SMITH"},{"data":"Eruption","floor":15.0,"key":"SMITH"},{"floor":25.0,"key":"REST"},{"data":"TalkToTheHand","floor":32.0,"key":"SMITH"},{"floor":41.0,"key":"RECALL"},{"floor":44.0,"key":"REST"},{"floor":47.0,"key":"REST"},{"floor":49.0,"key":"REST"},{"floor":53.0,"key":"REST"}],"circlet_count":0,"master_deck":["AscendersBane","Eruption+1","Vigilance+1","LessonLearned+1","EmptyBody+1","DeusExMachina+1","FearNoEvil+1","Perseverance","Judgement+1","FollowUp+1","BowlingBash+1","Indignation+1","ThirdEye","Wish+1","InnerPeace","CutThroughFate+1","CarveReality+1","DeceiveReality+1","Wish+1","CutThroughFate+1","Protect","ThirdEye+1","LikeWater+1","DevaForm+1","Fasting2","TalkToTheHand+1","LikeWater","Wish","Worship","Apotheosis+1","Parasite","TalkToTheHand","Fasting2+1","Vengeance+1"],"relics":["Pandora\u0027s Box","Eternal Feather","PreservedInsect","Regal Pillow","TungstenRod","Pear","Snecko Eye","Art of War","Calipers","Vajra","CloakClasp","FaceOfCleric","Pen Nib","Fusion Hammer","Bottled Tornado","StoneCalendar","Ancient Tea Set","Gremlin Horn","Incense Burner","Letter Opener","Mercury Hourglass"],"acts_visited":["Exordium","TheCity","TheBeyond","TheEnding"],"potions_floor_usage":[56,56],"damage_taken":[{"damage":0.0,"enemies":"Jaw Worm","floor":1.0,"turns":3.0},{"damage":0.0,"enemies":"2 Louse","floor":2.0,"turns":2.0},{"damage":7.0,"enemies":"Small Slimes","floor":3.0,"turns":3.0},{"damage":0.0,"enemies":"Gremlin Gang","floor":4.0,"turns":4.0},{"damage":4.0,"enemies":"Blue Slaver","floor":5.0,"turns":4.0},{"damage":0.0,"enemies":"Lagavulin","floor":6.0,"turns":6.0},{"damage":2.0,"enemies":"Large Slime","floor":7.0,"turns":4.0},{"damage":6.0,"enemies":"3 Louse","floor":10.0,"turns":7.0},{"damage":8.0,"enemies":"Gremlin Nob","floor":11.0,"turns":3.0},{"damage":0.0,"enemies":"3 Sentries","floor":14.0,"turns":6.0},{"damage":9.0,"enemies":"Slime Boss","floor":16.0,"turns":8.0},{"damage":0.0,"enemies":"Spheric Guardian","floor":18.0,"turns":2.0},{"damage":22.0,"enemies":"Shell Parasite","floor":21.0,"turns":4.0},{"damage":18.0,"enemies":"Slavers","floor":23.0,"turns":7.0},{"damage":4.0,"enemies":"Snecko","floor":24.0,"turns":4.0},{"damage":4.0,"enemies":"Book of Stabbing","floor":27.0,"turns":4.0},{"damage":3.0,"enemies":"Shelled Parasite and Fungi","floor":29.0,"turns":5.0},{"damage":7.0,"enemies":"Centurion and Healer","floor":30.0,"turns":6.0},{"damage":1.0,"enemies":"Champ","floor":33.0,"turns":13.0},{"damage":0.0,"enemies":"3 Shapes","floor":35.0,"turns":6.0},{"damage":0.0,"enemies":"Orb Walker","floor":39.0,"turns":3.0},{"damage":2.0,"enemies":"Giant Head","floor":40.0,"turns":4.0},{"damage":21.0,"enemies":"Nemesis","floor":42.0,"turns":7.0},{"damage":0.0,"enemies":"Writhing Mass","floor":45.0,"turns":5.0},{"damage":8.0,"enemies":"Giant Head","floor":46.0,"turns":5.0},{"damage":0.0,"enemies":"2 Orb Walkers","floor":48.0,"turns":4.0},{"damage":33.0,"enemies":"Awakened One","floor":50.0,"turns":9.0},{"damage":27.0,"enemies":"Time Eater","floor":51.0,"turns":10.0},{"damage":49.0,"enemies":"Shield and Spear","floor":55.0,"turns":7.0},{"damage":73,"enemies":"The Heart","floor":56,"turns":3}],"seed_played":"-4639915662725325329","potions_obtained":[{"floor":3.0,"key":"Swift Potion"},{"floor":5.0,"key":"SpeedPotion"},{"floor":11.0,"key":"BlessingOfTheForge"},{"floor":21.0,"key":"DistilledChaos"},{"floor":23.0,"key":"Dexterity Potion"},{"floor":30.0,"key":"Explosive Potion"},{"floor":33.0,"key":"DistilledChaos"},{"floor":45.0,"key":"Ancient Potion"},{"floor":46.0,"key":"GamblersBrew"}],"is_trial":false,"path_per_floor":["M","M","M","M","M","E","M","R","T","M","E","$","?","E","R","B",null,"M","?","?","M","$","E","M","R","T","E","?","M","M","$","R","B",null,"M","?","$","?","M","E","R","E","T","R","M","E","R","?","R","B","B",null,"R","$","E","B"],"character_chosen":"WATCHER","items_purchased":["DeceiveReality","TungstenRod","ThirdEye","Pen Nib","LikeWater","Bottled Tornado","EssenceOfSteel","Strength Potion","Letter Opener"],"campfire_rested":5,"item_purchase_floors":[12,12,22,31,31,37,54,54,54],"current_hp_per_floor":[61,61,54,54,50,50,48,57,57,51,43,43,43,53,62,53,72,72,72,72,50,50,32,28,78,78,74,74,72,66,66,80,80,81,82,78,78,78,79,78,80,60,60,81,82,75,83,84,84,52,26,71,86,86,38,0,0],"gold":42,"neow_bonus":"BOSS_RELIC","is_daily":false,"chose_seed":false,"campfire_upgraded":3,"win_rate":0.0,"timestamp":1613201599,"path_taken":["M","M","M","M","M","E","M","R","T","M","E","$","?","E","R","BOSS","M","?","?","M","$","E","M","R","T","E","?","?","M","$","R","BOSS","M","?","$","?","M","E","R","E","T","R","M","E","R","?","R","BOSS","BOSS","R","$","E","BOSS"],"items_purchased_type":["Card","Relic","Card","Relic","Card","Relic","Potion","Potion","Relic"],"build_version":"2020-12-22","purchased_purges":1,"victory":false,"max_hp_per_floor":[68,68,68,68,68,68,68,68,68,68,68,68,68,78,78,78,78,78,78,78,78,78,78,78,78,78,78,78,79,80,80,80,81,81,82,78,78,78,79,80,80,81,81,81,82,83,83,84,84,85,86,86,86,86,87,87,87],"relic_stats":{"Regal Pillow":15,"Gremlin Horn":[5,5],"counters":[30,158],"Eternal Feather":87,"StoneCalendar":[81],"PreservedInsect":525,"Pen Nib":[16],"CloakClasp":[347],"Letter Opener":[20],"Mercury Hourglass":[9],"FaceOfCleric":13,"Snecko Eye":[188,182,203,195],"Pandora\u0027s Box":["LessonLearned","EmptyBody","DeusExMachina","FearNoEvil","Perseverance","Judgement","FollowUp","BowlingBash"],"Art of War":[13],"obtain_stats":[{"Regal Pillow":11,"Pear":14,"Calipers":23,"Gremlin Horn":46,"Vajra":26,"Eternal Feather":6,"StoneCalendar":40,"PreservedInsect":9,"Pen Nib":31,"CloakClasp":27,"Incense Burner":48,"Letter Opener":54,"Bottled Tornado":37,"Ancient Tea Set":42,"Mercury Hourglass":55,"FaceOfCleric":28,"Snecko Eye":17,"Pandora\u0027s Box":0,"Fusion Hammer":34,"Art of War":20,"PureWater":0,"TungstenRod":12},{"Regal Pillow":9,"Pear":10,"Calipers":14,"Gremlin Horn":25,"Vajra":15,"Eternal Feather":6,"StoneCalendar":22,"PreservedInsect":7,"Pen Nib":18,"CloakClasp":16,"Incense Burner":26,"Letter Opener":28,"Bottled Tornado":20,"Ancient Tea Set":23,"Mercury Hourglass":29,"FaceOfCleric":16,"Snecko Eye":11,"Pandora\u0027s Box":0,"Fusion Hammer":19,"Art of War":12,"PureWater":0,"TungstenRod":9},{"Regal Pillow":36,"Pear":42,"Calipers":63,"Gremlin Horn":125,"Vajra":67,"Eternal Feather":22,"StoneCalendar":108,"PreservedInsect":26,"Pen Nib":82,"CloakClasp":71,"Incense Burner":129,"Letter Opener":148,"Bottled Tornado":101,"Ancient Tea Set":115,"Mercury Hourglass":155,"FaceOfCleric":71,"Snecko Eye":50,"Pandora\u0027s Box":0,"Fusion Hammer":95,"Art of War":52,"PureWater":0,"TungstenRod":36}],"TungstenRod":47},"card_choices":[{"not_picked":["ClearTheMind","Sanctity"],"picked":"Indignation","floor":1.0},{"not_picked":["JustLucky","FollowUp"],"picked":"ThirdEye","floor":2.0},{"not_picked":["EmptyFist","FearNoEvil","SashWhip"],"picked":"SKIP","floor":3.0},{"not_picked":["SashWhip","BowlingBash"],"picked":"Wish","floor":4.0},{"not_picked":["FlyingSleeves","FollowUp"],"picked":"InnerPeace","floor":5.0},{"not_picked":["Establishment","Swivel"],"picked":"CutThroughFate","floor":6.0},{"not_picked":["ClearTheMind","WaveOfTheHand"],"picked":"CarveReality","floor":7.0},{"not_picked":["SandsOfTime","FollowUp","FlyingSleeves"],"picked":"SKIP","floor":10.0},{"not_picked":["Prostrate","Alpha","Crescendo"],"picked":"SKIP","floor":11.0},{"not_picked":["CrushJoints","Study","Swivel"],"picked":"SKIP","floor":14.0},{"not_picked":["Brilliance","DeusExMachina"],"picked":"Wish","floor":16.0},{"not_picked":["Indignation","SashWhip"],"picked":"CutThroughFate","floor":18.0},{"not_picked":["PathToVictory","CutThroughFate+1"],"picked":"Protect","floor":21.0},{"not_picked":["Study+1","EmptyBody"],"picked":"LikeWater+1","floor":23.0},{"not_picked":["FlyingSleeves","PathToVictory"],"picked":"DevaForm","floor":24.0},{"not_picked":["Crescendo","FlyingSleeves+1"],"picked":"Fasting2","floor":27.0},{"not_picked":["BowlingBash","EmptyFist","JustLucky"],"picked":"SKIP","floor":29.0},{"not_picked":["ThirdEye","PathToVictory"],"picked":"TalkToTheHand","floor":30.0},{"not_picked":["SpiritShield","Judgement"],"picked":"Wish","floor":33.0},{"not_picked":["EmptyBody","Prostrate"],"picked":"Worship","floor":35.0},{"not_picked":["Sadistic Nature","Good Instincts"],"picked":"Apotheosis","floor":38.0},{"not_picked":["FlurryOfBlows+1","CrushJoints","EmptyBody"],"picked":"SKIP","floor":39.0},{"not_picked":["BattleHymn+1","FollowUp","Study"],"picked":"SKIP","floor":40.0},{"not_picked":["Crescendo","CrushJoints","FlyingSleeves"],"picked":"SKIP","floor":42.0},{"not_picked":["InnerPeace","JustLucky"],"picked":"TalkToTheHand","floor":45.0},{"not_picked":["ThirdEye","Vault"],"picked":"Fasting2+1","floor":46.0},{"not_picked":["FlurryOfBlows","Halt"],"picked":"Vengeance+1","floor":48.0},{"not_picked":["WreathOfFlame+1","Wireheading+1","Wallop"],"picked":"SKIP","floor":55.0}],"player_experience":1111471,"relics_obtained":[{"floor":6.0,"key":"Eternal Feather"},{"floor":9.0,"key":"PreservedInsect"},{"floor":11.0,"key":"Regal Pillow"},{"floor":14.0,"key":"Pear"},{"floor":23.0,"key":"Calipers"},{"floor":26.0,"key":"Vajra"},{"floor":27.0,"key":"CloakClasp"},{"floor":40.0,"key":"StoneCalendar"},{"floor":42.0,"key":"Ancient Tea Set"},{"floor":46.0,"key":"Gremlin Horn"},{"floor":48.0,"key":"Incense Burner"},{"floor":55.0,"key":"Mercury Hourglass"}],"event_choices":[{"damage_healed":0.0,"max_hp_gain":0.0,"max_hp_loss":0.0,"gold_gain":150.0,"event_name":"Liars Game","player_choice":"AGREE","floor":13.0,"gold_loss":0.0,"damage_taken":0.0,"cards_obtained":["Doubt"]},{"cards_removed":["Doubt"],"damage_healed":0.0,"max_hp_gain":0.0,"max_hp_loss":0.0,"gold_gain":0.0,"event_name":"Back to Basics","player_choice":"Elegance","floor":19.0,"gold_loss":0.0,"damage_taken":0.0},{"damage_healed":0.0,"max_hp_gain":0.0,"max_hp_loss":0.0,"gold_gain":0.0,"event_name":"The Mausoleum","player_choice":"Opened","floor":20.0,"gold_loss":0.0,"damage_taken":0.0,"relics_obtained":["Art of War"],"cards_obtained":["Writhe"]},{"damage_healed":0.0,"max_hp_gain":0.0,"max_hp_loss":0.0,"gold_gain":0.0,"event_name":"FaceTrader","player_choice":"Trade","floor":28.0,"gold_loss":0.0,"damage_taken":0.0,"relics_obtained":["FaceOfCleric"]},{"damage_healed":0.0,"max_hp_gain":0.0,"max_hp_loss":4.0,"gold_gain":0.0,"event_name":"Winding Halls","player_choice":"Max HP","floor":36.0,"gold_loss":0.0,"damage_taken":0.0},{"damage_healed":0.0,"max_hp_gain":0.0,"max_hp_loss":0.0,"gold_gain":0.0,"event_name":"SensoryStone","player_choice":"Memory 1","floor":38.0,"gold_loss":0.0,"damage_taken":0.0},{"damage_healed":0.0,"max_hp_gain":0.0,"max_hp_loss":0.0,"gold_gain":0.0,"event_name":"Mysterious Sphere","player_choice":"Fight","floor":48.0,"gold_loss":0.0,"damage_taken":0.0}],"is_beta":false,"boss_relics":[{"not_picked":["Ectoplasm","Empty Cage"],"picked":"Snecko Eye"},{"not_picked":["Coffee Dripper","Calling Bell"],"picked":"Fusion Hammer"}],"items_purged_floors":[22],"is_endless":false,"potions_floor_spawned":[3,5,11,21,23,24,30,33,45,46,48],"killed_by":"The Heart","ascension_level":20}}