{"host":"8iprjuzow65cevwy","time":1613253259,"event":{"mods":["BaseMod","Colored Map","Highlight Path","Minty Spire (QoL Compilation)"],"gold_per_floor":[118,66,66,82,37,66,77,107,107,107,107,127,152,152,152,247,247,265,275,22,32,32,32,32,60,60,80,100,100,135,161,161,260,260,278,298,8,8,8,8,37,37,63,63,83,115,134,168,168,168,168],"floor_reached":50,"language":"ENG","playtime":2942,"items_purged":["Defend_R"],"score":826,"play_id":"7c25b34c-d998-48b2-837f-af0b155693b8","local_time":"20210213225419","is_ascension_mode":true,"campfire_choices":[{"data":"Inflame","floor":10,"key":"SMITH"},{"data":"Rupture","floor":15,"key":"SMITH"},{"data":"Iron Wave","floor":23,"key":"SMITH"},{"data":"Iron Wave","floor":29,"key":"SMITH"},{"data":"Bloodletting","floor":32,"key":"SMITH"},{"data":"Madness","floor":40,"key":"SMITH"},{"data":"Madness","floor":44,"key":"SMITH"},{"data":"Seeing Red","floor":49,"key":"SMITH"}],"circlet_count":0,"master_deck":["Strike_R","Strike_R","Strike_R","Strike_R","Strike_R","Defend_R","Defend_R","Bash","Clothesline","Armaments+1","Inflame+1","Thunderclap","Bloodletting+1","Rampage","Seeing Red+1","Rupture+1","Iron Wave+1","Offering","Clothesline","Combust","Heavy Blade+1","Iron Wave+1","Twin Strike","Madness+1","Madness+1","True Grit+1","Heavy Blade","Sentinel+1"],"relics":["Burning Blood","NeowsBlessing","Paper Frog","Ice Cream","Turnip","Eternal Feather","StrikeDummy","Meat on the Bone","Busted Crown","Gremlin Horn","Enchiridion","Bottled Lightning","Torii","HornCleat","Red Mask","Runic Cube","Anchor","Orichalcum","Oddly Smooth Stone","Pear","White Beast Statue"],"acts_visited":["Exordium","TheCity","TheBeyond"],"potions_floor_usage":[8,16,25,28,31,48,50,50],"damage_taken":[{"damage":0,"enemies":"Cultist","floor":1,"turns":1},{"damage":0,"enemies":"Small Slimes","floor":4,"turns":1},{"damage":0,"enemies":"Gremlin Nob","floor":6,"turns":1},{"damage":8,"enemies":"Jaw Worm","floor":7,"turns":4},{"damage":28,"enemies":"3 Sentries","floor":8,"turns":7},{"damage":6,"enemies":"Blue Slaver","floor":12,"turns":4},{"damage":13,"enemies":"Lagavulin","floor":13,"turns":5},{"damage":21,"enemies":"Slime Boss","floor":16,"turns":7},{"damage":12,"enemies":"2 Thieves","floor":18,"turns":3},{"damage":13,"enemies":"Chosen","floor":19,"turns":2},{"damage":18,"enemies":"Centurion and Healer","floor":21,"turns":4},{"damage":30,"enemies":"Slavers","floor":25,"turns":3},{"damage":21,"enemies":"Sentry and Sphere","floor":27,"turns":4},{"damage":9,"enemies":"Snake Plant","floor":28,"turns":3},{"damage":8,"enemies":"Gremlin Leader","floor":30,"turns":3},{"damage":6,"enemies":"Masked Bandits","floor":31,"turns":2},{"damage":28,"enemies":"Automaton","floor":33,"turns":6},{"damage":6,"enemies":"Orb Walker","floor":35,"turns":2},{"damage":7,"enemies":"3 Shapes","floor":36,"turns":3},{"damage":23,"enemies":"Nemesis","floor":41,"turns":5},{"damage":9,"enemies":"Spire Growth","floor":45,"turns":3},{"damage":15,"enemies":"Reptomancer","floor":46,"turns":3},{"damage":9,"enemies":"4 Shapes","floor":47,"turns":4},{"damage":21,"enemies":"Giant Head","floor":48,"turns":6},{"damage":92,"enemies":"Awakened One","floor":50,"turns":8}],"seed_played":"7871529320058704396","potions_obtained":[{"floor":4,"key":"Explosive Potion"},{"floor":8,"key":"SpeedPotion"},{"floor":12,"key":"Strength Potion"},{"floor":18,"key":"Explosive Potion"},{"floor":25,"key":"Energy Potion"},{"floor":30,"key":"FearPotion"},{"floor":36,"key":"BloodPotion"},{"floor":45,"key":"Swift Potion"}],"is_trial":false,"path_per_floor":["M","$","?","M","$","E","M","E","T","R","?","M","E","T","R","B",null,"M","M","$","M","?","R","?","E","T","M","M","R","E","?","R","B",null,"M","M","$","?","?","R","E","?","T","R","M","E","M","E","R","B"],"character_chosen":"IRONCLAD","items_purchased":["Armaments","Thunderclap","Gremlin Horn","Anchor","EssenceOfSteel"],"campfire_rested":0,"item_purchase_floors":[2,5,20,37,37],"current_hp_per_floor":[80,80,80,80,80,80,78,56,56,56,44,44,37,37,46,43,71,65,58,58,58,58,70,54,42,42,39,48,60,58,58,73,51,73,73,72,72,62,62,77,60,60,60,75,72,73,70,55,70,0,0],"gold":168,"neow_bonus":"THREE_ENEMY_KILL","is_daily":false,"chose_seed":false,"campfire_upgraded":8,"win_rate":0.0,"timestamp":1613253259,"path_taken":["M","?","?","?","$","E","M","E","T","R","?","M","E","?","R","BOSS","M","M","$","M","?","R","?","E","T","M","M","R","E","?","R","BOSS","M","M","$","?","?","R","E","?","T","R","?","E","M","E","R","BOSS"],"items_purchased_type":["Card","Card","Relic","Relic","Potion"],"build_version":"2020-12-22","purchased_purges":1,"victory":false,"max_hp_per_floor":[80,80,80,80,80,80,80,80,80,80,80,80,80,80,80,80,80,80,80,80,80,80,80,80,80,80,80,80,80,80,80,80,80,80,80,80,80,80,80,80,80,80,80,80,80,90,90,90,90,90,90],"card_choices":[{"not_picked":["Perfected Strike","Havoc"],"picked":"Clothesline","floor":1},{"not_picked":["Flex","Combust"],"picked":"Inflame","floor":4},{"not_picked":["Perfected Strike","Heavy Blade"],"picked":"Bloodletting","floor":6},{"not_picked":["Cleave","Shockwave"],"picked":"Rampage","floor":7},{"not_picked":["Wild Strike","Shrug It Off"],"picked":"Seeing Red","floor":8},{"not_picked":["Perfected Strike","Clash"],"picked":"Rupture","floor":12},{"not_picked":["Immolate","Clothesline"],"picked":"Iron Wave","floor":13},{"not_picked":["Juggernaut","Feed"],"picked":"Offering","floor":16},{"not_picked":[],"picked":"Clothesline","floor":18},{"not_picked":["Havoc"],"picked":"SKIP","floor":19},{"not_picked":[],"picked":"Combust","floor":21},{"not_picked":[],"picked":"Heavy Blade+1","floor":25},{"not_picked":["Thunderclap"],"picked":"SKIP","floor":27},{"not_picked":[],"picked":"Iron Wave","floor":28},{"not_picked":["Headbutt"],"picked":"SKIP","floor":30},{"not_picked":[],"picked":"Twin Strike","floor":31},{"not_picked":["Entrench"],"picked":"SKIP","floor":35},{"not_picked":["Clothesline+1"],"picked":"SKIP","floor":36},{"not_picked":["Metallicize+1"],"picked":"SKIP","floor":41},{"not_picked":[],"picked":"True Grit+1","floor":45},{"not_picked":[],"picked":"Heavy Blade","floor":46},{"not_picked":["Clash"],"picked":"SKIP","floor":47},{"not_picked":[],"picked":"Sentinel+1","floor":48}],"player_experience":319052,"relics_obtained":[{"floor":6,"key":"Paper Frog"},{"floor":8,"key":"Ice Cream"},{"floor":9,"key":"Turnip"},{"floor":13,"key":"StrikeDummy"},{"floor":14,"key":"Meat on the Bone"},{"floor":24,"key":"Enchiridion"},{"floor":25,"key":"Bottled Lightning"},{"floor":26,"key":"Torii"},{"floor":30,"key":"HornCleat"},{"floor":31,"key":"Red Mask"},{"floor":41,"key":"Orichalcum"},{"floor":43,"key":"Oddly Smooth Stone"},{"floor":46,"key":"Pear"},{"floor":48,"key":"White Beast Statue"}],"event_choices":[{"damage_healed":0,"gold_gain":0,"player_choice":"Upgraded","damage_taken":0,"max_hp_gain":0,"max_hp_loss":0,"event_name":"Upgrade Shrine","floor":3,"gold_loss":0,"cards_upgraded":["Armaments"]},{"damage_healed":0,"gold_gain":0,"player_choice":"Success","damage_taken":12,"relics_obtained":["Eternal Feather"],"max_hp_gain":0,"max_hp_loss":0,"event_name":"Scrap Ooze","floor":11,"gold_loss":0},{"damage_healed":0,"gold_gain":0,"player_choice":"Ignored","damage_taken":0,"max_hp_gain":0,"max_hp_loss":0,"event_name":"Vampires","floor":22,"gold_loss":0},{"damage_healed":0,"gold_gain":0,"player_choice":"Obtained Book","damage_taken":16,"max_hp_gain":0,"max_hp_loss":0,"event_name":"Cursed Tome","floor":24,"gold_loss":0},{"damage_healed":0,"gold_gain":0,"player_choice":"Fought Bandits","damage_taken":0,"max_hp_gain":0,"max_hp_loss":0,"event_name":"Masked Bandits","floor":31,"gold_loss":0},{"damage_healed":0,"gold_gain":0,"player_choice":"Embrace Madness","damage_taken":10,"max_hp_gain":0,"max_hp_loss":0,"event_name":"Winding Halls","floor":38,"gold_loss":0,"cards_obtained":["Madness","Madness"]},{"damage_healed":0,"gold_gain":0,"player_choice":"Memory 1","damage_taken":0,"max_hp_gain":0,"max_hp_loss":0,"event_name":"SensoryStone","floor":39,"gold_loss":0},{"cards_removed":["Defend_R"],"damage_healed":0,"gold_gain":0,"player_choice":"Removed Skill","damage_taken":0,"max_hp_gain":0,"max_hp_loss":0,"event_name":"Falling","floor":42,"gold_loss":0}],"is_beta":false,"boss_relics":[{"not_picked":["Runic Pyramid","Astrolabe"],"picked":"Busted Crown"},{"not_picked":["Pandora\u0027s Box","Empty Cage"],"picked":"Runic Cube"}],"items_purged_floors":[37],"is_endless":false,"potions_floor_spawned":[4,8,12,18,25,30,36,45,47],"killed_by":"Awakened One","ascension_level":5}}