{"host":"qz0goigh82dax5l2","time":1613192447,"event":{"mods":["Act Like it!","Alarm Clock","BaseMod","Hallownest","Minty Spire (QoL Compilation)","StSLib"],"gold_per_floor":[117,117,132,150,168,168,202,202,229,247,3,23,153,78,78,78,78],"floor_reached":16,"language":"ZHS","playtime":855,"items_purged":[],"score":107,"play_id":"41a61c0f-20bd-4206-ab39-35b9d98c49ff","local_time":"20210213130047","is_ascension_mode":true,"campfire_choices":[{"floor":6,"key":"REST"},{"floor":8,"key":"REST"},{"data":"Bandage Up","floor":15,"key":"SMITH"}],"circlet_count":0,"master_deck":["Strike_B","Strike_B","Strike_B","Strike_B","Defend_B","Defend_B","Defend_B","Defend_B","Zap","Dualcast","Seek","White Noise","Self Repair","Redo","Go for the Eyes","Rainbow","Conserve Battery","Tempest","Bandage Up+1","Loop","Hologram","Hallownest:skillGreenpathMap"],"relics":["Cracked Core","Hallownest:DreamNailRelic","Bronze Scales"],"acts_visited":["Exordium"],"potions_floor_usage":[5,16,16,16],"damage_taken":[{"damage":1,"enemies":"Hallownest:2_MossCreeps","floor":1,"turns":4},{"damage":7,"enemies":"Hallownest:monsterHuskWarrior","floor":3,"turns":4},{"damage":9,"enemies":"Hallownest:2_Baldur","floor":4,"turns":4},{"damage":23,"enemies":"Hallownest:Guard_and_Warrior","floor":5,"turns":8},{"damage":50,"enemies":"Hallownest:eliteMossKnight","floor":7,"turns":11},{"damage":7,"enemies":"Hallownest:monsterFoolEater","floor":10,"turns":4},{"damage":0,"enemies":"Hallownest:monsterAspidMother","floor":12,"turns":7},{"damage":92,"enemies":"Hallownest:BossHornet","floor":16,"turns":8}],"seed_played":"5351214640234191430","potions_obtained":[{"floor":1,"key":"LiquidMemories"},{"floor":3,"key":"Strength Potion"},{"floor":7,"key":"Fire Potion"},{"floor":10,"key":"FocusPotion"}],"is_trial":false,"path_per_floor":["M","?","M","M","M","R","E","R","T","M","$","M","?","?","R","B"],"character_chosen":"DEFECT","items_purchased":["Tempest","Bandage Up","Loop"],"campfire_rested":2,"item_purchase_floors":[11,11,11],"current_hp_per_floor":[67,67,60,58,42,62,19,39,39,39,39,50,50,50,50,0,0],"gold":78,"neow_bonus":"THREE_RARE_CARDS","is_daily":false,"chose_seed":false,"campfire_upgraded":1,"win_rate":0.0,"timestamp":1613192447,"path_taken":["M","?","M","M","M","R","E","R","T","M","$","?","?","?","R","BOSS"],"items_purchased_type":["Card","Card","Card"],"build_version":"2020-12-22","purchased_purges":0,"victory":false,"max_hp_per_floor":[68,68,68,68,68,68,68,68,68,68,68,68,68,68,68,68,68],"card_choices":[{"not_picked":["Hyperbeam","Biased Cognition"],"picked":"Seek","floor":0},{"not_picked":["Double Energy","Leap"],"picked":"White Noise","floor":1},{"not_picked":["Barrage","Blizzard"],"picked":"Self Repair","floor":3},{"not_picked":["Chaos","Sweeping Beam"],"picked":"Redo","floor":4},{"not_picked":["Streamline","Steam"],"picked":"Go for the Eyes","floor":5},{"not_picked":["Turbo","Compile Driver"],"picked":"Rainbow","floor":7},{"not_picked":["Redo","Gash"],"picked":"Conserve Battery","floor":10},{"not_picked":["Barrage","Reprogram"],"picked":"Hologram","floor":12}],"player_experience":68328,"relics_obtained":[{"floor":7,"key":"Bronze Scales"}],"event_choices":[],"is_beta":false,"boss_relics":[],"items_purged_floors":[],"is_endless":false,"potions_floor_spawned":[1,3,7,10],"killed_by":"Hallownest:BossHornet","ascension_level":1}}