{"host":"1nniobf0g4s2td4e","time":1613245241,"event":{"mods":["2.2 Compatiblity","BaseMod","Minty Spire (QoL Compilation)","StSLib","SuperFastMode"],"gold_per_floor":[12,32,132,79,94,126,126,139,139,159,192,192,192,205,205,335,635,660,675,675,260,175,175,214,214,214,235,259,273,273,273,273,404,404,425,448,448,471,486,486,486],"floor_reached":40,"language":"ENG","playtime":1283,"items_purged":["Strike_R"],"score":445,"play_id":"7c192d89-ebd2-408b-93e7-7cdf6fe85d41","local_time":"20210213134041","is_ascension_mode":false,"campfire_choices":[{"data":"Iron Wave","floor":7,"key":"SMITH"},{"data":"Uppercut","floor":12,"key":"SMITH"},{"data":"Iron Wave","floor":15,"key":"SMITH"},{"data":"Seeing Red","floor":23,"key":"SMITH"},{"data":"Mayhem","floor":25,"key":"SMITH"},{"floor":30,"key":"RECALL"},{"data":"Disarm","floor":32,"key":"SMITH"}],"circlet_count":0,"master_deck":["Strike_R","Strike_R","Strike_R","Strike_R","Defend_R","Defend_R","Defend_R","Bash","Twin Strike","Clash","Iron Wave+1","Headbutt","Uppercut+1","Iron Wave+1","Iron Wave","Seeing Red+1","Cleave","Mayhem+1","Disarm+1","Dropkick+1","Berserk","Cleave+1","Pommel Strike+1","Thunderclap+1"],"relics":["Burning Blood","Ice Cream","Mummified Hand","Singing Bowl","Golden Idol","Calling Bell","Tiny Chest","Mercury Hourglass","Old Coin","Nloth\u0027s Gift","Vajra","Lantern","Thread and Needle","Molten Egg 2","StoneCalendar","SlaversCollar"],"acts_visited":["Exordium","TheCity","TheBeyond"],"potions_floor_usage":[18],"damage_taken":[{"damage":5,"enemies":"Small Slimes","floor":1,"turns":3},{"damage":6,"enemies":"Cultist","floor":2,"turns":3},{"damage":8,"enemies":"Jaw Worm","floor":5,"turns":3},{"damage":6,"enemies":"Lagavulin","floor":6,"turns":7},{"damage":0,"enemies":"Exordium Thugs","floor":8,"turns":3},{"damage":9,"enemies":"Blue Slaver","floor":10,"turns":2},{"damage":21,"enemies":"Gremlin Nob","floor":11,"turns":4},{"damage":0,"enemies":"Looter","floor":14,"turns":2},{"damage":13,"enemies":"Slime Boss","floor":16,"turns":10},{"damage":17,"enemies":"2 Thieves","floor":18,"turns":5},{"damage":17,"enemies":"3 Byrds","floor":19,"turns":4},{"damage":34,"enemies":"Slavers","floor":24,"turns":4},{"damage":0,"enemies":"Snecko","floor":27,"turns":4},{"damage":3,"enemies":"Centurion and Healer","floor":28,"turns":3},{"damage":7,"enemies":"Snake Plant","floor":29,"turns":3},{"damage":34,"enemies":"Collector","floor":33,"turns":9},{"damage":0,"enemies":"Orb Walker","floor":35,"turns":3},{"damage":11,"enemies":"3 Shapes","floor":36,"turns":7},{"damage":14,"enemies":"Transient","floor":38,"turns":5},{"damage":33,"enemies":"Maw","floor":39,"turns":6},{"damage":0,"enemies":"Nemesis","floor":40,"turns":2}],"seed_played":"1975232145698564305","potions_obtained":[{"floor":2,"key":"Block Potion"},{"floor":5,"key":"SkillPotion"},{"floor":10,"key":"Energy Potion"},{"floor":27,"key":"SneckoOil"},{"floor":29,"key":"Block Potion"},{"floor":33,"key":"EntropicBrew"}],"is_trial":false,"path_per_floor":["M","M","?","$","M","E","R","M","T","M","E","R","?","M","R","B",null,"M","M","?","$","?","R","E","R","T","M","M","M","R","T","R","B",null,"M","M","?","M","M","E"],"character_chosen":"IRONCLAD","items_purchased":["Iron Wave","Mayhem","Vajra"],"campfire_rested":0,"item_purchase_floors":[4,21,21],"current_hp_per_floor":[80,80,80,80,78,78,78,80,80,77,62,62,42,50,50,45,84,73,62,62,62,62,62,34,34,34,42,47,46,46,46,46,18,88,88,83,83,75,50,50,50],"gold":486,"neow_bonus":"ONE_RARE_RELIC","is_daily":false,"chose_seed":false,"campfire_upgraded":6,"win_rate":0.0,"timestamp":1613245241,"path_taken":["M","M","?","?","M","E","R","M","T","M","E","R","?","M","R","BOSS","M","M","?","?","?","R","E","R","T","M","M","M","R","?","R","BOSS","M","M","?","M","M","E"],"items_purchased_type":["Card","Card","Relic"],"build_version":"2020-12-22","purchased_purges":1,"victory":false,"max_hp_per_floor":[80,80,80,80,80,80,80,80,80,80,80,80,80,82,82,84,84,84,84,84,84,84,84,84,84,84,86,88,88,88,88,88,88,88,88,88,88,88,90,90,90],"card_choices":[{"not_picked":["Anger","Armaments"],"picked":"Twin Strike","floor":1},{"not_picked":["Anger","Hemokinesis"],"picked":"Clash","floor":2},{"not_picked":["Anger","Sword Boomerang","Clothesline"],"picked":"SKIP","floor":5},{"not_picked":["Clothesline","Feel No Pain"],"picked":"Headbutt","floor":6},{"not_picked":["Pommel Strike","Warcry"],"picked":"Uppercut","floor":8},{"not_picked":["Pommel Strike","True Grit","Uppercut"],"picked":"Iron Wave","floor":10},{"not_picked":["Clothesline","Cleave","Fiend Fire"],"picked":"Iron Wave","floor":11},{"not_picked":["Cleave","Clothesline","Sentinel","Headbutt"],"picked":"Singing Bowl","floor":14},{"not_picked":["Fiend Fire","Juggernaut","Immolate","Double Tap"],"picked":"Singing Bowl","floor":16},{"not_picked":["Power Through+1","Combust","Carnage+1"],"picked":"Seeing Red","floor":18},{"not_picked":["Armaments+1","Body Slam+1","Searing Blow"],"picked":"Cleave","floor":19},{"not_picked":["Impervious","Sword Boomerang"],"picked":"Disarm","floor":24},{"not_picked":["Power Through","Ghostly Armor","Whirlwind+1"],"picked":"Singing Bowl","floor":27},{"not_picked":["Armaments","Reckless Charge+1","Flex"],"picked":"Singing Bowl","floor":28},{"not_picked":["Armaments","True Grit"],"picked":"Dropkick+1","floor":29},{"not_picked":["Demon Form","Immolate+1"],"picked":"Berserk","floor":33},{"not_picked":["Spot Weakness","Twin Strike+1"],"picked":"Cleave+1","floor":35},{"not_picked":["Sword Boomerang+1","Wild Strike+1"],"picked":"Pommel Strike+1","floor":36},{"not_picked":["Feel No Pain+1","Headbutt+1"],"picked":"Thunderclap+1","floor":38},{"not_picked":["Havoc+1","Perfected Strike+1","Barricade"],"picked":"Singing Bowl","floor":39}],"player_experience":770858,"relics_obtained":[{"floor":6,"key":"Mummified Hand"},{"floor":9,"key":"Question Card"},{"floor":11,"key":"Singing Bowl"},{"floor":17,"key":"Tiny Chest"},{"floor":17,"key":"Mercury Hourglass"},{"floor":17,"key":"Old Coin"},{"floor":24,"key":"Thread and Needle"},{"floor":26,"key":"Molten Egg 2"},{"floor":31,"key":"StoneCalendar"}],"event_choices":[{"damage_healed":0,"gold_gain":100,"player_choice":"Pray","damage_taken":0,"max_hp_gain":0,"max_hp_loss":0,"event_name":"Golden Shrine","floor":3,"gold_loss":0},{"damage_healed":0,"gold_gain":0,"player_choice":"Take Damage","damage_taken":20,"relics_obtained":["Golden Idol"],"max_hp_gain":0,"max_hp_loss":0,"event_name":"Golden Idol","floor":13,"gold_loss":0},{"damage_healed":0,"gold_gain":0,"player_choice":"Traded Relic","damage_taken":0,"relics_obtained":["Nloth\u0027s Gift"],"max_hp_gain":0,"max_hp_loss":0,"event_name":"N\u0027loth","floor":20,"relics_lost":["Question Card"],"gold_loss":0},{"damage_healed":0,"gold_gain":0,"player_choice":"Obtained Relic","damage_taken":0,"relics_obtained":["Lantern"],"max_hp_gain":0,"max_hp_loss":0,"event_name":"Addict","floor":22,"gold_loss":85},{"cards_removed":["Defend_R"],"damage_healed":0,"gold_gain":0,"player_choice":"Removed Skill","damage_taken":0,"max_hp_gain":0,"max_hp_loss":0,"event_name":"Falling","floor":37,"gold_loss":0}],"is_beta":false,"boss_relics":[{"not_picked":["Pandora\u0027s Box","Astrolabe"],"picked":"Calling Bell"},{"not_picked":["Philosopher\u0027s Stone","Cursed Key"],"picked":"SlaversCollar"}],"items_purged_floors":[21],"is_endless":false,"potions_floor_spawned":[2,5,10,27,29,33,35,39],"killed_by":"Nemesis","ascension_level":0}}