{"host":"erh089znuovh6twj","time":1613257852,"event":{"mods":["AchievementEnabler","Act Like it!","Aspiration","BaseMod","Better Note","Better Skull","Better Third Choice","BetterRewards","Defuse TimeMaze Blight","Energized Spire","Hermit","Highlight Path","Hubris","Infinite Spire","Minty Spire (QoL Compilation)","Permanent Neow","Quick Restart","Replay The Spire","StSLib","The Jungle","everything is the same but u backflip on backflip"],"gold_per_floor":[128,128,158,158,193,220,290,315,315,315,315,315,325,402,402,502,452,471,483,553,603,615,615,643,623,623,623,639,639,639,718,718,976,976,1057,1146,1056,411,448,506,561,561,561,629,694,694,402,402,402,600,600,650,650,875,958,1008,1123,1220,1316,1392,1508,1662,1662,1788,1895,1895,2158,2158,2302,2480,2634,2824,2874,3072,3072,2668,2668,2405,2405,2405,2405,2575,2575,2818,2868,3057,3057,3057,3267,2376,2530,2691,2715,2788,3023,3023,3226,3226,3462,3462,3446,3446],"floor_reached":101,"language":"ENG","playtime":4821,"items_purged":["hermit:Defend_Hermit","Voices"],"score":2139,"play_id":"bbaae15b-2401-41b7-a3fb-3dd9ebec594d","local_time":"20210213181052","is_ascension_mode":false,"campfire_choices":[{"floor":10.0,"key":"REST"},{"data":"hermit:EternalForm","floor":12.0,"key":"SMITH"},{"floor":15.0,"key":"REST"},{"floor":23.0,"key":"REST"},{"floor":27.0,"key":"REST"},{"data":"infinitespire:NeuralNetwork","floor":30.0,"key":"SMITH"},{"floor":32.0,"key":"REST"},{"floor":42.0,"key":"REST"},{"floor":49,"key":"REST"},{"data":"infinitespire:UltimateForm","floor":66,"key":"SMITH"},{"data":"hubris:Fate","floor":79,"key":"SMITH"},{"data":"Hidden Blade","floor":81,"key":"SMITH"},{"data":"hermit:EyeOfTheStorm","floor":83,"key":"SMITH"},{"data":"infinitespire:Punishment","floor":96,"key":"SMITH"},{"floor":98,"key":"REST"},{"floor":100,"key":"REST"}],"circlet_count":0,"master_deck":["hermit:Strike_Hermit","hermit:Strike_Hermit","hermit:Strike_Hermit","hermit:Snapshot","hermit:DeadOrAlive","hermit:ItchyTrigger","hermit:HighCaliber","hermit:EternalForm+1","hermit:Headshot","hermit:Shortfuse","hermit:Manifest","hermit:OverwhelmingPower","hermit:Strike_Hermit","hermit:Feint","hermit:EyeOfTheStorm+1","infinitespire:UltimateForm+1","infinitespire:NeuralNetwork+1","hermit:Dissolve","hubris:Ssssneak","hermit:FatalDesire+1","hermit:Enervate","hermit:Headshot","hermit:EternalForm+1","hermit:SprayPray+1","hermit:Combo+1","hermit:Horror","hermit:FromBeyond+1","hermit:Horror+1","hermit:OverwhelmingPower+1","hermit:Roulette","Doubt","hermit:DeadOrAlive+1","Hidden Blade+1","Blasphemy+1","hermit:Roulette","hermit:Brawl+1","hermit:Vantage","infinitespire:Punishment+1","Brutality+1","Indignation+1","infinitespire:TheBestDefense","hubris:Fate+1","Blasphemy+1","ReplayTheSpireMod:Brewmster+1","hermit:Snipe+1","Master of Strategy+1","ReplayTheSpireMod:Restless Dread","Hallucinations","Replay:Undeath\u0027s Touch+1","Transmutation+1","Discovery+1","Apotheosis+1","hermit:Vantage+1","Mayhem+1","hermit:Dissolve+1","hermit:DeadMansHand+1","Inflame+1","Rupture+1"],"relics":["hermit:Momento","aspiration:ChemicalBlood","Bird Faced Urn","hubris:MobiusCoin","energizedSpire:HugeHouse","ReplayTheSpireMod:Shallot","Onion Ring","Golden Egg","hubris:DeckOfHolding","infinitespire:EvilPickle","SacredBark","Frozen Egg 2","Replay:Ringing Soul","ReplayTheSpireMod:TigerMarble","infinitespire:Bottled Soul","Chemical X","hubris:GlazedTorus","ReplayTheSpireMod:Ring of Exchange","Ring of Panic","Runic Dome","PrismaticShard","hubris:PeanutButter","aspiration:StickyExplosives_weak","energizedSpire:NeverEndingSparkler","Darkstone Periapt","Toxic Egg 2","Strange Spoon","Replay:WaspNest","Kintsugi","InkBottle","hubris:Reverence","aspiration:Nostalgia","Iron Core","hubris:SlimyHat","Sundial"],"acts_visited":["Exordium","TheCity","TheBeyond","Exordium","TheCity","TheBeyond"],"potions_floor_usage":[50,50,50,50,57,59,62,64,67,69,74,74,74,84,86,89,91,91,92,99,99,99,101,101],"damage_taken":[{"damage":11.0,"enemies":"Jaw Worm","floor":1.0,"turns":3.0},{"damage":0.0,"enemies":"Cultist","floor":3.0,"turns":2.0},{"damage":0.0,"enemies":"Small Slimes","floor":5.0,"turns":2.0},{"damage":5.0,"enemies":"Looter","floor":6.0,"turns":3.0},{"damage":31.0,"enemies":"3 Sentries","floor":7.0,"turns":7.0},{"damage":0.0,"enemies":"Blue Slaver","floor":8.0,"turns":1.0},{"damage":13.0,"enemies":"Lots of Slimes","floor":13.0,"turns":3.0},{"damage":0.0,"enemies":"2 Fungi Beasts","floor":14.0,"turns":2.0},{"damage":20.0,"enemies":"Hexaghost","floor":16.0,"turns":8.0},{"damage":5.0,"enemies":"Spheric Guardian","floor":18.0,"turns":3.0},{"damage":4.0,"enemies":"Chosen","floor":19.0,"turns":3.0},{"damage":44.0,"enemies":"Centurion and Healer","floor":20.0,"turns":8.0},{"damage":24.0,"enemies":"Shelled Parasite and Fungi","floor":22.0,"turns":5.0},{"damage":31.0,"enemies":"Book of Stabbing","floor":24.0,"turns":5.0},{"damage":0.0,"enemies":"3 Cultists","floor":28.0,"turns":1.0},{"damage":26.0,"enemies":"Nightmare","floor":31.0,"turns":7.0},{"damage":50.0,"enemies":"Pondfish","floor":33.0,"turns":9.0},{"damage":50.0,"enemies":"3 Darklings","floor":35.0,"turns":5.0},{"damage":17.0,"enemies":"3 Shapes","floor":36.0,"turns":5.0},{"damage":5.0,"enemies":"Spire Growth","floor":39.0,"turns":3.0},{"damage":33.0,"enemies":"Nemesis","floor":40.0,"turns":7.0},{"damage":12.0,"enemies":"Maw","floor":41.0,"turns":5.0},{"damage":0.0,"enemies":"3 Darklings","floor":44.0,"turns":2.0},{"damage":20,"enemies":"hubris:GrandSnecko","floor":50,"turns":4},{"damage":0,"enemies":"2 Louse","floor":52,"turns":1},{"damage":0,"enemies":"Cultist","floor":55,"turns":1},{"damage":6,"enemies":"Replay:BlueRogue","floor":57,"turns":2},{"damage":0,"enemies":"infinitespire:Voidling","floor":58,"turns":1},{"damage":5,"enemies":"Lots of Slimes","floor":59,"turns":2},{"damage":0,"enemies":"Blue Slaver","floor":61,"turns":1},{"damage":3,"enemies":"Exordium Wildlife","floor":62,"turns":2},{"damage":0,"enemies":"Exordium Thugs","floor":64,"turns":1},{"damage":0,"enemies":"2 Fungi Beasts","floor":65,"turns":4},{"damage":0,"enemies":"Hexaghost","floor":67,"turns":2},{"damage":0,"enemies":"3 Byrds","floor":69,"turns":3},{"damage":0,"enemies":"Spheric Guardian","floor":70,"turns":1},{"damage":0,"enemies":"Snecko","floor":71,"turns":3},{"damage":34,"enemies":"Centurion and Healer","floor":72,"turns":2},{"damage":12,"enemies":"Book of Stabbing","floor":74,"turns":2},{"damage":0,"enemies":"Cultist and Chosen","floor":82,"turns":2},{"damage":55,"enemies":"Champ","floor":84,"turns":4},{"damage":0,"enemies":"3 Darklings","floor":86,"turns":1},{"damage":0,"enemies":"3 Shapes","floor":89,"turns":2},{"damage":3,"enemies":"Transient","floor":91,"turns":4},{"damage":2,"enemies":"Writhing Mass","floor":92,"turns":1},{"damage":0,"enemies":"Spire Growth","floor":95,"turns":2},{"damage":59,"enemies":"Jaw Worm Horde","floor":97,"turns":2},{"damage":47,"enemies":"4 Shapes","floor":99,"turns":3},{"damage":100017,"enemies":"Donu and Deca","floor":101,"turns":3}],"seed_played":"2794017594053201220","potions_obtained":[{"floor":1.0,"key":"Dexterity Potion"},{"floor":8.0,"key":"Block Potion"},{"floor":14.0,"key":"Explosive Potion"},{"floor":24.0,"key":"SteroidPotion"},{"floor":25.0,"key":"infinitespire:BlackPotion"},{"floor":28.0,"key":"Energy Potion"},{"floor":31.0,"key":"FairyPotion"},{"floor":35.0,"key":"FearPotion"},{"floor":36.0,"key":"DistilledChaos"},{"floor":45.0,"key":"Block Potion"},{"floor":45.0,"key":"AttackPotion"},{"floor":55,"key":"Milkshake"},{"floor":58,"key":"Fire Potion"},{"floor":62,"key":"infinitespire:BlackPotion"},{"floor":64,"key":"SteroidPotion"},{"floor":67,"key":"LifebloodPotion"},{"floor":72,"key":"Dexterity Potion"},{"floor":84,"key":"AttackPotion"},{"floor":91,"key":"SneckoOil"},{"floor":92,"key":"LiquidMemories"},{"floor":97,"key":"Venom Potion"}],"is_trial":false,"path_per_floor":["M","?","M","T","M","M","E","M","T","R","?","R","M","M","R","B",null,"M","M","M","AVR","M","R","E","?","T","R","M","?","R","NM","R","B",null,"M","M","?","$","M","E","M","R","T","M","?","AVR","$","?","R","B",null,"M","?","?","M","?","E","M","M","T","M","M","?","M","M","R","B",null,"M","M","M","M","AVR","E","?","$","T","$","R","?","R","M","R","B",null,"M","?","?","M","$","M","M","T","T","M","R","M","R","M","R","B"],"character_chosen":"HERMIT","items_purchased":["Frozen Egg 2","hermit:EternalForm+1","Replay:Ringing Soul","hubris:GlazedTorus","Toxic Egg 2","Strange Spoon","ReplayTheSpireMod:Brewmster+1","LifebloodPotion","InkBottle","hubris:Reverence","aspiration:Nostalgia","Mayhem+1"],"campfire_rested":9,"item_purchase_floors":[38,38,38,47,76,76,78,78,90,90,90,90],"current_hp_per_floor":[64,64,64,64,64,59,28,28,28,50,50,50,39,41,63,45,70,65,65,25,25,9,30,7,7,7,28,30,30,30,12,33,29,70,26,15,15,15,25,7,10,33,33,44,15,15,15,18,44,41,91,94,97,100,100,93,96,101,101,101,104,110,113,116,121,121,124,124,127,127,127,101,104,103,106,106,106,109,109,109,109,126,126,88,160,163,163,156,169,172,169,173,173,173,178,178,124,178,145,184,0,0],"gold":3446,"neow_bonus":"ONE_RANDOM_RARE_CARD","is_daily":false,"chose_seed":false,"campfire_upgraded":7,"win_rate":0.0,"timestamp":1613257852,"path_taken":["M","?","M","?","M","M","E","?","T","R","?","R","M","?","R","BOSS","M","?","M","AVR","M","R","E","?","T","R","M","?","R","NM","R","BOSS","M","M","?","$","M","E","?","R","T","M","?","AVR","?","?","R","BOSS","M","?","?","M","?","E","?","M","T","M","M","?","M","M","R","BOSS","M","M","M","M","AVR","E","?","?","T","$","R","?","R","M","R","BOSS","M","?","?","M","$","M","?","?","T","M","R","M","R","M","R","BOSS"],"items_purchased_type":["Relic","Card","Relic","Relic","Relic","Relic","Card","Potion","Relic","Relic","Relic","Card"],"build_version":"2020-12-22","purchased_purges":2,"victory":false,"max_hp_per_floor":[75,75,75,75,75,75,75,75,75,75,75,75,75,75,75,75,70,70,70,70,70,70,70,70,70,70,70,70,70,70,70,70,70,70,70,70,70,70,73,76,79,79,79,82,85,85,85,88,88,91,91,94,97,100,100,100,103,106,106,106,109,112,115,118,121,121,124,124,127,127,127,127,130,133,136,136,136,139,139,139,139,142,142,145,160,163,163,166,169,172,172,175,175,175,178,178,181,181,184,184,184,184],"card_choices":[{"not_picked":["hermit:Manifest","hermit:Roulette"],"picked":"hermit:ItchyTrigger","floor":1.0},{"not_picked":["hermit:Dive","hermit:HoleUp"],"picked":"hermit:HighCaliber","floor":3.0},{"not_picked":["hermit:Misfire","hermit:Feint","hermit:Virtue"],"picked":"SKIP","floor":5.0},{"not_picked":["hermit:LoneWolf","hermit:SprayPray"],"picked":"hermit:Quickdraw","floor":6.0},{"not_picked":["hermit:Dive","hermit:Glare"],"picked":"hermit:EternalForm","floor":7.0},{"not_picked":["hermit:Misfire","hermit:Glare"],"picked":"hermit:Headshot","floor":8.0},{"not_picked":["hermit:HighCaliber","hermit:DeadMansHand"],"picked":"hermit:Shortfuse","floor":13.0},{"not_picked":["hermit:Desperado","hermit:TrackingShot"],"picked":"hermit:Manifest","floor":14.0},{"not_picked":["hermit:Purgatory","hermit:HeroicBravado"],"picked":"hermit:OverwhelmingPower","floor":16.0},{"not_picked":["hermit:Quickdraw","hermit:Showdown","hermit:Coalescence"],"picked":"SKIP","floor":18.0},{"not_picked":["hermit:Dive","hermit:Scavenge+1","hermit:Quickdraw+1"],"picked":"SKIP","floor":19.0},{"not_picked":["hermit:TrackingShot","hermit:TakeAim"],"picked":"hermit:EyeOfTheStorm","floor":20.0},{"not_picked":["hermit:ItchyTrigger","hermit:Ricochet","hermit:Feint"],"picked":"SKIP","floor":22.0},{"not_picked":["hermit:Vantage","hermit:TrackingShot+1"],"picked":"hermit:Dissolve","floor":24.0},{"not_picked":["hermit:Feint","hermit:Horror","hermit:BodyArmor+1"],"picked":"SKIP","floor":28.0},{"not_picked":["hermit:LowProfile","hermit:Vantage","hermit:Snipe"],"picked":"SKIP","floor":31.0},{"not_picked":["hermit:HighNoon","hermit:BlackWind"],"picked":"hermit:FatalDesire","floor":33.0},{"not_picked":["hermit:Midnight+1","hermit:HighCaliber+1"],"picked":"hermit:Enervate","floor":35.0},{"not_picked":["hermit:ShadowCloak+1","hermit:ItchyTrigger+1"],"picked":"hermit:Headshot","floor":36.0},{"not_picked":["hermit:Feint+1","hermit:Spite"],"picked":"hermit:SprayPray+1","floor":39.0},{"not_picked":["hermit:WideOpen+1","hermit:Gambit"],"picked":"hermit:Combo+1","floor":40.0},{"not_picked":["hermit:HoleUp","hermit:Misfire"],"picked":"hermit:Horror","floor":41.0},{"not_picked":["hermit:FullyLoaded","hermit:Quickdraw"],"picked":"hermit:FromBeyond","floor":44.0},{"not_picked":["hermit:WideOpen","hermit:Manifest"],"picked":"hermit:Horror+1","floor":45.0},{"not_picked":["hermit:DeadOrAlive","hermit:Magnum"],"picked":"hermit:OverwhelmingPower+1","floor":50},{"not_picked":["hermit:TrackingShot","hermit:Gestalt"],"picked":"hermit:Roulette","floor":52},{"not_picked":["Conserve Battery","Burning Pact","Dagger Spray"],"picked":"SKIP","floor":55},{"not_picked":["Iron Wave","Masterful Stab"],"picked":"hermit:DeadOrAlive","floor":57},{"not_picked":["Adaptation+1","JustLucky"],"picked":"Hidden Blade","floor":58},{"not_picked":["Barrage","Deadly Poison","Glacier"],"picked":"SKIP","floor":59},{"not_picked":["JustLucky","FollowUp"],"picked":"Blasphemy","floor":61},{"not_picked":["Hello World+1","Good Instincts"],"picked":"hermit:Roulette","floor":62},{"not_picked":["Replay:Anticipation","hubris:Prefetch"],"picked":"Spot Weakness","floor":64},{"not_picked":["Scrape","Replay:BasicMightCard+1"],"picked":"hermit:Vantage","floor":65},{"not_picked":["hubris:InfiniteBlow","infinitespire:UltimateForm"],"picked":"infinitespire:Punishment","floor":67},{"not_picked":["ReplayTheSpireMod:Necrosis","Ragnarok"],"picked":"Brutality+1","floor":67},{"not_picked":["Iron Wave","hermit:CursedWeapon"],"picked":"Indignation+1","floor":69},{"not_picked":["Slice","Dodge and Roll","Gash"],"picked":"SKIP","floor":70},{"not_picked":["ReplayTheSpireMod:System Scan","Impatience","Reckless Charge"],"picked":"SKIP","floor":71},{"not_picked":["Cleave","Capacitor+1","Run Through+1"],"picked":"SKIP","floor":72},{"not_picked":["Run Through","InnerPeace"],"picked":"hermit:Misfire","floor":74},{"not_picked":["Coolheaded+1","hermit:GhostlyPresence+1"],"picked":"hermit:Snipe+1","floor":82},{"not_picked":["Glass Knife","Multi-Cast+1"],"picked":"Master of Strategy+1","floor":84},{"not_picked":["hermit:BodyArmor+1","ReplayTheSpireMod:LeadingStrike"],"picked":"Replay:Undeath\u0027s Touch+1","floor":86},{"not_picked":["Enlightenment+1","Panacea+1"],"picked":"Transmutation+1","floor":88},{"not_picked":["ReplayTheSpireMod:Private Reserves+1","Deep Breath+1"],"picked":"Discovery+1","floor":88},{"not_picked":["Bandage Up+1","Master of Strategy+1"],"picked":"Apotheosis+1","floor":88},{"not_picked":["Sword Boomerang","Conserve Battery+1"],"picked":"hermit:Vantage+1","floor":89},{"not_picked":["Tempest+1","Gash+1","Body Slam"],"picked":"SKIP","floor":91},{"not_picked":["Conserve Battery+1","Evaluate+1"],"picked":"hermit:Dissolve+1","floor":92},{"not_picked":["Perfected Strike","JustLucky"],"picked":"hermit:DeadMansHand+1","floor":95},{"not_picked":["SashWhip+1","Blind+1"],"picked":"Inflame+1","floor":97},{"not_picked":["Wild Strike","ReplayTheSpireMod:System Scan+1"],"picked":"Rupture+1","floor":99}],"player_experience":338505,"relics_obtained":[{"floor":4.0,"key":"aspiration:ChemicalBlood"},{"floor":7.0,"key":"Bird Faced Urn"},{"floor":9.0,"key":"hubris:MobiusCoin"},{"floor":24.0,"key":"Onion Ring"},{"floor":26.0,"key":"Golden Egg"},{"floor":31.0,"key":"hubris:DeckOfHolding"},{"floor":40.0,"key":"ReplayTheSpireMod:TigerMarble"},{"floor":43.0,"key":"infinitespire:Bottled Soul"},{"floor":48,"key":"ReplayTheSpireMod:Ring of Exchange"},{"floor":48,"key":"Ring of Panic"},{"floor":57,"key":"hubris:PeanutButter"},{"floor":60,"key":"aspiration:StickyExplosives_weak"},{"floor":74,"key":"Darkstone Periapt"},{"floor":77,"key":"Replay:WaspNest"},{"floor":93,"key":"hubris:SlimyHat"},{"floor":94,"key":"Sundial"}],"event_choices":[{"damage_healed":0.0,"max_hp_gain":0.0,"max_hp_loss":0.0,"gold_gain":0.0,"event_name":"The Cleric","player_choice":"Leave","floor":2.0,"gold_loss":0.0,"damage_taken":0.0},{"cards_removed":["hermit:Defend_Hermit"],"damage_healed":0.0,"max_hp_gain":0.0,"max_hp_loss":0.0,"gold_gain":0.0,"event_name":"Bonfire Elementals","player_choice":"Offered Basic","floor":11.0,"gold_loss":0.0,"damage_taken":0.0},{"damage_healed":0.0,"max_hp_gain":0.0,"max_hp_loss":0.0,"gold_gain":0.0,"event_name":"The Woman in Blue","player_choice":"Bought 1 Potion","floor":25.0,"gold_loss":0.0,"damage_taken":0.0},{"damage_healed":0.0,"max_hp_gain":0.0,"max_hp_loss":0.0,"gold_gain":0.0,"event_name":"Match and Keep!","player_choice":"1 cards matched","floor":29.0,"gold_loss":0.0,"damage_taken":0.0,"cards_obtained":["hubris:Ssssneak"]},{"cards_removed":["hermit:Defend_Hermit"],"damage_healed":0.0,"max_hp_gain":0.0,"max_hp_loss":0.0,"gold_gain":0.0,"event_name":"Designer","player_choice":"Upgrade and Remove","floor":37.0,"gold_loss":90.0,"damage_taken":0.0,"cards_upgraded":["hermit:Defend_Hermit"]},{"damage_healed":0,"gold_gain":175,"player_choice":"AGREE","damage_taken":650,"max_hp_gain":0,"max_hp_loss":0,"event_name":"betterThird:BetterSerpent","floor":54,"gold_loss":0},{"cards_removed":["hubris:Envy"],"damage_healed":0,"gold_gain":0,"player_choice":"Card Removal","damage_taken":7,"max_hp_gain":0,"max_hp_loss":0,"event_name":"Golden Wing","floor":56,"gold_loss":0},{"damage_healed":0,"gold_gain":0,"player_choice":"Copied","damage_taken":0,"max_hp_gain":0,"max_hp_loss":0,"event_name":"Duplicator","floor":75,"gold_loss":0,"cards_obtained":["Blasphemy"]},{"damage_healed":0,"gold_gain":0,"player_choice":"Ignored","damage_taken":0,"max_hp_gain":0,"max_hp_loss":0,"event_name":"Ghosts","floor":80,"gold_loss":0},{"damage_healed":0,"gold_gain":0,"player_choice":"Memory 3","damage_taken":10,"max_hp_gain":0,"max_hp_loss":0,"event_name":"SensoryStone","floor":88,"gold_loss":0}],"is_beta":false,"boss_relics":[{"not_picked":["aspiration:WatcherSkillbook","infinitespire:Cupcake"],"picked":"energizedSpire:HugeHouse"},{"not_picked":["hubris:VirtuousBlindfold","hubris:CrackedHourglass"],"picked":"SacredBark"},{"not_picked":["ChewingGum","hubris:HollowSoul"],"picked":"Runic Dome"},{"not_picked":["aspiration:RunicSpoon","hubris:GrandSneckoEye"],"picked":"energizedSpire:NeverEndingSparkler"},{"not_picked":["energizedSpire:EnergizedDie","Velvet Choker"],"picked":"Kintsugi"}],"items_purged_floors":[46,90],"is_endless":true,"potions_floor_spawned":[1,8,14,24,28,31,35,36,55,58,62,64,67,72,84,91,92,97],"killed_by":"Donu and Deca","ascension_level":0}}