{"host":"yg1n0qads92lo9wl","time":1613190445,"event":{"mods":["BaseMod","Downfall","Luminous","Minty Spire (QoL Compilation)","StSLib","Warlord Emblem"],"gold_per_floor":[349,360,375,375,46,46,46,46,146,160,188,188,188,267,284,379,379,379,379,379,379,32,66,78,90,113,125,137,134,46,71,93,204,216,228,258,35,52,52,84,84,95,136,136,173,173,193,193,205,205,205,205],"floor_reached":50,"language":"ZHS","playtime":4385,"items_purged":["hexamod:Strike","hexamod:Strike"],"score":726,"play_id":"732bb5e9-e137-4e97-8316-83c9e3ade8c0","local_time":"20210213122725","is_ascension_mode":true,"campfire_choices":[{"data":"hexamod:Float","floor":1.0,"key":"SMITH"},{"floor":8.0,"key":"REST"},{"floor":12.0,"key":"DIG"},{"floor":18.0,"key":"DIG"},{"data":"hexamod:HexaLevel","floor":25.0,"key":"SMITH"},{"data":"hexamod:FastForward","floor":30.0,"key":"SMITH"},{"data":"Sadistic Nature","floor":35.0,"key":"SMITH"},{"floor":44.0,"key":"REST"}],"circlet_count":0,"master_deck":["hexamod:Strike+1","hexamod:Strike+1","hexamod:Defend","hexamod:Defend","hexamod:Defend","hexamod:Float+1","hexamod:SpectralAdrenaline","Sadistic Nature+1","hexamod:GhostOfSpirePast","hexamod:FlamesFromBeyond","hexamod:ChargedBarrage","hexamod:HexaLevel+1","hexamod:FirstSeal","Sadistic Nature","hexamod:GhostOfSpirePast","hexamod:FourthSeal","hexamod:Hexaguard","hexamod:FastForward+1","hexamod:ChargedBarrage","hexamod:GhostOfSpirePast+1","hexamod:TurnItUp","hexamod:StepThrough+1","hexamod:ThirdSeal","hexamod:FastForward","hexamod:HauntingEcho","hexamod:CatchUp","expansioncontent:InvincibleStrength","hexamod:GhostflameInferno","hexamod:FifthSeal","hexamod:SecondSeal","hexamod:SpectralAdrenaline+1","hexamod:FastForward+1","hexamod:ApocalypseNow","hexamod:EmpoweredFlame+1","hexamod:RadiantFlame+1","hexamod:FastForward+1","hexamod:SixthSeal","hexamod:SwordOfDarkness+1"],"relics":["hexamod:UnbrokenSoul","Nunchaku","Mercury Hourglass","Shovel","hexamod:MatchstickCase","Meat on the Bone","Bag of Preparation","Slimebound:AbsorbEndCombat","Art of War","MawBank","hexamod:InflammatoryLetter","PreservedInsect","downfall:HeartBlessingGreen","SlaversCollar","Whetstone","Happy Flower","Lee\u0027s Waffle","Du-Vu Doll","Calipers","Unceasing Top","MealTicket"],"acts_visited":["Exordium","TheCity","TheBeyond"],"potions_floor_usage":[47,47,50,50],"damage_taken":[{"damage":0.0,"enemies":"Cultist","floor":2.0,"turns":4.0},{"damage":0.0,"enemies":"Small Slimes","floor":3.0,"turns":5.0},{"damage":0.0,"enemies":"downfall:FleeingMerchant","floor":5.0,"turns":4.0},{"damage":0.0,"enemies":"2 Louse","floor":10.0,"turns":2.0},{"damage":10.0,"enemies":"3 Sentries","floor":11.0,"turns":6.0},{"damage":0.0,"enemies":"Large Slime","floor":15.0,"turns":4.0},{"damage":16.0,"enemies":"SI_SHIV_ARCHETYPE","floor":16.0,"turns":5.0},{"damage":0.0,"enemies":"Chosen","floor":19.0,"turns":1.0},{"damage":5.0,"enemies":"downfall:FleeingMerchant","floor":22.0,"turns":4.0},{"damage":20.0,"enemies":"Gremlin Leader","floor":23.0,"turns":6.0},{"damage":18.0,"enemies":"Shell Parasite","floor":26.0,"turns":3.0},{"damage":8.0,"enemies":"downfall:FleeingMerchant","floor":29.0,"turns":4.0},{"damage":28.0,"enemies":"Snake Plant","floor":31.0,"turns":3.0},{"damage":11.0,"enemies":"Shelled Parasite and Fungi","floor":32.0,"turns":4.0},{"damage":42.0,"enemies":"IC_MUSHROOM_ARCHETYPE","floor":33.0,"turns":6.0},{"damage":0.0,"enemies":"3 Shapes","floor":36.0,"turns":3.0},{"damage":25.0,"enemies":"downfall:FleeingMerchant","floor":37.0,"turns":3.0},{"damage":19.0,"enemies":"3 Darklings","floor":38.0,"turns":4.0},{"damage":11.0,"enemies":"Giant Head","floor":40.0,"turns":6.0},{"damage":41.0,"enemies":"4 Shapes","floor":42.0,"turns":4.0},{"damage":25.0,"enemies":"Nemesis","floor":43.0,"turns":5.0},{"damage":24,"enemies":"Giant Head","floor":45,"turns":6},{"damage":23,"enemies":"Transient","floor":47,"turns":5},{"damage":40,"enemies":"Sphere and 2 Shapes","floor":49,"turns":5},{"damage":46,"enemies":"DF_ARCHETYPE_ORBS","floor":50,"turns":2}],"seed_played":"-50571883816214338","potions_obtained":[{"floor":16.0,"key":"Energy Potion"},{"floor":23.0,"key":"LiquidMemories"},{"floor":26.0,"key":"Ancient Potion"},{"floor":26.0,"key":"Block Potion"},{"floor":29.0,"key":"Fire Potion"},{"floor":32.0,"key":"PowerPotion"},{"floor":33.0,"key":"Ancient Potion"},{"floor":33.0,"key":"BlessingOfTheForge"},{"floor":37.0,"key":"AttackPotion"},{"floor":38.0,"key":"LiquidMemories"},{"floor":42.0,"key":"Fire Potion"},{"floor":43.0,"key":"AttackPotion"},{"floor":43.0,"key":"Strength Potion"},{"floor":47,"key":"Fire Potion"},{"floor":49,"key":"Weak Potion"}],"is_trial":false,"path_per_floor":["R","M","M","?","$","?","T","R","?","M","E","R","?","T","M","B",null,"R","M","?","?","$","E","T","R","M","?","?","$","R","M","M","B",null,"R","M","$","M","?","E","T","M","E","R","E","?","M","?","M","B"],"character_chosen":"THE_SPIRIT","items_purchased":["Sadistic Nature","hexamod:GhostOfSpirePast","hexamod:FourthSeal","Art of War","Whetstone","Happy Flower","hexamod:FastForward","Lee\u0027s Waffle","hexamod:HauntingEcho","ColorlessPotion"],"campfire_rested":2,"item_purchase_floors":[5,5,22,22,37,37,37,37,37,37],"current_hp_per_floor":[49,49,49,46,46,46,46,67,67,67,57,57,57,57,57,41,70,70,70,70,70,70,57,57,57,46,46,46,45,45,36,44,21,70,70,70,77,65,65,61,61,39,33,56,51,51,47,67,39,0,0,0],"gold":205,"neow_bonus":"TWO_FIFTY_GOLD","is_daily":false,"chose_seed":false,"campfire_upgraded":4,"win_rate":0.0,"timestamp":1613190445,"path_taken":["R","M","?","?","$","?","T","R","?","?","E","R","?","?","M","BOSS","R","M","?","?","$","E","T","R","?","?","?","$","R","M","M","BOSS","R","M","$","?","?","E","T","M","E","R","E","?","M","?","M","BOSS"],"items_purchased_type":["Card","Card","Card","Relic","Relic","Relic","Card","Relic","Card","Potion"],"build_version":"2020-12-22","purchased_purges":2,"victory":false,"max_hp_per_floor":[70,70,70,70,70,70,70,70,70,70,70,70,70,70,70,70,70,70,70,70,70,70,70,70,70,70,70,70,70,70,70,70,70,70,70,70,77,77,77,77,77,77,77,77,77,77,77,67,67,67,67,67],"card_choices":[{"not_picked":["hexamod:HeatMetal","hexamod:InspiringFlames"],"picked":"hexamod:SpectralAdrenaline","floor":2.0},{"not_picked":["hexamod:GhostLash","hexamod:RainOfEmbers","hexamod:GhostShield"],"picked":"SKIP","floor":3.0},{"not_picked":["hexamod:HeatMetal","hexamod:SpectralAdrenaline","hexamod:SwordOfDarkness"],"picked":"SKIP","floor":5.0},{"not_picked":["hexamod:HauntingEcho","hexamod:ThermalTransfer"],"picked":"hexamod:FlamesFromBeyond","floor":10.0},{"not_picked":["hexamod:HeatMetal","hexamod:InspiringFlames"],"picked":"hexamod:ChargedBarrage","floor":11.0},{"not_picked":["hexamod:UnleashSpirits","hexamod:FlamesFromBeyond","hexamod:GhostLash"],"picked":"SKIP","floor":15.0},{"not_picked":["hexamod:WildfireWeapon","hexamod:GhostflameInferno"],"picked":"hexamod:HexaLevel","floor":16.0},{"not_picked":["hexamod:HauntingEcho","hexamod:FastForward+1"],"picked":"hexamod:FirstSeal","floor":19.0},{"not_picked":["hexamod:PowerFromBeyond+1","hexamod:ThermalTransfer"],"picked":"hexamod:GhostOfSpirePast","floor":22.0},{"not_picked":["hexamod:PhantomFireball+1","hexamod:ShieldOfDarkness+1"],"picked":"hexamod:Hexaguard","floor":23.0},{"not_picked":["hexamod:NightmareStrike+1","hexamod:ThermalTransfer","hexamod:SuperheatedStrike"],"picked":"SKIP","floor":26.0},{"not_picked":["hexamod:SpectersWail","hexamod:GhostOfSpirePast"],"picked":"hexamod:FastForward","floor":29.0},{"not_picked":["hexamod:Haunt","hexamod:AdvancingGuard"],"picked":"hexamod:ChargedBarrage","floor":31.0},{"not_picked":["hexamod:Haunt","hexamod:SpectersWail"],"picked":"hexamod:GhostOfSpirePast+1","floor":32.0},{"not_picked":["hexamod:Toasty","hexamod:WildfireWeapon"],"picked":"hexamod:TurnItUp","floor":33.0},{"not_picked":["hexamod:ThermalTransfer+1","hexamod:FlamesFromBeyond"],"picked":"hexamod:StepThrough+1","floor":36.0},{"not_picked":["hexamod:Hexaguard","hexamod:BacktrackSmack+1"],"picked":"hexamod:ThirdSeal","floor":37.0},{"not_picked":["hexamod:NightmareGuise+1","hexamod:GhostShield+1"],"picked":"hexamod:CatchUp","floor":38.0},{"not_picked":["hexamod:FlamesFromBeyond","hexamod:SuperheatedStrike","hexamod:InspiringFlames"],"picked":"SKIP","floor":38.0},{"not_picked":["expansioncontent:Chronoboost","expansioncontent:GuardianWhirl"],"picked":"expansioncontent:InvincibleStrength","floor":39.0},{"not_picked":["hexamod:ChargedBarrage+1","hexamod:PhantomCloak"],"picked":"hexamod:GhostflameInferno","floor":40.0},{"not_picked":["hexamod:AdvancingGuard","hexamod:FastForward+1"],"picked":"hexamod:FifthSeal","floor":40.0},{"not_picked":["hexamod:ThirdSeal","hexamod:FirstSeal"],"picked":"hexamod:SecondSeal","floor":42.0},{"not_picked":["hexamod:HeatMetal+1","hexamod:SpectersWail"],"picked":"hexamod:SpectralAdrenaline+1","floor":42.0},{"not_picked":["hexamod:PhantomCloak+1","hexamod:HeatMetal+1","hexamod:NightmareStrike+1"],"picked":"SKIP","floor":42.0},{"not_picked":["hexamod:Firestarter","hexamod:SecondSeal"],"picked":"hexamod:FastForward+1","floor":43.0},{"not_picked":["hexamod:GhostLash","hexamod:Hexaguard+1"],"picked":"hexamod:ApocalypseNow","floor":43.0},{"not_picked":["hexamod:EtherealExpedition+1","hexamod:ExtraCrispy+1"],"picked":"hexamod:EmpoweredFlame+1","floor":45},{"not_picked":["hexamod:RetreatToShadows","hexamod:FirstSeal"],"picked":"hexamod:RadiantFlame+1","floor":45},{"not_picked":["hexamod:Firestarter","hexamod:PowerFromBeyond"],"picked":"hexamod:FastForward+1","floor":47},{"not_picked":["hexamod:FirstSeal","hexamod:ThirdSeal"],"picked":"hexamod:SixthSeal","floor":47},{"not_picked":["hexamod:FourthSeal","hexamod:SuperheatedStrike"],"picked":"hexamod:SwordOfDarkness+1","floor":47},{"not_picked":["hexamod:PowerFromBeyond+1","hexamod:FirstSeal","hexamod:BacktrackSmack"],"picked":"SKIP","floor":49},{"not_picked":["hexamod:SuperheatedStrike","hexamod:TurnItUp","hexamod:HeatMetal"],"picked":"SKIP","floor":49}],"player_experience":515431,"relics_obtained":[{"floor":7.0,"key":"Mercury Hourglass"},{"floor":11.0,"key":"Shovel"},{"floor":12.0,"key":"hexamod:MatchstickCase"},{"floor":14.0,"key":"Meat on the Bone"},{"floor":18.0,"key":"Bag of Preparation"},{"floor":23.0,"key":"MawBank"},{"floor":24.0,"key":"hexamod:InflammatoryLetter"},{"floor":40.0,"key":"Du-Vu Doll"},{"floor":41.0,"key":"Calipers"},{"floor":43.0,"key":"Unceasing Top"},{"floor":45,"key":"MealTicket"}],"event_choices":[{"damage_healed":0.0,"max_hp_gain":0.0,"max_hp_loss":0.0,"gold_gain":0.0,"event_name":"Scrap Ooze","player_choice":"Success","floor":4.0,"gold_loss":0.0,"damage_taken":3.0,"relics_obtained":["Nunchaku"]},{"cards_removed":["hexamod:Defend"],"damage_healed":0.0,"max_hp_gain":0.0,"max_hp_loss":0.0,"gold_gain":0.0,"event_name":"The Cleric","player_choice":"Card Removal","floor":13.0,"gold_loss":0.0,"damage_taken":0.0},{"cards_removed":["hexamod:Sear"],"damage_healed":0.0,"max_hp_gain":0.0,"max_hp_loss":0.0,"gold_gain":0.0,"event_name":"Bonfire Elementals","player_choice":"Offered Basic","floor":28.0,"gold_loss":0.0,"damage_taken":0.0}],"is_beta":false,"boss_relics":[{"not_picked":["Busted Crown","Snecko Eye"],"picked":"hexamod:UnbrokenSoul"},{"not_picked":["Coffee Dripper","Philosopher\u0027s Stone"],"picked":"SlaversCollar"}],"items_purged_floors":[5,22],"is_endless":false,"potions_floor_spawned":[16,26,33,38,40,43,45],"killed_by":"DF_ARCHETYPE_ORBS","ascension_level":3}}