{"host":"oigynbtg272c19pw","time":1613243524,"event":{"mods":["BaseMod","Colored Map","Minty Spire (QoL Compilation)","Relic Stats","Slay the Relics Exporter","StSLib"],"gold_per_floor":[10,10,60,10,26,26,42,42,42,60,89,99,99,99],"floor_reached":13,"playtime":387,"items_purged":[],"score":170,"play_id":"5f4122dd-6746-4efe-889f-76b168469273","local_time":"20210213201204","is_ascension_mode":true,"campfire_choices":[{"data":"Feed","floor":6,"key":"SMITH"},{"data":"Flex","floor":8,"key":"SMITH"}],"circlet_count":0,"master_deck":["AscendersBane","Strike_R","Strike_R","Strike_R","Strike_R","Defend_R","Defend_R","Defend_R","Defend_R","Bash","Feed+1","Cleave","Limit Break","Flex+1","Burning Pact","Uppercut","Heavy Blade","Flame Barrier"],"relics":["Burning Blood","White Beast Statue","InkBottle"],"acts_visited":["Exordium"],"potions_floor_usage":[11,11,13,13],"damage_taken":[{"damage":1.0,"enemies":"Small Slimes","floor":1.0,"turns":3.0},{"damage":7,"enemies":"Jaw Worm","floor":5,"turns":4},{"damage":3,"enemies":"Cultist","floor":7,"turns":5},{"damage":10,"enemies":"Red Slaver","floor":10,"turns":2},{"damage":51,"enemies":"Gremlin Nob","floor":11,"turns":6},{"damage":7,"enemies":"Exordium Wildlife","floor":12,"turns":3},{"damage":55,"enemies":"3 Sentries","floor":13,"turns":8}],"seed_played":"-4155942301650445224","potions_obtained":[{"floor":7,"key":"Weak Potion"},{"floor":10,"key":"ColorlessPotion"},{"floor":11,"key":"BlessingOfTheForge"},{"floor":12,"key":"Regen Potion"}],"is_trial":false,"path_per_floor":["M","?","?","$","M","R","M","R","T","M","E","M","E"],"character_chosen":"IRONCLAD","items_purchased":["Flex"],"campfire_rested":0,"item_purchase_floors":[4],"current_hp_per_floor":[76,76,69,69,71,71,74,74,74,74,33,36,0,0],"gold":99,"neow_bonus":"THREE_RARE_CARDS","is_daily":false,"chose_seed":false,"campfire_upgraded":2,"win_rate":0.0,"timestamp":1613243524,"path_taken":["M","?","?","$","M","R","M","R","T","M","E","?","E"],"items_purchased_type":["Card"],"build_version":"2020-12-13","purchased_purges":0,"victory":false,"max_hp_per_floor":[78,78,78,78,81,81,81,81,81,85,89,93,93,93],"relic_stats":{"counters":[7,31],"obtain_stats":[{"Burning Blood":0,"White Beast Statue":9,"InkBottle":11},{"Burning Blood":0,"White Beast Statue":3,"InkBottle":5},{"Burning Blood":0,"White Beast Statue":12,"InkBottle":20}],"Burning Blood":36,"InkBottle":[2]},"card_choices":[{"not_picked":["Limit Break","Berserk"],"picked":"Feed","floor":0.0},{"not_picked":["Body Slam","Shrug It Off"],"picked":"Cleave","floor":1.0},{"not_picked":["Seeing Red","Pummel"],"picked":"Burning Pact","floor":5},{"not_picked":["Rupture","Thunderclap"],"picked":"Uppercut","floor":7},{"not_picked":["Flex","Clash"],"picked":"Heavy Blade","floor":10},{"not_picked":["Heavy Blade","Fiend Fire"],"picked":"Flame Barrier","floor":11},{"not_picked":["Dropkick","Sword Boomerang","Twin Strike"],"picked":"SKIP","floor":12}],"player_experience":1600916,"relics_obtained":[{"floor":9,"key":"White Beast Statue"},{"floor":11,"key":"InkBottle"}],"event_choices":[{"damage_healed":0.0,"max_hp_gain":0.0,"max_hp_loss":0.0,"gold_gain":0.0,"cards_transformed":["Strike_R"],"event_name":"Living Wall","player_choice":"Change","floor":2.0,"gold_loss":0.0,"damage_taken":0.0,"cards_obtained":["Limit Break"]},{"damage_healed":0,"gold_gain":50,"player_choice":"Touch","damage_taken":7,"max_hp_gain":0,"max_hp_loss":0,"event_name":"FaceTrader","floor":3,"gold_loss":0}],"is_beta":false,"boss_relics":[],"items_purged_floors":[],"is_endless":false,"potions_floor_spawned":[7,10,11,12],"killed_by":"3 Sentries","ascension_level":20}}