{"host":"8jwif9mna8ud19ho","time":1613226672,"event":{"mods":["BaseMod","Better Vampires","Marisa£¨ìFÓê¡¡Ä§ÀíÉ³£©","Minty Spire (QoL Compilation)","Reimu£¨²©ÀöÁéÃÎ£©","RumiaBox-Â¶Ã×æ«µÄÉñÃØºÐ×Ó","StSLib","¡¾ÒÅÎï¿¨ÅÆ¡¿REMEMod"],"gold_per_floor":[117,42,42,117,117,151,51,51,51,92,111,132,153,167,167,265,265,284,308,331,331,351,390,390,390,390],"floor_reached":25,"language":"ZHS","playtime":682,"items_purged":["Defend_P","Strike_P"],"score":616,"play_id":"d03d8249-ad6e-4ad7-95ee-91ed12c332dd","local_time":"20210213223112","is_ascension_mode":true,"campfire_choices":[{"data":"Eruption","floor":8,"key":"SMITH"},{"data":"FlurryOfBlows","floor":15,"key":"SMITH"}],"circlet_count":0,"master_deck":["AscendersBane","Strike_P","Strike_P","Strike_P","Defend_P","Defend_P","Eruption+1","Vigilance","TreasureHunter","FlurryOfBlows+1","Adaptation","DeusExMachina","InnerPeace","Scrawl","MentalFortress","TalkToTheHand"],"relics":["PureWater","REME_ComplimentaryCards","NeowsBlessing","Golden Idol","Mastiff:ReiMu","Blood Vial","Shuriken","The Courier","ZombieArmy","Sozu","Orichalcum","Damaru"],"acts_visited":["Exordium","TheCity"],"potions_floor_usage":[],"damage_taken":[{"damage":0,"enemies":"2 Louse","floor":1,"turns":1},{"damage":0,"enemies":"3 Sentries","floor":6,"turns":2},{"damage":0,"enemies":"Lagavulin","floor":10,"turns":2},{"damage":7,"enemies":"Jaw Worm","floor":11,"turns":2},{"damage":2,"enemies":"Small Slimes","floor":12,"turns":2},{"damage":9,"enemies":"Looter","floor":13,"turns":3},{"damage":21,"enemies":"Exordium Wildlife","floor":14,"turns":4},{"damage":13,"enemies":"Hexaghost","floor":16,"turns":6},{"damage":1,"enemies":"2 Thieves","floor":18,"turns":3},{"damage":1,"enemies":"Spheric Guardian","floor":19,"turns":3},{"damage":11,"enemies":"Snake Plant","floor":20,"turns":3},{"damage":17,"enemies":"Cultist and Chosen","floor":22,"turns":6},{"damage":9,"enemies":"Book of Stabbing","floor":23,"turns":3},{"damage":21,"enemies":"Slavers","floor":25,"turns":3}],"seed_played":"-9043271798387035356","potions_obtained":[{"floor":11,"key":"BottledMiracle"},{"floor":12,"key":"ZuzhouPotion:ReiMu"}],"is_trial":false,"path_per_floor":["M","$","?","?","?","E","$","R","T","E","M","M","M","M","R","B",null,"M","M","M","?","M","E","?","E"],"character_chosen":"WATCHER","items_purchased":[],"campfire_rested":0,"item_purchase_floors":[],"current_hp_per_floor":[61,61,61,50,43,43,43,43,43,45,40,40,33,14,14,3,47,48,49,40,40,25,18,18,0,0],"gold":390,"neow_bonus":"THREE_ENEMY_KILL","is_daily":false,"chose_seed":false,"campfire_upgraded":2,"win_rate":0.0,"timestamp":1613226672,"path_taken":["M","$","?","?","?","E","?","R","T","E","M","M","M","M","R","BOSS","M","M","M","?","M","E","?","E"],"items_purchased_type":[],"build_version":"2020-12-22","purchased_purges":2,"victory":false,"max_hp_per_floor":[68,68,62,62,62,62,62,62,62,62,62,62,62,62,62,62,62,62,62,62,62,62,62,62,62,62],"card_choices":[{"not_picked":["FlyingSleeves","PathToVictory","FollowUp"],"picked":"SKIP","floor":1},{"not_picked":["JustLucky","FollowUp","Worship"],"picked":"SKIP","floor":6},{"not_picked":["Prostrate","DeceiveReality"],"picked":"FlurryOfBlows","floor":10},{"not_picked":["REME_Repentance","FlyingSleeves"],"picked":"Adaptation","floor":11},{"not_picked":["Conclude","ForeignInfluence","WaveOfTheHand"],"picked":"SKIP","floor":12},{"not_picked":["FlyingSleeves","FollowUp"],"picked":"DeusExMachina","floor":13},{"not_picked":["Indignation","REME_Repentance"],"picked":"InnerPeace","floor":14},{"not_picked":["Omniscience","MasterReality"],"picked":"Scrawl","floor":16},{"not_picked":["SashWhip","WheelKick","Worship"],"picked":"SKIP","floor":18},{"not_picked":["ReachHeaven","ThirdEye"],"picked":"MentalFortress","floor":19},{"not_picked":["BattleHymn+1","EmptyFist","REME_Repentance"],"picked":"SKIP","floor":20},{"not_picked":["PathToVictory","WreathOfFlame"],"picked":"TalkToTheHand","floor":22},{"not_picked":["Wish","EmptyFist","PathToVictory"],"picked":"SKIP","floor":23}],"player_experience":1136361,"relics_obtained":[{"floor":6,"key":"Mastiff:ReiMu"},{"floor":6,"key":"Blood Vial"},{"floor":9,"key":"Shuriken"},{"floor":10,"key":"The Courier"},{"floor":10,"key":"ZombieArmy"},{"floor":23,"key":"Orichalcum"},{"floor":23,"key":"Damaru"}],"event_choices":[{"damage_healed":0,"gold_gain":0,"player_choice":"Lose Max HP","damage_taken":0,"relics_obtained":["Golden Idol"],"max_hp_gain":0,"max_hp_loss":6,"event_name":"Golden Idol","floor":3,"gold_loss":0},{"damage_healed":0,"gold_gain":75,"player_choice":"Gather Gold","damage_taken":11,"max_hp_gain":0,"max_hp_loss":0,"event_name":"World of Goop","floor":4,"gold_loss":0},{"cards_removed":["Defend_P"],"damage_healed":0,"gold_gain":0,"player_choice":"Card Removal","damage_taken":7,"max_hp_gain":0,"max_hp_loss":0,"event_name":"Golden Wing","floor":5,"gold_loss":0},{"damage_healed":0,"gold_gain":0,"player_choice":"Ignored","damage_taken":0,"max_hp_gain":0,"max_hp_loss":0,"event_name":"Vampires","floor":21,"gold_loss":0},{"damage_healed":0,"gold_gain":0,"player_choice":"Ignored","damage_taken":0,"max_hp_gain":0,"max_hp_loss":0,"event_name":"The Mausoleum","floor":24,"gold_loss":0}],"is_beta":false,"boss_relics":[{"not_picked":["Fusion Hammer","EasyGame_NEW"],"picked":"Sozu"}],"items_purged_floors":[2,7],"is_endless":false,"potions_floor_spawned":[11,12,14,19,23],"killed_by":"Slavers","ascension_level":20}}