{"host":"bgyhjzqafgkxdxsh","time":1613184627,"event":{"mods":["BaseMod","Colored Map","Minty Spire (QoL Compilation)","Relic Stats","StSLib","everything is the same but u backflip on backflip"],"gold_per_floor":[216,226,236,206,16,16,16,29,29,57,57,83,83,116,116,116,116],"floor_reached":16,"language":"ENG","playtime":586,"items_purged":[],"score":201,"play_id":"be3f8f12-50c0-4c17-b143-86cf97db0d11","local_time":"20210213125027","is_ascension_mode":true,"campfire_choices":[{"data":"Dash","floor":6,"key":"SMITH"},{"data":"Neutralize","floor":11,"key":"SMITH"},{"data":"Deadly Poison","floor":13,"key":"SMITH"},{"data":"Noxious Fumes","floor":15,"key":"SMITH"}],"circlet_count":0,"master_deck":["AscendersBane","Strike_G","Strike_G","Strike_G","Strike_G","Defend_G","Defend_G","Defend_G","Defend_G","Defend_G","Survivor","Neutralize+1","Dash+1","Bane","Blur","Flying Knee","Deadly Poison+1","Noxious Fumes+1","Blur","Blur"],"relics":["Ring of the Snake","Toy Ornithopter","Letter Opener","Tough Bandages","Shuriken","Art of War"],"acts_visited":["Exordium"],"potions_floor_usage":[12,16],"damage_taken":[{"damage":2,"enemies":"Cultist","floor":1,"turns":5},{"damage":3,"enemies":"Small Slimes","floor":2,"turns":4},{"damage":5,"enemies":"Jaw Worm","floor":3,"turns":4},{"damage":0,"enemies":"Looter","floor":4,"turns":4},{"damage":10,"enemies":"Gremlin Gang","floor":8,"turns":8},{"damage":10,"enemies":"Lagavulin","floor":10,"turns":6},{"damage":7,"enemies":"Gremlin Nob","floor":12,"turns":5},{"damage":5,"enemies":"Lagavulin","floor":14,"turns":6},{"damage":27,"enemies":"Slime Boss","floor":16,"turns":9}],"seed_played":"-2444250254508020753","potions_obtained":[{"floor":2,"key":"PowerPotion"},{"floor":3,"key":"SmokeBomb"},{"floor":8,"key":"Block Potion"}],"is_trial":false,"path_per_floor":["M","M","M","M","$","R","?","M","T","E","R","E","R","E","R","B"],"character_chosen":"THE_SILENT","items_purchased":["Toy Ornithopter","Deadly Poison"],"campfire_rested":0,"item_purchase_floors":[5,5],"current_hp_per_floor":[57,54,49,49,49,49,49,39,39,29,29,27,27,22,22,0,0],"gold":116,"neow_bonus":"HUNDRED_GOLD","is_daily":false,"chose_seed":false,"campfire_upgraded":4,"win_rate":0.0,"timestamp":1613184627,"path_taken":["M","M","?","M","$","R","?","?","T","E","R","E","R","E","R","BOSS"],"items_purchased_type":["Relic","Card"],"build_version":"2020-12-22","purchased_purges":0,"victory":false,"max_hp_per_floor":[66,66,66,66,66,66,66,66,66,66,66,66,66,66,66,66,66],"relic_stats":{"Tough Bandages":[15],"counters":[9,51],"Shuriken":[2],"Art of War":[1],"Letter Opener":[25],"obtain_stats":[{"Tough Bandages":10,"Shuriken":12,"Art of War":14,"Letter Opener":9,"Toy Ornithopter":5,"Ring of the Snake":0},{"Tough Bandages":6,"Shuriken":7,"Art of War":8,"Letter Opener":5,"Toy Ornithopter":4,"Ring of the Snake":0},{"Tough Bandages":31,"Shuriken":36,"Art of War":42,"Letter Opener":25,"Toy Ornithopter":17,"Ring of the Snake":0}],"Toy Ornithopter":10,"Ring of the Snake":[18]},"card_choices":[{"not_picked":["Quick Slash","Finisher"],"picked":"Dash","floor":1},{"not_picked":["Dodge and Roll","Underhanded Strike"],"picked":"Bane","floor":2},{"not_picked":["Heel Hook","PiercingWail"],"picked":"Blur","floor":3},{"not_picked":["Dash","Slice"],"picked":"Flying Knee","floor":4},{"not_picked":["Sucker Punch","Reflex"],"picked":"Noxious Fumes","floor":8},{"not_picked":["Sucker Punch","PiercingWail"],"picked":"Blur","floor":10},{"not_picked":["Finisher","Acrobatics"],"picked":"Blur","floor":12},{"not_picked":["Heel Hook","Underhanded Strike","Noxious Fumes"],"picked":"SKIP","floor":14}],"player_experience":513827,"relics_obtained":[{"floor":9,"key":"Letter Opener"},{"floor":10,"key":"Tough Bandages"},{"floor":12,"key":"Shuriken"},{"floor":14,"key":"Art of War"}],"event_choices":[{"cards_removed":["Strike_G"],"damage_healed":0,"gold_gain":0,"player_choice":"Purged","damage_taken":0,"max_hp_gain":0,"max_hp_loss":0,"event_name":"Purifier","floor":7,"gold_loss":0}],"is_beta":false,"boss_relics":[],"items_purged_floors":[],"is_endless":false,"potions_floor_spawned":[2,3,8],"killed_by":"Slime Boss","ascension_level":14}}