{"host":"rtw1tnr74gozsrw1","time":1613182828,"event":{"mods":["BaseMod","Colored Map","Colored Powertips","Highlight Path","Infinite Spire","Minty Spire (QoL Compilation)","StSLib","The Jungle"],"gold_per_floor":[119,44,44,58,74,74,92,92,170,120,120,40,52,80,80,177,177,177,177],"floor_reached":18,"language":"ENG","playtime":564,"items_purged":["Strike_B","Strike_B"],"score":200,"play_id":"7e5ba24c-c8cb-46b0-ba5b-8d61049fa49b","local_time":"20210213032028","is_ascension_mode":true,"campfire_choices":[{"data":"Defragment","floor":6,"key":"SMITH"},{"data":"Conserve Battery","floor":8,"key":"SMITH"},{"data":"Zap","floor":11,"key":"SMITH"},{"floor":15,"key":"REST"}],"circlet_count":0,"master_deck":["Strike_B","Defend_B","Defend_B","Defend_B","Defend_B","Zap+1","Dualcast","Conserve Battery+1","Defragment+1","BootSequence","Machine Learning"],"relics":["Cracked Core","NeowsBlessing","The Courier","infinitespire:PuzzleCube","Cursed Key"],"acts_visited":["Exordium","TheCity"],"potions_floor_usage":[13,16],"damage_taken":[{"damage":0,"enemies":"Jaw Worm","floor":1,"turns":1},{"damage":0,"enemies":"Small Slimes","floor":4,"turns":1},{"damage":0,"enemies":"2 Louse","floor":5,"turns":1},{"damage":2,"enemies":"2 Fungi Beasts","floor":7,"turns":4},{"damage":5,"enemies":"Gremlin Gang","floor":13,"turns":3},{"damage":23,"enemies":"Lagavulin","floor":14,"turns":7},{"damage":64,"enemies":"Hexaghost","floor":16,"turns":12},{"damage":0,"enemies":"2 Thieves","floor":18,"turns":1}],"seed_played":"8808545423791035378","potions_obtained":[{"floor":1,"key":"LiquidMemories"},{"floor":4,"key":"SteroidPotion"},{"floor":14,"key":"DistilledChaos"},{"floor":16,"key":"Weak Potion"}],"is_trial":false,"path_per_floor":["M","$","?","M","M","R","M","R","T","?","R","$","M","E","R","B",null,"M"],"character_chosen":"DEFECT","items_purchased":[],"campfire_rested":1,"item_purchase_floors":[],"current_hp_per_floor":[75,75,75,75,75,75,73,73,73,73,73,73,68,45,67,3,57,57,57],"gold":177,"neow_bonus":"THREE_ENEMY_KILL","is_daily":false,"chose_seed":false,"campfire_upgraded":3,"win_rate":0.0,"timestamp":1613182828,"path_taken":["M","$","?","M","M","R","M","R","T","?","R","$","M","E","R","BOSS","M"],"items_purchased_type":[],"build_version":"2020-12-22","purchased_purges":2,"victory":false,"max_hp_per_floor":[75,75,75,75,75,75,75,75,75,75,75,75,75,75,75,75,75,75,75],"card_choices":[{"not_picked":["Beam Cell","Redo"],"picked":"Conserve Battery","floor":1},{"not_picked":["Heatsinks","Undo","Beam Cell"],"picked":"SKIP","floor":4},{"not_picked":["Leap","Chaos"],"picked":"Defragment","floor":5},{"not_picked":["Doom and Gloom","Hologram","Leap"],"picked":"SKIP","floor":7},{"not_picked":["Doom and Gloom","Hologram","Leap"],"picked":"SKIP","floor":7},{"not_picked":["Hologram","Steam Power"],"picked":"BootSequence","floor":13},{"not_picked":["Gash","Blizzard","FTL"],"picked":"SKIP","floor":14},{"not_picked":["All For One","Fission"],"picked":"Machine Learning","floor":16}],"player_experience":157310,"relics_obtained":[{"floor":9,"key":"The Courier"},{"floor":14,"key":"infinitespire:PuzzleCube"}],"event_choices":[{"damage_healed":0,"gold_gain":0,"player_choice":"Ignored","damage_taken":0,"max_hp_gain":0,"max_hp_loss":0,"event_name":"Golden Idol","floor":3,"gold_loss":0},{"cards_removed":["Strike_B"],"damage_healed":0,"gold_gain":0,"player_choice":"Card Removal","damage_taken":0,"max_hp_gain":0,"max_hp_loss":0,"event_name":"The Cleric","floor":10,"gold_loss":50}],"is_beta":false,"boss_relics":[{"not_picked":["infinitespire:Cupcake","Coffee Dripper"],"picked":"Cursed Key"}],"items_purged_floors":[2,12],"is_endless":false,"potions_floor_spawned":[1,4,5,14,16],"killed_by":"2 Thieves","ascension_level":5}}