{"host":"qc8gw3x1c8jlo9fx","time":1613197774,"event":{"mods":["AchievementEnabler","BaseMod","Better Note","BetterRewards","Conspire","Hubris","Infinite Spire","Jedi Mod","Minty Spire (QoL Compilation)","Reliquary","Replay The Spire","StSLib","The IronCluck"],"gold_per_floor":[109,129,129,213,165,165,179,197,224,250,250,275,308,239,239,340,340,357,375,389,135,135,135,167,167,167,167,167,18,18,49,49,49,49],"floor_reached":33,"language":"ENG","playtime":1085,"items_purged":[],"score":449,"play_id":"2ab62639-4e29-45df-82cd-c5d113d7dc89","local_time":"20210212232934","daily_mods":["Hoarder","Flight","DeadlyEvents"],"is_ascension_mode":false,"campfire_choices":[{"floor":6.0,"key":"REST"},{"floor":11.0,"key":"REST"},{"floor":15.0,"key":"REST"},{"floor":23,"key":"REST"},{"floor":25,"key":"REST"},{"floor":28,"key":"REST"},{"floor":32,"key":"REST"}],"circlet_count":0,"master_deck":["Strike_G","Strike_G","Strike_G","Strike_G","Strike_G","Defend_G","Defend_G","Defend_G","Defend_G","Defend_G","Survivor","Neutralize","Bouncing Flask","Bouncing Flask","Bouncing Flask","Deflect","Deflect","Deflect","infinitespire:Neurotoxin","infinitespire:Neurotoxin","infinitespire:Neurotoxin","Bane","Bane","Bane","Crippling Poison","Crippling Poison","Crippling Poison","Noxious Fumes","Noxious Fumes","Noxious Fumes","hubris:TrickCloak","hubris:TrickCloak","hubris:TrickCloak","jedi:pocketpoison","jedi:pocketpoison","jedi:pocketpoison","Noxious Fumes","Noxious Fumes","Noxious Fumes","Noxious Fumes","Noxious Fumes","Noxious Fumes","jedi:brewingpoison","jedi:brewingpoison","jedi:brewingpoison","Decay","Decay","Decay","Neutralize","Neutralize","Neutralize","A Thousand Cuts","A Thousand Cuts","A Thousand Cuts","Good Instincts","Good Instincts","Good Instincts","infinitespire:Punishment","infinitespire:Punishment","infinitespire:Punishment","Deadly Poison","Deadly Poison","Deadly Poison","Dagger Spray","Dagger Spray","Dagger Spray","Envenom","Envenom","Envenom","Zap","Accuracy","Accuracy","Accuracy","Blade Dance+1","Blade Dance+1","Blade Dance+1"],"relics":["hubris:Towel","Bag of Preparation","Snake Skull","StoneCalendar","infinitespire:Lucky Rock","hubris:PeanutButter","ReplayTheSpireMod:SealedPack","reliquary:Firecrackers","Omamori","Replay:WaspNest","jedi:ashlotus","Pen Nib","Nloth\u0027s Gift","hubris:Potato"],"acts_visited":["Exordium","TheCity"],"potions_floor_usage":[33,33],"damage_taken":[{"damage":2.0,"enemies":"2 Louse","floor":1.0,"turns":3.0},{"damage":4.0,"enemies":"Small Slimes","floor":2.0,"turns":3.0},{"damage":2.0,"enemies":"Jaw Worm","floor":7.0,"turns":3.0},{"damage":10.0,"enemies":"Looter","floor":8.0,"turns":3.0},{"damage":26.0,"enemies":"Lagavulin","floor":10.0,"turns":5.0},{"damage":14.0,"enemies":"Gremlin Nob","floor":12.0,"turns":3.0},{"damage":18.0,"enemies":"3 Sentries","floor":13.0,"turns":4.0},{"damage":0.0,"enemies":"Slime Boss","floor":16.0,"turns":6.0},{"damage":0,"enemies":"Spheric Guardian","floor":18,"turns":1},{"damage":8,"enemies":"2 Thieves","floor":19,"turns":3},{"damage":13,"enemies":"Shelled Parasite and Fungi","floor":20,"turns":3},{"damage":62,"enemies":"Slavers","floor":24,"turns":5},{"damage":46,"enemies":"Book of Stabbing","floor":31,"turns":4},{"damage":25,"enemies":"Pondfish","floor":33,"turns":6}],"seed_played":"1076479433687785935","potions_obtained":[{"floor":4.0,"key":"Ancient Potion"},{"floor":4.0,"key":"Dexterity Potion"},{"floor":10.0,"key":"Elixir"},{"floor":16.0,"key":"Swift Potion"}],"is_trial":true,"path_per_floor":["M","M","?","?","$","R","M","M","T","E","R","E","E","$","R","B",null,"M","M","M","$","?","R","E","R","T","AVR","R","$","?","E","R","B"],"character_chosen":"THE_SILENT","items_purchased":["Bane","Noxious Fumes","reliquary:Firecrackers","Pen Nib"],"campfire_rested":7,"item_purchase_floors":[5,14,21,29],"current_hp_per_floor":[68,64,64,47,47,68,66,56,56,30,51,37,19,19,40,40,70,70,62,49,49,49,70,8,29,29,29,50,50,50,4,25,0,0],"gold":49,"neow_bonus":"","is_daily":false,"chose_seed":false,"campfire_upgraded":0,"win_rate":0.0,"timestamp":1613197774,"path_taken":["M","M","?","?","?","R","M","M","T","?","R","E","E","?","R","BOSS","M","M","M","$","?","R","E","R","T","AVR","R","$","?","?","R","BOSS"],"items_purchased_type":["Card","Card","Relic","Relic"],"build_version":"2020-12-22","purchased_purges":0,"victory":false,"max_hp_per_floor":[70,70,70,70,70,70,70,70,70,70,70,70,70,70,70,70,70,70,70,70,70,70,70,70,70,70,70,70,70,70,70,70,70,70],"card_choices":[{"not_picked":["Dagger Throw","Underhanded Strike"],"picked":"Bouncing Flask","floor":1.0},{"not_picked":["Deadly Poison","Backstab"],"picked":"Deflect","floor":2.0},{"not_picked":["Underhanded Strike","Slice"],"picked":"infinitespire:Neurotoxin","floor":4.0},{"not_picked":["ReplayTheSpireMod:The Works","Sucker Punch"],"picked":"Crippling Poison","floor":7.0},{"not_picked":["Bane","Well Laid Plans"],"picked":"Noxious Fumes","floor":8.0},{"not_picked":["Concentrate","Dagger Spray"],"picked":"hubris:TrickCloak","floor":10.0},{"not_picked":["Underhanded Strike","All Out Attack"],"picked":"jedi:pocketpoison","floor":12.0},{"not_picked":["Blade Dance","Accuracy"],"picked":"Noxious Fumes","floor":13.0},{"not_picked":["Replay:Bag of Tricks","Burst"],"picked":"jedi:brewingpoison","floor":16.0},{"not_picked":["Zap","Survivor"],"picked":"Neutralize","floor":17},{"not_picked":["Bullet Time","Adrenaline"],"picked":"A Thousand Cuts","floor":17},{"not_picked":["Flash of Steel","Forethought"],"picked":"Good Instincts","floor":17},{"not_picked":["infinitespire:Oblivion","infinitespire:Execution"],"picked":"infinitespire:Punishment","floor":17},{"not_picked":["Blade Dance","Skewer+1"],"picked":"Deadly Poison","floor":18},{"not_picked":["Bouncing Flask+1","Underhanded Strike"],"picked":"Dagger Spray","floor":19},{"not_picked":["Hidden Blade+1","Blade Dance"],"picked":"Envenom","floor":20},{"not_picked":["Replay:Bag of Tricks","Flying Knee"],"picked":"Accuracy","floor":24},{"not_picked":["Skewer","Prepared+1"],"picked":"Blade Dance+1","floor":31}],"player_experience":217032,"relics_obtained":[{"floor":4.0,"key":"Bag of Preparation"},{"floor":9.0,"key":"Snake Skull"},{"floor":10.0,"key":"StoneCalendar"},{"floor":12.0,"key":"infinitespire:Lucky Rock"},{"floor":13.0,"key":"hubris:PeanutButter"},{"floor":24,"key":"Omamori"},{"floor":26,"key":"Replay:WaspNest"},{"floor":31,"key":"hubris:Potato"}],"event_choices":[{"cards_removed":["infinitespire:Neurotoxin"],"damage_healed":0,"gold_gain":0,"player_choice":"Take \u0026 Give","damage_taken":0,"max_hp_gain":0,"max_hp_loss":0,"event_name":"betterNote:BetterNote","floor":22,"gold_loss":0,"cards_obtained":["Zap"]},{"damage_healed":0,"gold_gain":0,"player_choice":"Traded Relic","damage_taken":0,"relics_obtained":["Nloth\u0027s Gift"],"max_hp_gain":0,"max_hp_loss":0,"event_name":"N\u0027loth","floor":30,"relics_lost":["Ring of the Snake"],"gold_loss":0}],"is_beta":false,"boss_relics":[{"not_picked":["Empty Cage","Snecko Scales"],"picked":"ReplayTheSpireMod:SealedPack"}],"items_purged_floors":[],"is_endless":false,"potions_floor_spawned":[10,13,16,20,24,31],"killed_by":"Pondfish","ascension_level":0}}