{"host":"7yyoe0ei0fseceei","time":1613255422,"event":{"mods":["BaseMod","Colored Map","Highlight Path","Minty Spire (QoL Compilation)","Quick Restart"],"gold_per_floor":[112,412,412,431,448,483,463,463,463],"floor_reached":8,"language":"ENG","playtime":262,"items_purged":[],"score":116,"play_id":"d681dabf-396a-4b9f-8630-91f30724ec1d","local_time":"20210213233022","is_ascension_mode":true,"campfire_choices":[],"circlet_count":0,"master_deck":["AscendersBane","Strike_B","Strike_B","Strike_B","Strike_B","Defend_B","Defend_B","Defend_B","Defend_B","Zap","Dualcast","Auto Shields","Loop","Thunder Strike","Barrage"],"relics":["Cracked Core","Orichalcum","Old Coin","MealTicket"],"acts_visited":["Exordium"],"potions_floor_usage":[7,7,7],"damage_taken":[{"damage":1,"enemies":"Cultist","floor":1,"turns":3},{"damage":13,"enemies":"Small Slimes","floor":4,"turns":4},{"damage":2,"enemies":"Jaw Worm","floor":5,"turns":4},{"damage":33,"enemies":"Lagavulin","floor":6,"turns":8},{"damage":0,"enemies":"Exordium Thugs","floor":7,"turns":4},{"damage":23,"enemies":"3 Sentries","floor":8,"turns":4}],"seed_played":"4580764623793410691","potions_obtained":[{"floor":1,"key":"LiquidBronze"},{"floor":5,"key":"EntropicBrew"}],"is_trial":false,"path_per_floor":["M","T","?","M","M","E","M","E"],"character_chosen":"DEFECT","items_purchased":[],"campfire_rested":0,"item_purchase_floors":[],"current_hp_per_floor":[63,63,71,58,56,23,23,0,0],"gold":463,"neow_bonus":"RANDOM_COMMON_RELIC","is_daily":false,"chose_seed":false,"campfire_upgraded":0,"win_rate":0.0,"timestamp":1613255422,"path_taken":["M","?","?","M","M","E","M","E"],"items_purchased_type":[],"build_version":"2020-12-22","purchased_purges":0,"victory":false,"max_hp_per_floor":[71,71,71,71,71,71,71,71,71],"card_choices":[{"not_picked":["Rebound","Reprogram"],"picked":"Chill","floor":1},{"not_picked":["Sweeping Beam","Gash"],"picked":"Auto Shields","floor":4},{"not_picked":["Rebound","Turbo"],"picked":"Loop","floor":5},{"not_picked":["Rebound","Sweeping Beam"],"picked":"Thunder Strike","floor":6},{"not_picked":["Fusion","Reprogram"],"picked":"Barrage","floor":7}],"player_experience":918935,"relics_obtained":[{"floor":2,"key":"Old Coin"},{"floor":6,"key":"MealTicket"}],"event_choices":[{"cards_removed":["Chill"],"damage_healed":8,"gold_gain":0,"player_choice":"Offered Uncommon","damage_taken":0,"max_hp_gain":0,"max_hp_loss":0,"event_name":"Bonfire Elementals","floor":3,"gold_loss":0}],"is_beta":false,"boss_relics":[],"items_purged_floors":[],"is_endless":false,"potions_floor_spawned":[1,5],"killed_by":"3 Sentries","ascension_level":20}}