{"host":"bvp2uifzy1c463d9","time":1613203090,"event":{"mods":["AchievementEnabler","BaseMod","Block Reminder","Bossed Relics","ChefMod","Colored Map","Colored Powertips","Energized Spire","Hermit","Highlight Path","Hubris","Infinite Spire","Minty Spire (QoL Compilation)","Random Character Button","Relic Sorter","Relic Stats","Reliquary","Replay The Spire","StSLib","The Blue Laboratory","The Jungle","The Servant 0.9.4","Wandering Minibosses"],"gold_per_floor":[114,114,39,53,53,83,83,83,135,135,145,145,155,175,175,278,278,298,324,324,324,346,346,374,374,374,392,399,399],"floor_reached":28,"language":"ENG","playtime":1629,"items_purged":["hermit:Strike_Hermit"],"score":242,"play_id":"6f23ee9d-92aa-44a2-a42d-6febb932c3a3","local_time":"20210213015810","is_ascension_mode":true,"campfire_choices":[{"data":"hermit:TakeAim","floor":8,"key":"SMITH"},{"data":"hermit:Enervate","floor":10,"key":"SMITH"},{"data":"hermit:Snipe","floor":12,"key":"SMITH"},{"data":"hermit:Scavenge","floor":15,"key":"SMITH"},{"data":"hermit:Quickdraw","floor":23,"key":"SMITH"}],"circlet_count":0,"master_deck":["hermit:Strike_Hermit","hermit:Strike_Hermit","hermit:Strike_Hermit","hermit:Defend_Hermit","hermit:Defend_Hermit","hermit:Defend_Hermit","hermit:Snapshot","hermit:Covet","ReplayTheSpireMod:Trickstab","hermit:Snipe+1","hermit:Midnight","hermit:Enervate+1","hubris:Envy","Shame","ReplayTheSpireMod:Haul","hermit:TakeAim+1","hermit:Quickdraw+1","hermit:Scavenge+1","hermit:Deadeye","hermit:HeroicBravado","hermit:Headshot+1","hermit:CalledShot","hermit:Scavenge+1","hermit:CalledShot","hermit:Snipe"],"relics":["m_ScarletBlood","hubris:Metronome","infinitespire:Cubic Diamond","Anchor","energizedSpire:NeverEndingSparkler","Oddly Smooth Stone","Astrolabe","hubris:Towel","ReplayTheSpireMod:Ninjato"],"acts_visited":["Exordium","TheCity"],"potions_floor_usage":[16,27],"damage_taken":[{"damage":7,"enemies":"2 Louse","floor":1,"turns":3},{"damage":7,"enemies":"Jaw Worm","floor":4,"turns":3},{"damage":37,"enemies":"Lagavulin","floor":6,"turns":7},{"damage":0,"enemies":"Cultist","floor":11,"turns":3},{"damage":0,"enemies":"3 Louse","floor":13,"turns":1},{"damage":0,"enemies":"Blue Slaver","floor":14,"turns":2},{"damage":7,"enemies":"Slime Boss","floor":16,"turns":7},{"damage":0,"enemies":"Chosen","floor":18,"turns":4},{"damage":30,"enemies":"3 Byrds","floor":19,"turns":4},{"damage":14,"enemies":"3 Cultists","floor":22,"turns":4},{"damage":13,"enemies":"Centurion and Healer","floor":24,"turns":7},{"damage":3,"enemies":"Chosen and Byrds","floor":27,"turns":3},{"damage":22,"enemies":"Snecko","floor":28,"turns":3}],"seed_played":"-1314570112640621305","potions_obtained":[{"floor":1,"key":"blueLaboratory:StoneskinPotion"},{"floor":4,"key":"BlessingOfTheForge"},{"floor":11,"key":"blueLaboratory:CorrosionFlask"},{"floor":19,"key":"Fire Potion"},{"floor":27,"key":"BlessingOfTheForge"}],"is_trial":false,"path_per_floor":["M","?","$","M","?","E","?","R","T","R","M","R","M","M","R","B",null,"M","M","AVR","?","M","R","M","?","T","M","M"],"character_chosen":"HERMIT","items_purchased":[],"campfire_rested":0,"item_purchase_floors":[],"current_hp_per_floor":[68,68,68,61,61,24,24,24,24,24,24,24,24,24,24,17,75,75,45,45,45,31,31,18,18,18,15,0,0],"gold":399,"neow_bonus":"RANDOM_COLORLESS","is_daily":false,"chose_seed":false,"campfire_upgraded":5,"win_rate":0.0,"timestamp":1613203090,"path_taken":["M","?","$","M","?","E","?","R","T","R","M","R","M","M","R","BOSS","M","M","AVR","?","M","R","M","?","T","M","M"],"items_purchased_type":[],"build_version":"2020-12-22","purchased_purges":1,"victory":false,"max_hp_per_floor":[75,75,75,75,75,75,75,75,75,75,75,75,75,75,75,75,75,75,75,75,75,75,75,75,75,75,75,75,75],"relic_stats":{"counters":[13,51],"Astrolabe":[],"obtain_stats":[{"hubris:Metronome":6,"m_ScarletBlood":7,"Anchor":9,"ReplayTheSpireMod:Ninjato":26,"energizedSpire:NeverEndingSparkler":17,"Astrolabe":20,"Oddly Smooth Stone":20,"infinitespire:Cubic Diamond":7,"hubris:Towel":21,"hermit:Momento":0},{"hubris:Metronome":3,"m_ScarletBlood":3,"Anchor":3,"ReplayTheSpireMod:Ninjato":11,"energizedSpire:NeverEndingSparkler":7,"Astrolabe":9,"Oddly Smooth Stone":9,"infinitespire:Cubic Diamond":3,"hubris:Towel":9,"hermit:Momento":0},{"hubris:Metronome":13,"m_ScarletBlood":13,"Anchor":13,"ReplayTheSpireMod:Ninjato":45,"energizedSpire:NeverEndingSparkler":26,"Astrolabe":34,"Oddly Smooth Stone":34,"infinitespire:Cubic Diamond":13,"hubris:Towel":34,"hermit:Momento":0}]},"card_choices":[{"not_picked":["hubris:Ssssneak","Dark Shackles"],"picked":"ReplayTheSpireMod:Trickstab","floor":0},{"not_picked":["hermit:TrackingShot","hermit:HighCaliber"],"picked":"hermit:Snipe","floor":1},{"not_picked":["hermit:Vantage","hermit:Glare"],"picked":"hermit:Enervate","floor":4},{"not_picked":["hubris:Rewind","infinitespire:FinalStrike"],"picked":"ReplayTheSpireMod:Haul","floor":5},{"not_picked":["hermit:GoldenBullet","hermit:Spite"],"picked":"hermit:TakeAim","floor":6},{"not_picked":["hermit:Cheat","hermit:HighCaliber"],"picked":"hermit:Quickdraw","floor":11},{"not_picked":["hermit:Headshot","hermit:Glare"],"picked":"hermit:Scavenge","floor":13},{"not_picked":["hermit:Gambit","hermit:Showdown"],"picked":"hermit:Deadeye","floor":14},{"not_picked":["hermit:Adapt","hermit:Magnum"],"picked":"hermit:HeroicBravado","floor":16},{"not_picked":["hermit:WideOpen","hermit:Virtue"],"picked":"hermit:Headshot+1","floor":18},{"not_picked":["hermit:PistolWhip","hermit:Grudge"],"picked":"hermit:CalledShot","floor":19},{"not_picked":["hermit:Misfire","hermit:WideOpen+1"],"picked":"hermit:Scavenge+1","floor":22},{"not_picked":["hermit:Horror","hermit:Manifest"],"picked":"hermit:CalledShot","floor":24},{"not_picked":["hermit:WideOpen","hermit:Magnum"],"picked":"hermit:Snipe","floor":27}],"player_experience":332970,"relics_obtained":[{"floor":6,"key":"hubris:Metronome"},{"floor":9,"key":"Anchor"},{"floor":26,"key":"ReplayTheSpireMod:Ninjato"}],"event_choices":[{"damage_healed":0,"gold_gain":0,"cards_transformed":["hermit:Defend_Hermit"],"player_choice":"Change","damage_taken":0,"max_hp_gain":0,"max_hp_loss":0,"event_name":"Living Wall","floor":2,"gold_loss":0,"cards_obtained":["hermit:Midnight"]},{"damage_healed":0,"gold_gain":0,"player_choice":"Ignored","damage_taken":0,"max_hp_gain":0,"max_hp_loss":0,"event_name":"Ghosts","floor":25,"gold_loss":0}],"is_beta":false,"boss_relics":[{"not_picked":["hubris:ScarierMask","SacredBark"],"picked":"energizedSpire:NeverEndingSparkler"}],"items_purged_floors":[3],"is_endless":false,"potions_floor_spawned":[1,4,11,19,22,27],"killed_by":"Snecko","ascension_level":2}}