{"host":"tetk82fuf8thwxol","time":1613240737,"event":{"mods":["AchievementEnabler","BaseMod","BetterRewards","GifTheSpireLib","Hermit","Minty Spire (QoL Compilation)","Permanent Neow","Quick Restart","Shop Mod","Spicy Shops","StSLib","The Bug Knight","The Cursed","The Runesmith"],"gold_per_floor":[115,190,204,379,172,172,22,35,35,53,88,102,102,132,132,236,236,254,254,254,265,279,311,331,84,109,126,156,156,173,188,188,291,291,310,326,326,342,53,88,88,88,88,88,104,139,159,169,169,169],"floor_reached":51,"language":"ENG","playtime":2008,"items_purged":["Doubt","Strike_G","Defend_G"],"score":811,"play_id":"3b63a644-2c91-46b4-be1b-b2a987a6367f","local_time":"20210213122537","is_ascension_mode":false,"campfire_choices":[{"data":"Infinite Blades","floor":6,"key":"SMITH"},{"floor":13,"key":"REST"},{"data":"1","floor":15,"key":"LIFT"},{"floor":29,"key":"REST"},{"floor":32,"key":"REST"},{"floor":41,"key":"REST"},{"floor":49,"key":"REST"}],"circlet_count":0,"master_deck":["Strike_G","Strike_G","Strike_G","Defend_G","Defend_G","Defend_G","Defend_G","Survivor","Neutralize","Cloak And Dagger","Infinite Blades+1","Blade Dance","Blade Dance","Dagger Spray","Choke","Phantasmal Killer","Backstab","Cloak And Dagger","After Image","Terror+1","Caltrops","Parasite"],"relics":["Ring of the Serpent","Girya","HandDrill","Gremlin Horn","Strawberry","Kunai","MutagenicStrength","Akabeko","Vajra","Nunchaku","Pantograph","WristBlade","Regal Pillow","Happy Flower","Art of War"],"acts_visited":["Exordium","TheCity","TheBeyond"],"potions_floor_usage":[1,11,11,14,18,18,33,33,45,45,46,50],"damage_taken":[{"damage":0,"enemies":"Small Slimes","floor":1,"turns":5},{"damage":0,"enemies":"2 Louse","floor":3,"turns":3},{"damage":1,"enemies":"Cultist","floor":8,"turns":4},{"damage":2,"enemies":"Large Slime","floor":10,"turns":8},{"damage":14,"enemies":"Lagavulin","floor":11,"turns":6},{"damage":13,"enemies":"Gremlin Gang","floor":12,"turns":4},{"damage":9,"enemies":"Gremlin Nob","floor":14,"turns":4},{"damage":20,"enemies":"Hexaghost","floor":16,"turns":9},{"damage":3,"enemies":"Spheric Guardian","floor":18,"turns":3},{"damage":7,"enemies":"Shell Parasite","floor":21,"turns":2},{"damage":13,"enemies":"Cultist and Chosen","floor":22,"turns":5},{"damage":27,"enemies":"HollowMod:Nosk","floor":23,"turns":6},{"damage":0,"enemies":"Centurion and Healer","floor":24,"turns":4},{"damage":0,"enemies":"Snake Plant","floor":27,"turns":2},{"damage":4,"enemies":"Gremlin Leader","floor":28,"turns":2},{"damage":0,"enemies":"3 Cultists","floor":30,"turns":3},{"damage":18,"enemies":"Shelled Parasite and Fungi","floor":31,"turns":3},{"damage":0,"enemies":"Collector","floor":33,"turns":8},{"damage":0,"enemies":"Orb Walker","floor":35,"turns":1},{"damage":0,"enemies":"3 Shapes","floor":36,"turns":1},{"damage":0,"enemies":"Maw","floor":38,"turns":5},{"damage":37,"enemies":"Nemesis","floor":40,"turns":5},{"damage":23,"enemies":"Writhing Mass","floor":45,"turns":3},{"damage":18,"enemies":"HollowMod:StalkingDevout","floor":46,"turns":4},{"damage":6,"enemies":"Sphere and 2 Shapes","floor":47,"turns":2},{"damage":0,"enemies":"3 Darklings","floor":48,"turns":3},{"damage":47,"enemies":"Donu and Deca","floor":50,"turns":7}],"seed_played":"-3401620578182151763","potions_obtained":[{"floor":1,"key":"Fruit Juice"},{"floor":3,"key":"Dexterity Potion"},{"floor":10,"key":"Dexterity Potion"},{"floor":12,"key":"Ancient Potion"},{"floor":16,"key":"EntropicBrew"},{"floor":22,"key":"Fire Potion"},{"floor":28,"key":"CunningPotion"},{"floor":35,"key":"LiquidBronze"},{"floor":36,"key":"Energy Potion"},{"floor":45,"key":"Regen Potion"},{"floor":46,"key":"DuplicationPotion"}],"is_trial":false,"path_per_floor":["M","?","M","?","$","R","$","M","T","M","E","M","R","E","R","B",null,"M","?","?","M","M","E","M","$","T","M","E","R","M","M","R","B",null,"M","M","?","M","$","E","R","$","T","?","M","E","M","M","R","B",null],"character_chosen":"THE_SILENT","items_purchased":["Infinite Blades","Girya","HandDrill","Vajra","Caltrops"],"campfire_rested":5,"item_purchase_floors":[5,5,7,25,39],"current_hp_per_floor":[75,64,64,64,64,64,64,63,63,61,54,41,65,56,56,36,82,79,79,79,72,59,32,32,32,32,32,28,52,52,34,58,82,82,82,82,78,78,78,41,78,78,78,78,55,46,40,40,78,31],"gold":169,"neow_bonus":"THREE_CARDS","is_daily":false,"chose_seed":false,"campfire_upgraded":1,"win_rate":0.0,"timestamp":1613240737,"path_taken":["M","?","M","?","$","R","$","M","T","M","E","M","R","E","R","BOSS","M","?","?","M","M","E","M","$","T","M","E","R","M","M","R","BOSS","M","M","?","M","$","E","R","$","T","?","M","E","?","M","R","BOSS"],"items_purchased_type":["Card","Relic","Relic","Relic","Card"],"build_version":"2020-12-22","purchased_purges":3,"victory":true,"max_hp_per_floor":[75,75,75,75,75,75,75,75,75,75,82,82,82,82,82,82,82,82,82,82,82,82,82,82,82,82,82,82,82,82,82,82,82,82,82,82,78,78,78,78,78,78,78,78,78,78,78,78,78,78],"card_choices":[{"not_picked":["Dodge and Roll","Poisoned Stab"],"picked":"Cloak And Dagger","floor":0},{"not_picked":["Dagger Throw","Expertise","Prepared"],"picked":"SKIP","floor":1},{"not_picked":["Distraction","Bouncing Flask","Flechettes"],"picked":"SKIP","floor":3},{"not_picked":["Flechettes","Crippling Poison","Backflip"],"picked":"SKIP","floor":8},{"not_picked":["Endless Agony","Terror"],"picked":"Blade Dance","floor":10},{"not_picked":["Reflex","Slice"],"picked":"Blade Dance","floor":11},{"not_picked":["Prepared","Well Laid Plans"],"picked":"Dagger Spray","floor":12},{"not_picked":["Sucker Punch","Endless Agony"],"picked":"Choke","floor":14},{"not_picked":["After Image","Die Die Die"],"picked":"Phantasmal Killer","floor":16},{"not_picked":["Backflip","Acrobatics+1","Slice+1"],"picked":"SKIP","floor":18},{"not_picked":["Flying Knee","Acrobatics","Prepared"],"picked":"SKIP","floor":21},{"not_picked":["Prepared+1","Crippling Poison","Dodge and Roll"],"picked":"SKIP","floor":22},{"not_picked":["Bouncing Flask","Finisher"],"picked":"Cloak And Dagger","floor":23},{"not_picked":["Backflip","Flying Knee","Catalyst+1"],"picked":"SKIP","floor":24},{"not_picked":["A Thousand Cuts","Poisoned Stab","Dodge and Roll"],"picked":"SKIP","floor":27},{"not_picked":["Outmaneuver","Corpse Explosion","PiercingWail+1"],"picked":"SKIP","floor":28},{"not_picked":["Underhanded Strike","Bouncing Flask","Escape Plan"],"picked":"SKIP","floor":30},{"not_picked":["Underhanded Strike","Slice","Concentrate"],"picked":"SKIP","floor":31},{"not_picked":["Bullet Time","A Thousand Cuts"],"picked":"After Image","floor":33},{"not_picked":["Infinite Blades+1","Well Laid Plans","Masterful Stab"],"picked":"SKIP","floor":35},{"not_picked":["Dagger Throw+1","Sucker Punch+1"],"picked":"Terror+1","floor":36},{"not_picked":["Concentrate+1","Endless Agony+1","Dagger Spray"],"picked":"SKIP","floor":38},{"not_picked":["Finisher+1","Deadly Poison","Slice"],"picked":"SKIP","floor":40},{"not_picked":["Distraction","Sucker Punch+1","Envenom"],"picked":"SKIP","floor":45},{"not_picked":["Sucker Punch+1","Bane","Crippling Poison"],"picked":"SKIP","floor":46},{"not_picked":["Leg Sweep","Deadly Poison","Expertise"],"picked":"SKIP","floor":47},{"not_picked":["Finisher+1","Underhanded Strike","Slice"],"picked":"SKIP","floor":48}],"player_experience":212911,"relics_obtained":[{"floor":9,"key":"Gremlin Horn"},{"floor":11,"key":"Strawberry"},{"floor":14,"key":"Kunai"},{"floor":23,"key":"Akabeko"},{"floor":26,"key":"Nunchaku"},{"floor":28,"key":"Pantograph"},{"floor":40,"key":"Regal Pillow"},{"floor":43,"key":"Happy Flower"},{"floor":46,"key":"Art of War"}],"event_choices":[{"damage_healed":0,"gold_gain":75,"player_choice":"Gather Gold","damage_taken":11,"max_hp_gain":0,"max_hp_loss":0,"event_name":"World of Goop","floor":2,"gold_loss":0},{"damage_healed":0,"gold_gain":175,"player_choice":"AGREE","damage_taken":0,"max_hp_gain":0,"max_hp_loss":0,"event_name":"Liars Game","floor":4,"gold_loss":0,"cards_obtained":["Doubt"]},{"damage_healed":0,"gold_gain":0,"player_choice":"Inject Mutagens","damage_taken":0,"relics_obtained":["MutagenicStrength"],"max_hp_gain":0,"max_hp_loss":0,"event_name":"Drug Dealer","floor":19,"gold_loss":0},{"damage_healed":0,"gold_gain":0,"player_choice":"Read","damage_taken":0,"max_hp_gain":0,"max_hp_loss":0,"event_name":"The Library","floor":20,"gold_loss":0,"cards_obtained":["Backstab"]},{"damage_healed":0,"gold_gain":0,"player_choice":"Max HP","damage_taken":0,"max_hp_gain":0,"max_hp_loss":4,"event_name":"Winding Halls","floor":37,"gold_loss":0},{"cards_removed":["Strike_G"],"damage_healed":0,"gold_gain":0,"player_choice":"Purged","damage_taken":0,"max_hp_gain":0,"max_hp_loss":0,"event_name":"Purifier","floor":44,"gold_loss":0}],"is_beta":false,"boss_relics":[{"not_picked":["HoveringKite","Runic Dome"],"picked":"Ring of the Serpent"},{"not_picked":["Black Star","Sozu"],"picked":"WristBlade"}],"items_purged_floors":[5,25,39],"is_endless":false,"potions_floor_spawned":[1,3,10,12,16,22,24,27,28,35,36,45,46],"ascension_level":0}}