{"host":"w4ub8crw9ou4a5am","time":1613257015,"event":{"mods":["2.2 Compatiblity","BaseMod","Challenge The Spire","Colored Powertips","Hermit","Hubris","Jorbs\u0027s Wanderer Trilogy","KinomotoSakuraMod(????)","Koishi","Marisa????????","Minty Spire (QoL Compilation)","Quick Restart","Rare Cards Sparkle","Remilia??????","StSLib","The Administrix","The Animator","The Bug Knight","The Cursed","The Disciple","The Hierophant","The Jungle","The Marked","The Necromancer","The Senshi","The Servant 0.9.4","WarShipGirlsR/????R mod"],"gold_per_floor":[116,130,143,113,188,188,28,28,99,128,116,116,116],"floor_reached":12,"language":"ENG","playtime":905,"items_purged":[],"score":78,"play_id":"ca91e28b-b664-4407-aa83-6c3d39a94740","local_time":"20210213175655","is_ascension_mode":false,"campfire_choices":[{"floor":6,"key":"REST"},{"floor":8,"key":"REST"}],"circlet_count":0,"master_deck":["Allegro","Strike_Br","Strike_Br","Strike_Br","Strike_Br","Defend_Br","Defend_Br","Defend_Br","Defend_Br","SecondHand","PatternShift","LockedCalendar","LockedTornado","PrimeTime","LockedMercury","BeatsPerMinute","BlueShift","LockedMedicine","Flash of Steel","HandsUpC","WatchCommand"],"relics":["Chronometer","Gremlin Horn","hubris:Potato"],"acts_visited":[],"potions_floor_usage":[10,10,12],"damage_taken":[{"damage":7,"enemies":"Jaw Worm","floor":1,"turns":8},{"damage":2,"enemies":"Small Slimes","floor":2,"turns":7},{"damage":9,"enemies":"2 Louse","floor":3,"turns":3},{"damage":7,"enemies":"Looter","floor":4,"turns":4},{"damage":12,"enemies":"3 Sentries","floor":10,"turns":5},{"damage":5,"enemies":"Exordium Thugs","floor":11,"turns":4},{"damage":54,"enemies":"Gremlin Nob","floor":12,"turns":5}],"seed_played":"-3890554015953870010","potions_obtained":[{"floor":1,"key":"SpeedPotion"},{"floor":2,"key":"DuplicationPotion"},{"floor":3,"key":"Strength Potion"}],"is_trial":false,"path_per_floor":["M","M","M","M","?","R","$","R","T","E","M","E"],"character_chosen":"CHRONO_CLASS","items_purchased":["BlueShift","LockedMedicine","Flash of Steel"],"campfire_rested":2,"item_purchase_floors":[7,7,7],"current_hp_per_floor":[58,56,47,40,29,48,48,65,65,53,48,0,0],"gold":116,"neow_bonus":"ONE_RANDOM_RARE_CARD","is_daily":false,"chose_seed":false,"campfire_upgraded":0,"win_rate":0.0,"timestamp":1613257015,"path_taken":["M","M","M","M","?","R","$","R","T","E","M","E"],"items_purchased_type":["Card","Card","Card"],"build_version":"2020-12-22","purchased_purges":0,"victory":false,"max_hp_per_floor":[65,65,65,65,65,65,65,65,65,65,65,65,65],"card_choices":[{"not_picked":["Tempo","LockedTurtyl"],"picked":"LockedTornado","floor":1},{"not_picked":["Engulf","BlueShift"],"picked":"PrimeTime","floor":2},{"not_picked":["LockedAnchor","Engulf"],"picked":"LockedMercury","floor":3},{"not_picked":["LockedAnchor","LockedTornado"],"picked":"BeatsPerMinute","floor":4},{"not_picked":["WakeUpCall","LockedCalendar"],"picked":"HandsUpC","floor":10},{"not_picked":["ReapSow","WindUp"],"picked":"WatchCommand","floor":11}],"player_experience":1720007,"relics_obtained":[{"floor":9,"key":"Gremlin Horn"},{"floor":10,"key":"hubris:Potato"}],"event_choices":[{"damage_healed":0,"gold_gain":75,"player_choice":"Gather Gold","damage_taken":11,"max_hp_gain":0,"max_hp_loss":0,"event_name":"World of Goop","floor":5,"gold_loss":0}],"is_beta":false,"boss_relics":[],"items_purged_floors":[],"is_endless":false,"potions_floor_spawned":[1,2,3],"killed_by":"Gremlin Nob","ascension_level":0}}