{"host":"ydg0vn0pu4pubmdt","time":1613226819,"event":{"mods":["AchievementEnabler","BaseMod","Colored Map","Gold Saver","Minty Spire (QoL Compilation)","Quick Restart","SuperFastMode"],"gold_per_floor":[117,192,192,206,216,216,230,230,230,260,260,275,291,162,162,162,162],"floor_reached":16,"language":"KOR","playtime":306,"items_purged":["Strike_R"],"score":204,"play_id":"cae593df-29aa-485c-a25a-9d34b00fa9b8","local_time":"20210213233339","is_ascension_mode":true,"campfire_choices":[{"data":"Feel No Pain","floor":6,"key":"SMITH"},{"data":"Armaments","floor":8,"key":"SMITH"},{"data":"Bash","floor":11,"key":"SMITH"},{"data":"Perfected Strike","floor":15,"key":"SMITH"}],"circlet_count":0,"master_deck":["AscendersBane","Strike_R","Strike_R","Strike_R+1","Strike_R+1","Defend_R","Defend_R","Defend_R","Defend_R","Bash+1","Feel No Pain+1","Shrug It Off","Armaments+1","Wild Strike","Pommel Strike","Perfected Strike+1","Perfected Strike"],"relics":["Burning Blood","NeowsBlessing","Meat on the Bone","StrikeDummy"],"acts_visited":["Exordium"],"potions_floor_usage":[10,10],"damage_taken":[{"damage":0,"enemies":"Jaw Worm","floor":1,"turns":1},{"damage":0,"enemies":"2 Louse","floor":4,"turns":1},{"damage":0,"enemies":"Cultist","floor":5,"turns":1},{"damage":8,"enemies":"Looter","floor":7,"turns":5},{"damage":19,"enemies":"Lagavulin","floor":10,"turns":8},{"damage":10,"enemies":"Lots of Slimes","floor":12,"turns":4},{"damage":15,"enemies":"Exordium Thugs","floor":13,"turns":4},{"damage":48,"enemies":"Hexaghost","floor":16,"turns":9}],"seed_played":"-4543555452293225972","potions_obtained":[{"floor":1,"key":"ColorlessPotion"},{"floor":7,"key":"SpeedPotion"},{"floor":10,"key":"Explosive Potion"}],"is_trial":false,"path_per_floor":["M","?","?","M","M","R","M","R","T","E","R","M","M","$","R","B"],"character_chosen":"IRONCLAD","items_purchased":["Perfected Strike"],"campfire_rested":0,"item_purchase_floors":[14],"current_hp_per_floor":[74,63,40,46,52,52,50,50,50,49,49,45,48,48,48,0,0],"gold":162,"neow_bonus":"THREE_ENEMY_KILL","is_daily":false,"chose_seed":false,"campfire_upgraded":4,"win_rate":0.0,"timestamp":1613226819,"path_taken":["M","?","?","M","?","R","M","R","T","E","R","M","M","$","R","BOSS"],"items_purchased_type":["Card"],"build_version":"2020-12-22","purchased_purges":1,"victory":false,"max_hp_per_floor":[75,75,75,75,75,75,75,75,75,75,75,75,75,75,75,75,75],"card_choices":[{"not_picked":["Dual Wield","Clothesline"],"picked":"Feel No Pain","floor":1},{"not_picked":["Feel No Pain","Metallicize","Rage"],"picked":"SKIP","floor":4},{"not_picked":["Thunderclap","Body Slam"],"picked":"Shrug It Off","floor":5},{"not_picked":["Dual Wield","Sword Boomerang"],"picked":"Armaments","floor":7},{"not_picked":["Sever Soul","True Grit"],"picked":"Wild Strike","floor":10},{"not_picked":["Bloodletting","Body Slam"],"picked":"Pommel Strike","floor":12},{"not_picked":["Iron Wave","Fiend Fire"],"picked":"Perfected Strike","floor":13}],"player_experience":544691,"relics_obtained":[{"floor":9,"key":"Meat on the Bone"},{"floor":10,"key":"StrikeDummy"}],"event_choices":[{"damage_healed":0,"gold_gain":75,"player_choice":"Gather Gold","damage_taken":11,"max_hp_gain":0,"max_hp_loss":0,"event_name":"World of Goop","floor":2,"gold_loss":0},{"damage_healed":0,"gold_gain":0,"player_choice":"Entered Light","damage_taken":23,"max_hp_gain":0,"max_hp_loss":0,"event_name":"Shining Light","floor":3,"gold_loss":0,"cards_upgraded":["Strike_R","Strike_R"]}],"is_beta":false,"boss_relics":[],"items_purged_floors":[14],"is_endless":false,"potions_floor_spawned":[1,7,10],"killed_by":"Hexaghost","ascension_level":20}}