{"host":"8iprjuzow65cevwy","time":1613250301,"event":{"mods":["BaseMod","Colored Map","Highlight Path","Minty Spire (QoL Compilation)"],"gold_per_floor":[116,116,116,127,27,62,62,72,153,170,195,195,195,206,206,311,311,325,325,339,438,438,438,467,484,555,572,606,107,123,137,137,137,137],"floor_reached":33,"language":"ENG","playtime":1838,"items_purged":["Defend_R"],"score":428,"play_id":"ce6984aa-6d27-453a-8567-7929bc3917e7","local_time":"20210213220501","is_ascension_mode":true,"campfire_choices":[{"data":"Bash","floor":7,"key":"SMITH"},{"data":"Bludgeon","floor":12,"key":"SMITH"},{"data":"Clash","floor":15,"key":"SMITH"},{"floor":32,"key":"RECALL"}],"circlet_count":0,"master_deck":["Strike_R+1","Strike_R+1","Strike_R+1","Strike_R+1","Strike_R+1","Defend_R+1","Defend_R+1","Defend_R+1","Bash+1","Clash+1","Pommel Strike","Cleave","Bloodletting","Bludgeon+1","Warcry","Clash","Warcry","Feed","Clash","Clash+1","Sword Boomerang","Rupture","Flex","Hemokinesis+1","Bandage Up","Clash+1","Rage"],"relics":["Burning Blood","NeowsBlessing","Vajra","Bag of Preparation","Fusion Hammer","Meat on the Bone","Tiny Chest","Mummified Hand","Anchor","Kunai","Centennial Puzzle"],"acts_visited":["Exordium","TheCity"],"potions_floor_usage":[11,28,33,33,33],"damage_taken":[{"damage":0,"enemies":"2 Louse","floor":1,"turns":1},{"damage":0,"enemies":"Jaw Worm","floor":4,"turns":1},{"damage":0,"enemies":"Lagavulin","floor":6,"turns":1},{"damage":0,"enemies":"Cultist","floor":8,"turns":2},{"damage":3,"enemies":"2 Fungi Beasts","floor":10,"turns":2},{"damage":16,"enemies":"Gremlin Nob","floor":11,"turns":3},{"damage":3,"enemies":"3 Louse","floor":14,"turns":2},{"damage":40,"enemies":"Hexaghost","floor":16,"turns":5},{"damage":3,"enemies":"Spheric Guardian","floor":18,"turns":1},{"damage":12,"enemies":"3 Byrds","floor":20,"turns":3},{"damage":22,"enemies":"Slavers","floor":24,"turns":3},{"damage":7,"enemies":"Cultist and Chosen","floor":25,"turns":4},{"damage":28,"enemies":"Centurion and Healer","floor":27,"turns":3},{"damage":7,"enemies":"Book of Stabbing","floor":28,"turns":3},{"damage":2,"enemies":"Snake Plant","floor":30,"turns":1},{"damage":2,"enemies":"Cultist and Chosen","floor":31,"turns":3},{"damage":106,"enemies":"Automaton","floor":33,"turns":6}],"seed_played":"8303576647527450407","potions_obtained":[{"floor":1,"key":"GamblersBrew"},{"floor":8,"key":"LiquidMemories"},{"floor":14,"key":"Ancient Potion"},{"floor":27,"key":"Block Potion"},{"floor":28,"key":"SpeedPotion"},{"floor":30,"key":"EssenceOfSteel"}],"is_trial":false,"path_per_floor":["M","?","?","M","$","E","R","M","T","M","E","R","?","M","R","B",null,"M","?","M","?","?","T","E","M","T","M","E","$","M","M","R","B"],"character_chosen":"IRONCLAD","items_purchased":["Cleave","Bandage Up","Kunai","Centennial Puzzle"],"campfire_rested":0,"item_purchase_floors":[5,29,29,29],"current_hp_per_floor":[80,64,69,75,75,81,81,85,85,85,75,75,75,78,78,44,75,78,78,75,75,75,75,62,61,61,54,65,65,69,73,73,0,0],"gold":137,"neow_bonus":"THREE_ENEMY_KILL","is_daily":false,"chose_seed":false,"campfire_upgraded":3,"win_rate":0.0,"timestamp":1613250301,"path_taken":["M","?","?","M","?","E","R","M","T","M","E","R","?","M","R","BOSS","M","?","?","?","?","?","E","M","T","M","E","?","M","M","R","BOSS"],"items_purchased_type":["Card","Card","Relic","Relic"],"build_version":"2020-12-22","purchased_purges":1,"victory":false,"max_hp_per_floor":[80,80,85,85,85,85,85,85,85,85,85,85,85,85,85,85,85,85,85,88,88,88,88,91,91,91,94,94,94,94,94,94,94,94],"card_choices":[{"not_picked":["Body Slam","Perfected Strike"],"picked":"Clash","floor":1},{"not_picked":["Hemokinesis","Wild Strike"],"picked":"Pommel Strike","floor":4},{"not_picked":["Searing Blow","Havoc"],"picked":"Bloodletting","floor":6},{"not_picked":["Feel No Pain","Flex"],"picked":"Bludgeon","floor":8},{"not_picked":["Twin Strike","Body Slam"],"picked":"Warcry","floor":10},{"not_picked":["Feel No Pain","Heavy Blade"],"picked":"Clash","floor":11},{"not_picked":["Feel No Pain","Heavy Blade"],"picked":"Warcry","floor":14},{"not_picked":["Immolate","Fiend Fire"],"picked":"Feed","floor":16},{"not_picked":["Heavy Blade","Shrug It Off"],"picked":"Clash","floor":18},{"not_picked":["Sever Soul+1","Intimidate"],"picked":"Sword Boomerang","floor":20},{"not_picked":["True Grit+1","Wild Strike+1","Reckless Charge"],"picked":"SKIP","floor":24},{"not_picked":["Dark Embrace","Flame Barrier"],"picked":"Rupture","floor":25},{"not_picked":["Second Wind+1","Dropkick"],"picked":"Flex","floor":27},{"not_picked":["Perfected Strike","Iron Wave"],"picked":"Hemokinesis+1","floor":28},{"not_picked":["Rage","Power Through"],"picked":"Clash+1","floor":30},{"not_picked":["Second Wind","Evolve"],"picked":"Rage","floor":31}],"player_experience":317214,"relics_obtained":[{"floor":6,"key":"Vajra"},{"floor":11,"key":"Bag of Preparation"},{"floor":23,"key":"Meat on the Bone"},{"floor":24,"key":"Tiny Chest"},{"floor":26,"key":"Mummified Hand"},{"floor":28,"key":"Anchor"}],"event_choices":[{"damage_healed":0,"gold_gain":0,"player_choice":"Entered Light","damage_taken":16,"max_hp_gain":0,"max_hp_loss":0,"event_name":"Shining Light","floor":2,"gold_loss":0,"cards_upgraded":["Defend_R","Strike_R"]},{"damage_healed":0,"gold_gain":0,"player_choice":"Donut","damage_taken":0,"max_hp_gain":5,"max_hp_loss":0,"event_name":"Big Fish","floor":3,"gold_loss":0},{"damage_healed":0,"gold_gain":0,"player_choice":"Ignored","damage_taken":0,"max_hp_gain":0,"max_hp_loss":0,"event_name":"Liars Game","floor":13,"gold_loss":0},{"damage_healed":0,"gold_gain":0,"player_choice":"Copied","damage_taken":0,"max_hp_gain":0,"max_hp_loss":0,"event_name":"Duplicator","floor":19,"gold_loss":0,"cards_obtained":["Clash"]},{"damage_healed":0,"gold_gain":99,"player_choice":"Stole From Cult","damage_taken":0,"max_hp_gain":0,"max_hp_loss":0,"event_name":"Nest","floor":21,"gold_loss":0},{"damage_healed":0,"gold_gain":0,"player_choice":"Simplicity","damage_taken":0,"max_hp_gain":0,"max_hp_loss":0,"event_name":"Back to Basics","floor":22,"gold_loss":0,"cards_upgraded":["Strike_R","Strike_R","Strike_R","Strike_R","Defend_R","Defend_R"]}],"is_beta":false,"boss_relics":[{"not_picked":["Pandora\u0027s Box","Black Blood"],"picked":"Fusion Hammer"}],"items_purged_floors":[5],"is_endless":false,"potions_floor_spawned":[1,8,14,27,28,30],"killed_by":"Automaton","ascension_level":5}}