{"host":"8ztb9kwpjc2zof9s","time":1613174934,"event":{"mods":["BaseMod","Block Reminder","Curses Come First","Minty Spire (QoL Compilation)","Relic Stats","StSLib"],"gold_per_floor":[115,126,51,51,51,51,81,100,100,120,120,120],"floor_reached":11,"language":"ENG","playtime":360,"items_purged":["Strike_G"],"score":152,"play_id":"3174a99b-ae5d-42ae-b4aa-978fa293b2ab","local_time":"20210212160854","is_ascension_mode":true,"campfire_choices":[{"data":"Neutralize","floor":6,"key":"SMITH"}],"circlet_count":0,"master_deck":["AscendersBane","Strike_G","Strike_G","Strike_G","Strike_G","Defend_G","Defend_G","Defend_G","Defend_G","Defend_G","Survivor","Neutralize+1","Backflip","Dagger Spray","Decay","Footwork+1","Cloak And Dagger"],"relics":["Ring of the Snake","NeowsBlessing","Frozen Egg 2","Bottled Flame"],"acts_visited":["Exordium"],"potions_floor_usage":[11,11],"damage_taken":[{"damage":0,"enemies":"Cultist","floor":1,"turns":1},{"damage":0,"enemies":"2 Louse","floor":2,"turns":1},{"damage":0,"enemies":"3 Sentries","floor":7,"turns":1},{"damage":0,"enemies":"Jaw Worm","floor":8,"turns":7},{"damage":10,"enemies":"3 Louse","floor":10,"turns":4},{"damage":58,"enemies":"Lagavulin","floor":11,"turns":19}],"seed_played":"2938124698942844651","potions_obtained":[{"floor":2,"key":"GhostInAJar"},{"floor":8,"key":"EssenceOfSteel"}],"is_trial":false,"path_per_floor":["M","M","$","?","$","R","E","M","T","M","E"],"character_chosen":"THE_SILENT","items_purchased":[],"campfire_rested":0,"item_purchase_floors":[],"current_hp_per_floor":[63,63,63,63,63,63,63,63,63,53,0,0],"gold":120,"neow_bonus":"THREE_ENEMY_KILL","is_daily":false,"chose_seed":false,"campfire_upgraded":1,"win_rate":0.0,"timestamp":1613174934,"path_taken":["M","M","$","?","$","R","E","M","T","M","E"],"items_purchased_type":[],"build_version":"2020-12-22","purchased_purges":1,"victory":false,"max_hp_per_floor":[70,70,70,70,70,70,70,70,70,70,70,70],"relic_stats":{"counters":[6,33],"obtain_stats":[{"Bottled Flame":9,"NeowsBlessing":0,"Frozen Egg 2":7,"Ring of the Snake":0},{"Bottled Flame":4,"NeowsBlessing":0,"Frozen Egg 2":3,"Ring of the Snake":0},{"Bottled Flame":10,"NeowsBlessing":0,"Frozen Egg 2":3,"Ring of the Snake":0}],"Ring of the Snake":[12]},"card_choices":[{"not_picked":["Prepared","Poisoned Stab"],"picked":"Backflip","floor":1},{"not_picked":["Dodge and Roll","Predator"],"picked":"Dagger Spray","floor":2},{"not_picked":["Reflex","Crippling Poison"],"picked":"Footwork+1","floor":7},{"not_picked":["Sucker Punch","Backstab","Distraction"],"picked":"SKIP","floor":8},{"not_picked":["Deflect","Slice"],"picked":"Cloak And Dagger","floor":10}],"player_experience":296450,"relics_obtained":[{"floor":7,"key":"Frozen Egg 2"},{"floor":9,"key":"Bottled Flame"}],"event_choices":[{"damage_healed":0,"gold_gain":0,"player_choice":"Cursed","damage_taken":0,"max_hp_gain":0,"max_hp_loss":0,"event_name":"Wheel of Change","floor":4,"gold_loss":0,"cards_obtained":["Decay"]}],"is_beta":false,"boss_relics":[],"items_purged_floors":[3],"is_endless":false,"potions_floor_spawned":[2,8,10],"killed_by":"Lagavulin","ascension_level":11}}