{"host":"c97twqu0op5dg8i4","time":1613257610,"event":{"mods":["AchievementEnabler","BaseMod","Colored Map","Minty Spire (QoL Compilation)","Permanent Neow"],"gold_per_floor":[365,378,50,70,81,81,81,56,56,56],"floor_reached":9,"language":"ENG","playtime":286,"items_purged":[],"score":85,"play_id":"fe954a26-39f2-4243-9fd0-8559ded7620a","local_time":"20210213180650","is_ascension_mode":true,"campfire_choices":[{"floor":6,"key":"REST"}],"circlet_count":0,"master_deck":["AscendersBane","Strike_G+1","Strike_G","Strike_G","Strike_G","Strike_G","Defend_G","Defend_G","Defend_G","Defend_G+1","Defend_G","Survivor","Neutralize","Deadly Poison","Leg Sweep","Escape Plan","Blade Dance"],"relics":["Ring of the Snake","Toy Ornithopter"],"acts_visited":["Exordium"],"potions_floor_usage":[],"damage_taken":[{"damage":9,"enemies":"Jaw Worm","floor":1,"turns":5},{"damage":0,"enemies":"Small Slimes","floor":2,"turns":6},{"damage":0,"enemies":"2 Louse","floor":4,"turns":4},{"damage":14,"enemies":"Exordium Thugs","floor":5,"turns":7},{"damage":4,"enemies":"3 Sentries","floor":9,"turns":2}],"seed_played":"1830462563424993872","potions_obtained":[{"floor":4,"key":"DuplicationPotion"}],"is_trial":false,"path_per_floor":["M","M","$","M","M","R","?","$","E"],"character_chosen":"THE_SILENT","items_purchased":["Leg Sweep","Toy Ornithopter","GhostInAJar","Blade Dance"],"campfire_rested":1,"item_purchase_floors":[3,3,3,8],"current_hp_per_floor":[36,36,36,36,22,43,29,29,25,25],"gold":56,"neow_bonus":"TWO_FIFTY_GOLD","is_daily":false,"chose_seed":false,"campfire_upgraded":0,"win_rate":0.0,"timestamp":1613257610,"path_taken":["M","M","$","M","M","R","?","$","E"],"items_purchased_type":["Card","Relic","Potion","Card"],"build_version":"2020-12-22","purchased_purges":0,"victory":false,"max_hp_per_floor":[70,70,70,70,70,70,70,70,70,70],"card_choices":[{"not_picked":["Bane","Outmaneuver"],"picked":"Deadly Poison","floor":1},{"not_picked":["Flying Knee","Prepared","Predator"],"picked":"SKIP","floor":2},{"not_picked":["Cloak And Dagger","Bullet Time"],"picked":"Escape Plan","floor":4},{"not_picked":["Concentrate","Outmaneuver","Terror"],"picked":"SKIP","floor":5}],"player_experience":405367,"relics_obtained":[],"event_choices":[{"damage_healed":0,"gold_gain":0,"player_choice":"Entered Light","damage_taken":14,"max_hp_gain":0,"max_hp_loss":0,"event_name":"Shining Light","floor":7,"gold_loss":0,"cards_upgraded":["Strike_G","Defend_G"]}],"is_beta":false,"boss_relics":[],"items_purged_floors":[],"is_endless":false,"potions_floor_spawned":[4,5],"killed_by":"3 Sentries","ascension_level":12}}