{"host":"sc0o2qwpf9j16a4i","time":1613223837,"event":{"mods":["AchievementEnabler","BaseMod","BetterRewards","Block Reminder","Colored Map","Colored Powertips","Custom Start","Highlight Path","Minty Spire (QoL Compilation)","Relic Stats"],"gold_per_floor":[113,127,127,140,140,166,235,271,271,271,336,336,336,369,369,519,519,533,637,704,619,619,619,645,645,645,645,744,761,786,820,820,921,971,1011,1011,1091,1134,803,835,795,885,932,1004,1004,1076,1076,1147,1147,1147],"floor_reached":51,"language":"ENG","playtime":2516,"items_purged":["Thunder Strike"],"score":1180,"play_id":"f9861fbd-ca3d-4a82-8ee9-865103b3d142","local_time":"20210213154357","daily_mods":["Shiny","Blue Cards","Night Terrors"],"is_ascension_mode":false,"campfire_choices":[{"data":"Buffer","floor":10,"key":"SMITH"},{"floor":12,"key":"REST"},{"data":"Omniscience","floor":15,"key":"SMITH"},{"floor":23,"key":"REST"},{"data":"Wish","floor":25,"key":"SMITH"},{"data":"SpiritShield","floor":27,"key":"SMITH"},{"data":"Blasphemy","floor":32,"key":"SMITH"},{"data":"BattleHymn","floor":45,"key":"SMITH"},{"data":"Seek","floor":49,"key":"SMITH"}],"circlet_count":0,"master_deck":["Hyperbeam+1","Biased Cognition","Machine Learning","Electrodynamics+1","Buffer+1","Rainbow","Seek+1","Meteor Strike","Echo Form+1","Reboot+1","Amplify","Creative AI","Fission","Core Surge","Judgement","ConjureBlade","MasterReality","Brilliance","Devotion","Blasphemy+1","Ragnarok+1","LessonLearned","Scrawl+1","Vault","Alpha+1","Wish+1","Omniscience+1","Establishment+1","SpiritShield+1","DevaForm","DeusExMachina+1","Protect","Consecrate","Ball Lightning","Conserve Battery+1","Conserve Battery","Wallop","Amplify+1","Core Surge","CurseOfTheBell","Genetic Algorithm+1","DeceiveReality","Devotion","CarveReality","SpiritShield+1","Sanctity","DeusExMachina+1","Protect+1","BattleHymn+1","LikeWater","Protect","Parasite","LikeWater+1","CutThroughFate+1","Stack+1"],"relics":["PureWater","Thread and Needle","Blood Vial","White Beast Statue","Kunai","CloakClasp","Calling Bell","War Paint","Question Card","Calipers","Red Mask","MealTicket","TeardropLocket","Bottled Tornado","Oddly Smooth Stone","Yang","Tiny House","Membership Card","Mummified Hand","FossilizedHelix","Akabeko","Regal Pillow"],"acts_visited":["Exordium","TheCity","TheBeyond"],"potions_floor_usage":[33,38,46,50],"damage_taken":[{"damage":5,"enemies":"Small Slimes","floor":1,"turns":2},{"damage":0,"enemies":"Cultist","floor":2,"turns":3},{"damage":0,"enemies":"2 Louse","floor":4,"turns":2},{"damage":0,"enemies":"Lagavulin","floor":6,"turns":3},{"damage":0,"enemies":"Large Slime","floor":7,"turns":4},{"damage":6,"enemies":"Looter","floor":8,"turns":4},{"damage":14,"enemies":"Red Slaver","floor":11,"turns":4},{"damage":0,"enemies":"Gremlin Nob","floor":14,"turns":5},{"damage":0,"enemies":"Slime Boss","floor":16,"turns":10},{"damage":11,"enemies":"3 Byrds","floor":18,"turns":3},{"damage":26,"enemies":"Masked Bandits","floor":19,"turns":5},{"damage":0,"enemies":"Chosen","floor":20,"turns":5},{"damage":0,"enemies":"Book of Stabbing","floor":24,"turns":6},{"damage":0,"enemies":"Snake Plant","floor":29,"turns":5},{"damage":19,"enemies":"Slavers","floor":31,"turns":7},{"damage":0,"enemies":"Collector","floor":33,"turns":9},{"damage":4,"enemies":"Orb Walker","floor":35,"turns":4},{"damage":20,"enemies":"3 Darklings","floor":37,"turns":6},{"damage":0,"enemies":"Transient","floor":38,"turns":6},{"damage":0,"enemies":"Giant Head","floor":40,"turns":8},{"damage":0,"enemies":"Nemesis","floor":42,"turns":6},{"damage":0,"enemies":"Writhing Mass","floor":44,"turns":6},{"damage":7,"enemies":"Spire Growth","floor":46,"turns":4},{"damage":6,"enemies":"Transient","floor":48,"turns":5},{"damage":0,"enemies":"Time Eater","floor":50,"turns":7}],"seed_played":"8411593737412112825","potions_obtained":[{"floor":1,"key":"EssenceOfSteel"},{"floor":6,"key":"Regen Potion"},{"floor":7,"key":"CultistPotion"},{"floor":11,"key":"PowerPotion"},{"floor":14,"key":"SteroidPotion"},{"floor":20,"key":"StancePotion"},{"floor":33,"key":"AttackPotion"},{"floor":38,"key":"BlessingOfTheForge"},{"floor":46,"key":"Explosive Potion"}],"is_trial":true,"path_per_floor":["M","M","?","M","?","E","M","M","T","R","M","R","T","E","R","B",null,"M","?","M","?","?","R","E","R","T","R","?","M","T","E","R","B",null,"M","?","M","M","$","E","?","E","T","M","R","M","?","M","R","B",null],"character_chosen":"WATCHER","items_purchased":["Membership Card","Mummified Hand","LikeWater"],"campfire_rested":2,"item_purchase_floors":[39,39,39],"current_hp_per_floor":[67,67,34,34,34,34,36,32,32,32,20,67,67,67,67,67,67,56,32,34,34,34,62,62,62,62,62,62,62,62,43,43,45,67,63,63,45,47,62,64,64,66,66,67,67,60,60,56,56,58],"gold":1147,"neow_bonus":"","is_daily":false,"chose_seed":false,"campfire_upgraded":7,"win_rate":0.0,"timestamp":1613223837,"path_taken":["M","M","?","M","?","E","M","M","T","R","?","R","?","E","R","BOSS","M","?","M","?","?","R","E","R","T","R","?","M","?","E","R","BOSS","M","?","?","M","$","E","?","E","T","?","R","M","?","M","R","BOSS"],"items_purchased_type":["Relic","Relic","Card"],"build_version":"2020-12-22","purchased_purges":1,"victory":true,"max_hp_per_floor":[72,72,72,72,72,72,72,72,72,72,72,67,67,67,67,67,67,67,67,67,67,67,62,62,62,62,62,62,62,62,62,62,62,67,67,67,67,67,67,67,67,67,67,67,67,67,67,67,67,67],"relic_stats":{"Blood Vial":25,"Regal Pillow":0,"counters":[25,129],"Mummified Hand":[105],"MealTicket":15,"Yang":[76],"CloakClasp":[341],"Kunai":[17],"War Paint":["Reboot","Conserve Battery"],"Question Card":16,"obtain_stats":[{"Regal Pillow":43,"Calipers":17,"Tiny House":34,"Oddly Smooth Stone":30,"Thread and Needle":3,"Yang":31,"CloakClasp":14,"TeardropLocket":24,"War Paint":17,"Bottled Tornado":26,"Question Card":17,"White Beast Statue":9,"Akabeko":42,"Blood Vial":6,"Calling Bell":17,"Mummified Hand":39,"MealTicket":21,"Red Mask":19,"Kunai":13,"Membership Card":39,"PureWater":0,"FossilizedHelix":40},{"Regal Pillow":21,"Calipers":9,"Tiny House":16,"Oddly Smooth Stone":14,"Thread and Needle":2,"Yang":15,"CloakClasp":8,"TeardropLocket":13,"War Paint":9,"Bottled Tornado":13,"Question Card":9,"White Beast Statue":6,"Akabeko":21,"Blood Vial":4,"Calling Bell":9,"Mummified Hand":19,"MealTicket":12,"Red Mask":11,"Kunai":7,"Membership Card":19,"PureWater":0,"FossilizedHelix":20},{"Regal Pillow":107,"Calipers":37,"Tiny House":77,"Oddly Smooth Stone":61,"Thread and Needle":5,"Yang":68,"CloakClasp":27,"TeardropLocket":56,"War Paint":37,"Bottled Tornado":56,"Question Card":37,"White Beast Statue":18,"Akabeko":107,"Blood Vial":10,"Calling Bell":37,"Mummified Hand":93,"MealTicket":50,"Red Mask":45,"Kunai":22,"Membership Card":93,"PureWater":0,"FossilizedHelix":101}]},"card_choices":[{"not_picked":["Blizzard","FlyingSleeves"],"picked":"Protect","floor":1},{"not_picked":["SashWhip","EmptyBody"],"picked":"Consecrate","floor":2},{"not_picked":["Tantrum","JustLucky","Ball Lightning"],"picked":"SKIP","floor":4},{"not_picked":["Crescendo","Chaos"],"picked":"Conserve Battery","floor":6},{"not_picked":["Go for the Eyes","Vengeance","Streamline"],"picked":"SKIP","floor":7},{"not_picked":["All For One","Beam Cell"],"picked":"Conserve Battery","floor":8},{"not_picked":["Protect","Melter"],"picked":"Wallop","floor":11},{"not_picked":["Lockon","Redo"],"picked":"Amplify","floor":14},{"not_picked":["Devotion","Electrodynamics"],"picked":"Core Surge","floor":16},{"not_picked":["Compile Driver+1","Coolheaded+1","Vengeance+1"],"picked":"Genetic Algorithm","floor":18},{"not_picked":["Prostrate","Cold Snap","Glacier"],"picked":"DeceiveReality","floor":20},{"not_picked":["Steam+1","FlurryOfBlows","Leap"],"picked":"Devotion","floor":24},{"not_picked":["SashWhip","FTL","Rebound","Steam"],"picked":"SKIP","floor":29},{"not_picked":["LessonLearned","Turbo","Auto Shields"],"picked":"CarveReality","floor":31},{"not_picked":["Electrodynamics","Ragnarok","MasterReality"],"picked":"SpiritShield","floor":33},{"not_picked":["Leap","FollowUp","Compile Driver+1"],"picked":"Sanctity","floor":34},{"not_picked":["Consume+1","FlyingSleeves","Gash+1","SignatureMove+1"],"picked":"SKIP","floor":35},{"not_picked":["Creative AI","Genetic Algorithm","Evaluate"],"picked":"Protect+1","floor":37},{"not_picked":["FTL","Indignation","Protect"],"picked":"BattleHymn","floor":38},{"not_picked":["JustLucky","EmptyMind","Double Energy"],"picked":"Protect","floor":40},{"not_picked":["SashWhip+1","White Noise","JustLucky+1","FollowUp"],"picked":"SKIP","floor":42},{"not_picked":["SashWhip+1","EmptyMind","Go for the Eyes+1"],"picked":"LikeWater+1","floor":44},{"not_picked":["Sweeping Beam+1","Rainbow","Halt"],"picked":"CutThroughFate+1","floor":46},{"not_picked":["Redo+1","SandsOfTime","InnerPeace+1"],"picked":"Stack+1","floor":48}],"player_experience":1397919,"relics_obtained":[{"floor":6,"key":"Blood Vial"},{"floor":9,"key":"White Beast Statue"},{"floor":13,"key":"Kunai"},{"floor":14,"key":"CloakClasp"},{"floor":17,"key":"War Paint"},{"floor":17,"key":"Question Card"},{"floor":17,"key":"Calipers"},{"floor":19,"key":"Red Mask"},{"floor":24,"key":"TeardropLocket"},{"floor":26,"key":"Bottled Tornado"},{"floor":30,"key":"Oddly Smooth Stone"},{"floor":31,"key":"Yang"},{"floor":40,"key":"FossilizedHelix"},{"floor":42,"key":"Akabeko"},{"floor":43,"key":"Regal Pillow"}],"event_choices":[{"damage_healed":0,"gold_gain":0,"player_choice":"Success","damage_taken":33,"relics_obtained":["Thread and Needle"],"max_hp_gain":0,"max_hp_loss":0,"event_name":"Scrap Ooze","floor":3,"gold_loss":0},{"damage_healed":0,"gold_gain":0,"cards_transformed":["Multi-Cast"],"player_choice":"Transformed","damage_taken":0,"max_hp_gain":0,"max_hp_loss":0,"event_name":"Transmorgrifier","floor":5,"gold_loss":0,"cards_obtained":["Ball Lightning"]},{"damage_healed":0,"gold_gain":0,"player_choice":"Fought Bandits","damage_taken":0,"max_hp_gain":0,"max_hp_loss":0,"event_name":"Masked Bandits","floor":19,"gold_loss":0},{"damage_healed":0,"gold_gain":0,"player_choice":"Obtained Relic","damage_taken":0,"relics_obtained":["MealTicket"],"max_hp_gain":0,"max_hp_loss":0,"event_name":"Addict","floor":21,"gold_loss":85},{"cards_removed":["All For One"],"damage_healed":0,"gold_gain":0,"player_choice":"Elegance","damage_taken":0,"max_hp_gain":0,"max_hp_loss":0,"event_name":"Back to Basics","floor":22,"gold_loss":0},{"damage_healed":0,"gold_gain":99,"player_choice":"Stole From Cult","damage_taken":0,"max_hp_gain":0,"max_hp_loss":0,"event_name":"Nest","floor":28,"gold_loss":0},{"damage_healed":0,"gold_gain":0,"player_choice":"Copied","damage_taken":0,"max_hp_gain":0,"max_hp_loss":0,"event_name":"Duplicator","floor":36,"gold_loss":0,"cards_obtained":["DeusExMachina"]},{"damage_healed":0,"gold_gain":0,"player_choice":"Upgraded Two","damage_taken":0,"max_hp_gain":0,"max_hp_loss":0,"event_name":"Designer","floor":41,"gold_loss":40,"cards_upgraded":["Genetic Algorithm","Amplify"]},{"damage_healed":0,"gold_gain":0,"player_choice":"Upgraded","damage_taken":0,"max_hp_gain":0,"max_hp_loss":0,"event_name":"Upgrade Shrine","floor":47,"gold_loss":0,"cards_upgraded":["Establishment"]}],"is_beta":false,"boss_relics":[{"not_picked":["Runic Dome","Astrolabe"],"picked":"Calling Bell"},{"not_picked":["VioletLotus","Empty Cage"],"picked":"Tiny House"}],"items_purged_floors":[39],"is_endless":false,"potions_floor_spawned":[1,6,7,8,11,14,16,18,19,20,24,29,31,33,35,37,38,40,42,44,46,48],"ascension_level":0}}