{"host":"p0hktren06injwdf","time":1613181288,"event":{"mods":["AchievementEnabler","BaseMod","Colored Map","DeckTracker","Minty Spire (QoL Compilation)","Permanent Neow","StSLib","SuperFastMode"],"gold_per_floor":[115,127,87,97,97,129,141,141,217,22,351,351,229,248,248,325,325,338,351,370,241,241,241,272,272,272,272,140,140,155,173,173,252,252,272,85,101,101,117,117,136,166,166,198,218,218,243,268,268,268,268,268,268,39,64,64],"floor_reached":57,"language":"KOR","playtime":2054,"items_purged":["Strike_B","Strike_B","Strike_B","Defend_B","Defend_B"],"score":2794,"play_id":"86f72dec-10f3-402f-a9c5-ac22ea43afff","local_time":"20210213105447","is_ascension_mode":true,"campfire_choices":[{"data":"Zap","floor":8,"key":"SMITH"},{"data":"Loop","floor":15,"key":"SMITH"},{"data":"Consume","floor":23,"key":"SMITH"},{"floor":25,"key":"REST"},{"floor":29,"key":"REST"},{"data":"Stack","floor":32,"key":"SMITH"},{"data":"Biased Cognition","floor":40,"key":"SMITH"},{"floor":46,"key":"RECALL"},{"data":"Coolheaded","floor":49,"key":"SMITH"},{"data":"Chill","floor":53,"key":"SMITH"}],"circlet_count":0,"master_deck":["AscendersBane","Defend_B","Defend_B","Zap+1","Dualcast","Compile Driver+1","Defragment+1","Loop+1","Self Repair","Ball Lightning+1","Coolheaded+1","Chill+1","Stack+1","Core Surge","Genetic Algorithm+1","Compile Driver","Consume+1","Core Surge","Hologram+1","Capacitor","Conserve Battery+1","Reboot+1","Biased Cognition+1","Hologram+1","Glacier+1","Conserve Battery+1","White Noise+1","Glacier+1","Heatsinks+1","Coolheaded+1","Defragment","Barrage","Fission+1"],"relics":["Cracked Core","Pocketwatch","Turnip","White Beast Statue","Membership Card","Old Coin","Bag of Preparation","Inserter","OrangePellets","Nunchaku","Toxic Egg 2","Runic Dome","Pen Nib","Art of War","Whetstone","Gambling Chip","ClockworkSouvenir","Ginger"],"acts_visited":["Exordium","TheCity","TheBeyond","TheEnding"],"potions_floor_usage":[5,7,11,24,24,33,56,56],"damage_taken":[{"damage":1,"enemies":"Cultist","floor":1,"turns":3},{"damage":3,"enemies":"Small Slimes","floor":2,"turns":4},{"damage":7,"enemies":"Jaw Worm","floor":4,"turns":4},{"damage":7,"enemies":"Exordium Wildlife","floor":5,"turns":2},{"damage":25,"enemies":"3 Sentries","floor":6,"turns":7},{"damage":6,"enemies":"3 Louse","floor":7,"turns":3},{"damage":11,"enemies":"Gremlin Nob","floor":11,"turns":3},{"damage":4,"enemies":"Blue Slaver","floor":14,"turns":3},{"damage":1,"enemies":"Hexaghost","floor":16,"turns":8},{"damage":14,"enemies":"Shell Parasite","floor":18,"turns":7},{"damage":8,"enemies":"Chosen","floor":19,"turns":5},{"damage":4,"enemies":"Sentry and Sphere","floor":20,"turns":6},{"damage":30,"enemies":"Slavers","floor":24,"turns":6},{"damage":12,"enemies":"Centurion and Healer","floor":30,"turns":7},{"damage":15,"enemies":"Snecko","floor":31,"turns":4},{"damage":25,"enemies":"Collector","floor":33,"turns":9},{"damage":3,"enemies":"3 Shapes","floor":35,"turns":4},{"damage":3,"enemies":"Orb Walker","floor":37,"turns":3},{"damage":5,"enemies":"Sphere and 2 Shapes","floor":39,"turns":6},{"damage":0,"enemies":"Transient","floor":41,"turns":6},{"damage":11,"enemies":"Reptomancer","floor":42,"turns":8},{"damage":0,"enemies":"Giant Head","floor":44,"turns":10},{"damage":2,"enemies":"Maw","floor":45,"turns":7},{"damage":0,"enemies":"Nemesis","floor":47,"turns":7},{"damage":0,"enemies":"Mind Bloom Boss Battle","floor":48,"turns":6},{"damage":18,"enemies":"Time Eater","floor":50,"turns":10},{"damage":9,"enemies":"Donu and Deca","floor":51,"turns":10},{"damage":9,"enemies":"Shield and Spear","floor":55,"turns":12},{"damage":11,"enemies":"The Heart","floor":56,"turns":11}],"seed_played":"3467113515338781828","potions_obtained":[{"floor":1,"key":"SneckoOil"},{"floor":2,"key":"SmokeBomb"},{"floor":6,"key":"Fire Potion"},{"floor":7,"key":"SneckoOil"},{"floor":11,"key":"AttackPotion"},{"floor":14,"key":"Swift Potion"},{"floor":24,"key":"SmokeBomb"},{"floor":30,"key":"Dexterity Potion"},{"floor":31,"key":"PowerPotion"},{"floor":33,"key":"BlessingOfTheForge"},{"floor":35,"key":"LiquidBronze"},{"floor":55,"key":"Strength Potion"}],"is_trial":false,"path_per_floor":["M","M","$","M","M","E","M","R","T","$","E","?","$","M","R","B",null,"M","M","M","$","?","R","E","R","T","?","$","R","M","M","R","B",null,"M","$","M","?","M","R","M","E","T","E","M","R","E","?","R","B","B",null,"R","$","E","B",null],"character_chosen":"DEFECT","items_purchased":["Defragment","Membership Card","Coolheaded","Bag of Preparation","OrangePellets","Hologram+1","Capacitor","Biased Cognition","Hologram+1","Defragment","Barrage","ClockworkSouvenir"],"campfire_rested":2,"item_purchase_floors":[3,10,10,13,21,28,28,36,36,54,54,54],"current_hp_per_floor":[63,60,60,53,46,21,22,22,22,22,18,18,18,21,21,20,53,46,45,48,48,31,31,1,21,21,21,21,41,36,28,28,10,54,58,58,55,55,57,57,64,60,60,67,69,69,69,69,69,65,63,68,68,68,66,62],"gold":64,"neow_bonus":"ONE_RARE_RELIC","is_daily":false,"chose_seed":false,"campfire_upgraded":7,"win_rate":0.0,"timestamp":1613181287,"path_taken":["M","M","$","M","?","E","M","R","T","?","E","?","$","M","R","BOSS","M","M","M","$","?","R","E","R","T","?","$","R","M","M","R","BOSS","M","$","M","?","M","R","M","E","T","E","M","R","E","?","R","BOSS","BOSS","R","$","E","BOSS"],"items_purchased_type":["Card","Relic","Card","Relic","Relic","Card","Card","Card","Card","Card","Card","Relic"],"build_version":"2020-12-22","purchased_purges":5,"victory":true,"max_hp_per_floor":[64,64,64,64,64,64,64,64,64,64,64,64,64,64,64,64,64,64,64,64,64,69,69,69,69,69,69,69,69,69,69,69,69,69,69,69,69,69,69,69,69,69,69,69,69,69,69,69,69,69,69,69,69,69,69,69],"card_choices":[{"not_picked":["Recycle","Steam Power","Scrape"],"picked":"SKIP","floor":1},{"not_picked":["Undo","Aggregate"],"picked":"Compile Driver","floor":2},{"not_picked":["Redo","Chaos"],"picked":"Loop","floor":4},{"not_picked":["Rip and Tear","Ball Lightning"],"picked":"Self Repair","floor":6},{"not_picked":["Streamline","Hello World"],"picked":"Ball Lightning","floor":7},{"not_picked":["Amplify","Double Energy"],"picked":"Chill","floor":11},{"not_picked":["Chill","Go for the Eyes"],"picked":"Stack","floor":14},{"not_picked":["Reboot","All For One"],"picked":"Core Surge","floor":16},{"not_picked":["Rebound","Steam"],"picked":"Genetic Algorithm+1","floor":18},{"not_picked":["Sweeping Beam","Streamline"],"picked":"Compile Driver","floor":19},{"not_picked":["Double Energy","Tempest"],"picked":"Consume","floor":20},{"not_picked":["Recycle","Leap"],"picked":"Core Surge","floor":24},{"not_picked":["Sunder","Gash","Streamline"],"picked":"SKIP","floor":30},{"not_picked":["Barrage","Compile Driver"],"picked":"Conserve Battery+1","floor":31},{"not_picked":["Machine Learning","Thunder Strike"],"picked":"Reboot+1","floor":33},{"not_picked":["Redo+1","Streamline","Fusion+1"],"picked":"SKIP","floor":35},{"not_picked":["Stack+1","Turbo+1"],"picked":"Glacier+1","floor":37},{"not_picked":["Hologram+1","Ball Lightning"],"picked":"Conserve Battery+1","floor":39},{"not_picked":["Go for the Eyes","Turbo+1","Rebound+1"],"picked":"SKIP","floor":41},{"not_picked":["Compile Driver","Heatsinks"],"picked":"White Noise+1","floor":42},{"not_picked":["Go for the Eyes","Cold Snap","Sweeping Beam"],"picked":"SKIP","floor":44},{"not_picked":["Thunder Strike","Sweeping Beam"],"picked":"Glacier+1","floor":45},{"not_picked":["Steam Power+1","Go for the Eyes"],"picked":"Heatsinks+1","floor":47},{"not_picked":["Hologram+1","Compile Driver"],"picked":"Coolheaded+1","floor":48},{"not_picked":["Redo+1","Turbo+1"],"picked":"Fission+1","floor":55}],"player_experience":1037117,"relics_obtained":[{"floor":6,"key":"Turnip"},{"floor":9,"key":"White Beast Statue"},{"floor":11,"key":"Old Coin"},{"floor":24,"key":"Nunchaku"},{"floor":26,"key":"Toxic Egg 2"},{"floor":42,"key":"Pen Nib"},{"floor":44,"key":"Art of War"},{"floor":47,"key":"Whetstone"},{"floor":48,"key":"Gambling Chip"},{"floor":55,"key":"Ginger"}],"event_choices":[{"damage_healed":0,"gold_gain":0,"player_choice":"Grow","damage_taken":0,"max_hp_gain":0,"max_hp_loss":0,"event_name":"Living Wall","floor":12,"gold_loss":0,"cards_upgraded":["Defragment"]},{"damage_healed":0,"gold_gain":0,"player_choice":"Shed Blood","damage_taken":22,"max_hp_gain":5,"max_hp_loss":0,"event_name":"Forgotten Altar","floor":22,"gold_loss":0},{"cards_removed":["Strike_B"],"damage_healed":0,"gold_gain":0,"player_choice":"Elegance","damage_taken":0,"max_hp_gain":0,"max_hp_loss":0,"event_name":"Back to Basics","floor":27,"gold_loss":0},{"damage_healed":0,"gold_gain":0,"player_choice":"Memory 1","damage_taken":0,"max_hp_gain":0,"max_hp_loss":0,"event_name":"SensoryStone","floor":38,"gold_loss":0},{"damage_healed":0,"gold_gain":0,"player_choice":"Fight","damage_taken":0,"max_hp_gain":0,"max_hp_loss":0,"event_name":"MindBloom","floor":48,"gold_loss":0}],"is_beta":false,"boss_relics":[{"not_picked":["Sozu","Fusion Hammer"],"picked":"Inserter"},{"not_picked":["Astrolabe","Tiny House"],"picked":"Runic Dome"}],"items_purged_floors":[13,21,28,36,54],"is_endless":false,"potions_floor_spawned":[1,2,6,7,11,14,16,18,19,20,24,30,31,33,35,37,39,41,42,44,45,47,48,55],"ascension_level":20}}