{"host":"86nc795wsqxyrbm0","time":1613178227,"event":{"mods":["AchievementEnabler","BaseMod","Colored Map","Minty Spire (QoL Compilation)","StSLib"],"gold_per_floor":[114,114,128,144,160,194,211,211,234,234,107,107,117,151,151,256,256,273,273,283,283,300,331,331,331,355,373,392,122,152,164,164,263,263,274,290,301,81,97,97,108,108,108,108,136,0,0,0,0,0,0],"floor_reached":50,"language":"ENG","playtime":2618,"items_purged":["Strike_G","Strike_G"],"score":769,"play_id":"27e3bdd1-a38c-4d92-8d8b-8812151ae2bb","local_time":"20210213010347","is_ascension_mode":true,"campfire_choices":[{"floor":8.0,"key":"REST"},{"floor":10.0,"key":"REST"},{"data":"Accuracy","floor":15.0,"key":"SMITH"},{"floor":25.0,"key":"REST"},{"floor":32.0,"key":"REST"},{"floor":40,"key":"REST"},{"floor":42,"key":"REST"},{"floor":49,"key":"REST"}],"circlet_count":0,"master_deck":["Strike_G","Strike_G+1","Defend_G","Defend_G","Defend_G","Defend_G+1","Defend_G","Survivor","Neutralize","Backflip+1","Accuracy","Backstab","Blade Dance","Accuracy+1","Infinite Blades","Cloak And Dagger","Blur","Escape Plan","After Image","Blade Dance+1","Deflect+1","RitualDagger","Infinite Blades","Cloak And Dagger","Accuracy","Corpse Explosion","Finisher+1","Blade Dance+1","Terror","Footwork"],"relics":["Ring of the Snake","Tiny Chest","Omamori","Regal Pillow","Fusion Hammer","Necronomicon","Potion Belt","Question Card","Lantern","PreservedInsect","Philosopher\u0027s Stone","War Paint","Pantograph","Vajra","Ancient Tea Set","Red Mask"],"acts_visited":["Exordium","TheCity","TheBeyond"],"potions_floor_usage":[36,50,50,50],"damage_taken":[{"damage":0.0,"enemies":"Small Slimes","floor":1.0,"turns":4.0},{"damage":0.0,"enemies":"2 Louse","floor":3.0,"turns":4.0},{"damage":0.0,"enemies":"Jaw Worm","floor":4.0,"turns":4.0},{"damage":25.0,"enemies":"Gremlin Gang","floor":5.0,"turns":8.0},{"damage":15.0,"enemies":"Gremlin Nob","floor":6.0,"turns":4.0},{"damage":6.0,"enemies":"Lots of Slimes","floor":7.0,"turns":5.0},{"damage":5.0,"enemies":"Exordium Thugs","floor":13.0,"turns":3.0},{"damage":5.0,"enemies":"Lagavulin","floor":14.0,"turns":7.0},{"damage":15.0,"enemies":"Slime Boss","floor":16.0,"turns":11.0},{"damage":2.0,"enemies":"Spheric Guardian","floor":18.0,"turns":3.0},{"damage":3.0,"enemies":"Shell Parasite","floor":20.0,"turns":4.0},{"damage":3.0,"enemies":"Centurion and Healer","floor":22.0,"turns":4.0},{"damage":17.0,"enemies":"Gremlin Leader","floor":23.0,"turns":9.0},{"damage":10.0,"enemies":"Sentry and Sphere","floor":27.0,"turns":4.0},{"damage":3.0,"enemies":"Snecko","floor":28.0,"turns":3.0},{"damage":9.0,"enemies":"Slavers","floor":30.0,"turns":4.0},{"damage":0.0,"enemies":"3 Cultists","floor":31.0,"turns":5.0},{"damage":16.0,"enemies":"Collector","floor":33.0,"turns":7.0},{"damage":0,"enemies":"Orb Walker","floor":35,"turns":3},{"damage":17,"enemies":"3 Darklings","floor":36,"turns":5},{"damage":18,"enemies":"Transient","floor":37,"turns":5},{"damage":11,"enemies":"4 Shapes","floor":39,"turns":5},{"damage":0,"enemies":"Maw","floor":41,"turns":5},{"damage":0,"enemies":"Giant Head","floor":45,"turns":5},{"damage":84,"enemies":"Awakened One","floor":50,"turns":5}],"seed_played":"-4915117927809268509","potions_obtained":[{"floor":4.0,"key":"Swift Potion"},{"floor":5.0,"key":"Poison Potion"},{"floor":6.0,"key":"GamblersBrew"},{"floor":7.0,"key":"AttackPotion"},{"floor":14.0,"key":"PowerPotion"},{"floor":18.0,"key":"Weak Potion"},{"floor":22.0,"key":"BlessingOfTheForge"},{"floor":27.0,"key":"SteroidPotion"},{"floor":31.0,"key":"SneckoOil"},{"floor":33.0,"key":"FearPotion"},{"floor":45,"key":"Fire Potion"}],"is_trial":false,"path_per_floor":["M","?","M","M","M","E","M","R","T","R","$","?","M","E","R","B",null,"M","?","M","?","M","E","T","R","T","M","M","$","E","M","R","B",null,"M","M","M","$","M","R","M","R","T","T","E","?","?","$","R","B"],"character_chosen":"THE_SILENT","items_purchased":["Cloak And Dagger","Accuracy","Block Potion","Swift Potion","War Paint","Terror"],"campfire_rested":7,"item_purchase_floors":[11,29,29,29,38,38],"current_hp_per_floor":[70,55,55,55,30,15,9,32,32,55,55,48,43,38,38,23,64,62,46,43,37,34,17,17,55,55,45,42,42,33,33,71,55,72,72,55,37,37,26,64,64,77,77,77,77,77,73,73,73,0,0],"gold":0,"neow_bonus":"TEN_PERCENT_HP_BONUS","is_daily":false,"chose_seed":false,"campfire_upgraded":1,"win_rate":0.0,"timestamp":1613178227,"path_taken":["M","?","M","M","M","E","M","R","T","R","$","?","M","E","R","BOSS","M","?","M","?","M","E","?","R","T","M","M","$","E","?","R","BOSS","M","M","?","$","?","R","M","R","T","?","E","?","?","?","R","BOSS"],"items_purchased_type":["Card","Card","Potion","Potion","Relic","Card"],"build_version":"2020-12-22","purchased_purges":2,"victory":false,"max_hp_per_floor":[77,77,77,77,77,77,77,77,77,77,77,77,77,77,77,77,77,77,77,77,77,77,77,77,77,77,77,77,77,77,77,77,77,77,77,77,77,77,77,77,77,77,77,77,77,77,73,73,73,73,73],"card_choices":[{"not_picked":["Flying Knee","Dodge and Roll"],"picked":"Backflip","floor":1.0},{"not_picked":["Deflect","Bane"],"picked":"Accuracy","floor":3.0},{"not_picked":["Bouncing Flask","Prepared"],"picked":"Backstab","floor":4.0},{"not_picked":["Slice","Dagger Throw"],"picked":"Blade Dance","floor":5.0},{"not_picked":["Finisher","Eviscerate"],"picked":"Accuracy","floor":6.0},{"not_picked":["PiercingWail","Doppelganger"],"picked":"Infinite Blades","floor":7.0},{"not_picked":["Poisoned Stab","Deflect"],"picked":"Blur","floor":13.0},{"not_picked":["Glass Knife","Endless Agony"],"picked":"Escape Plan","floor":14.0},{"not_picked":["Grand Finale","Doppelganger"],"picked":"After Image","floor":16.0},{"not_picked":["Deflect","Slice+1"],"picked":"Blade Dance","floor":18.0},{"not_picked":["Flechettes+1","Flying Knee+1"],"picked":"Deflect+1","floor":20.0},{"not_picked":["Flying Knee","Skewer","Slice"],"picked":"SKIP","floor":22.0},{"not_picked":["Leg Sweep+1","Eviscerate"],"picked":"Infinite Blades","floor":23.0},{"not_picked":["Crippling Poison","Finisher+1","Prepared"],"picked":"Cloak And Dagger","floor":27.0},{"not_picked":["Slice","PiercingWail","Blade Dance","Burst"],"picked":"SKIP","floor":28.0},{"not_picked":["Acrobatics+1","Crippling Poison","Grand Finale","Dodge and Roll"],"picked":"SKIP","floor":30.0},{"not_picked":["Quick Slash","Poisoned Stab+1","Distraction+1","Expertise+1"],"picked":"SKIP","floor":31.0},{"not_picked":["Burst","Adrenaline","Malaise"],"picked":"Corpse Explosion","floor":33.0},{"not_picked":["Sucker Punch+1","Bane","Dagger Throw","Poisoned Stab"],"picked":"SKIP","floor":35},{"not_picked":["Prepared","PiercingWail","Calculated Gamble+1"],"picked":"Finisher+1","floor":36},{"not_picked":["Slice+1","Blur","Cloak And Dagger"],"picked":"Blade Dance+1","floor":37},{"not_picked":["Wraith Form v2","Cloak And Dagger","Quick Slash"],"picked":"Footwork","floor":39},{"not_picked":["Dagger Throw","Dodge and Roll","Slice+1","Deflect"],"picked":"SKIP","floor":41},{"not_picked":["Bane","Unload","Underhanded Strike","Dagger Spray+1"],"picked":"SKIP","floor":45}],"player_experience":557556,"relics_obtained":[{"floor":6.0,"key":"Tiny Chest"},{"floor":9.0,"key":"Omamori"},{"floor":14.0,"key":"Regal Pillow"},{"floor":19.0,"key":"Necronomicon"},{"floor":23.0,"key":"Potion Belt"},{"floor":24.0,"key":"Question Card"},{"floor":26.0,"key":"Lantern"},{"floor":30.0,"key":"PreservedInsect"},{"floor":43,"key":"Pantograph"},{"floor":44,"key":"Vajra"},{"floor":45,"key":"Ancient Tea Set"}],"event_choices":[{"damage_healed":0.0,"max_hp_gain":0.0,"max_hp_loss":0.0,"gold_gain":0.0,"event_name":"Shining Light","player_choice":"Entered Light","floor":2.0,"gold_loss":0.0,"damage_taken":15.0,"cards_upgraded":["Backflip","Strike_G"]},{"cards_removed":["Strike_G"],"damage_healed":0.0,"max_hp_gain":0.0,"max_hp_loss":0.0,"gold_gain":0.0,"event_name":"Golden Wing","player_choice":"Card Removal","floor":12.0,"gold_loss":0.0,"damage_taken":7.0},{"damage_healed":0.0,"max_hp_gain":0.0,"max_hp_loss":0.0,"gold_gain":0.0,"event_name":"Cursed Tome","player_choice":"Obtained Book","floor":19.0,"gold_loss":0.0,"damage_taken":16.0},{"damage_healed":0.0,"max_hp_gain":0.0,"max_hp_loss":0.0,"gold_gain":0.0,"event_name":"Nest","player_choice":"Joined the Cult","floor":21.0,"gold_loss":0.0,"damage_taken":6.0,"cards_obtained":["RitualDagger"]},{"damage_healed":0,"gold_gain":0,"player_choice":"Paid","damage_taken":0,"relics_obtained":["Red Mask"],"max_hp_gain":0,"max_hp_loss":0,"event_name":"Tomb of Lord Red Mask","floor":46,"gold_loss":136},{"damage_healed":0,"gold_gain":0,"player_choice":"Max HP","damage_taken":0,"max_hp_gain":0,"max_hp_loss":4,"event_name":"Winding Halls","floor":47,"gold_loss":0}],"is_beta":false,"boss_relics":[{"not_picked":["Coffee Dripper","Runic Pyramid"],"picked":"Fusion Hammer"},{"not_picked":["Calling Bell","SacredBark"],"picked":"Philosopher\u0027s Stone"}],"items_purged_floors":[11,29],"is_endless":false,"potions_floor_spawned":[4,5,6,7,14,18,22,27,31,33,45],"killed_by":"Awakened One","ascension_level":8}}