{"host":"dx8mnueonnkh60qu","time":1613202705,"event":{"mods":["AchievementEnabler","Act Like it!","Aspiration","BaseMod","Better Silent Start","Better Third Choice","Bossed Relics","CCEM2","Conspire","Defuse TimeMaze Blight","Dota2Spire","Downfall","Hubris","Infinite Spire","Marked Mod","Minty Spire (QoL Compilation)","Quarter Circle Forward PUNCH!","Rare Cards Sparkle","Relic Stats","Reliquary","Robot Space Explorer","Spicy Shops","Spikes Relics","StSLib","SuperFastMode","The Blue Laboratory","The Caster"],"gold_per_floor":[119,130,146,0,75,107,124,124,147,147,165,183,216,216,216,317,317,337,337,352,352,370,395,406,423,423,457,469,484,484,498,498,597,597,608,621,633,485,496,496,526,526,551,586,605,625,625,639,639,639,639,639,57,89,89],"floor_reached":56,"language":"ENG","playtime":1906,"items_purged":["Strike_G"],"score":1367,"play_id":"0d8961a7-36eb-49ff-8f4c-f8f6d99b6aa6","local_time":"20210213025144","is_ascension_mode":false,"campfire_choices":[{"data":"Glass Knife","floor":8.0,"key":"SMITH"},{"data":"Noxious Fumes","floor":10.0,"key":"SMITH"},{"data":"Dash","floor":15.0,"key":"SMITH"},{"floor":32.0,"key":"REST"},{"data":"Enlightenment","floor":40.0,"key":"SMITH"},{"floor":42.0,"key":"REST"},{"floor":47,"key":"REST"},{"floor":49,"key":"RECALL"},{"data":"Calculated Gamble","floor":52,"key":"SMITH"}],"circlet_count":0,"master_deck":["Strike_G","Strike_G","Strike_G","Defend_G","Defend_G","Defend_G","Defend_G","Survivor","Neutralize","Glass Knife+1","conspire:PoisonWeapons","Dagger Spray","Noxious Fumes+1","Enlightenment+1","Slice","Slice","Quick Slash","Footwork","Dash+1","aspiration:Lunge","Bane","hubris:InfiniteBlow+30","Catalyst","Terror","Calculated Gamble+1","BlessedFruit+1","After Image","Tantrum+1","Deflect+1","PiercingWail+1","FollowUp+1"],"relics":["Ring of the Snake","Dream Catcher","CCEMRelics:SpiritsEdge","reliquary:TuningFork","expansioncontent:StudyCardRelic","MutagenicStrength","conspire:TopHat","Darkstone Periapt","aspiration:WatcherSkillbook","infinitespire:Satchel","CCEMRelics:GrindingGear","CCEMRelics:Barrel","Dota2Spire:EtherealBlade","hubris:SphereOfDissonance","Dota2Spire:Desolator","qcfpunch:Army_Boots"],"acts_visited":["Exordium","TheCity","TheBeyond","TheEnding"],"potions_floor_usage":[50,55],"damage_taken":[{"damage":0.0,"enemies":"Small Slimes","floor":1.0,"turns":3.0},{"damage":0.0,"enemies":"2 Louse","floor":2.0,"turns":3.0},{"damage":0.0,"enemies":"Cultist","floor":3.0,"turns":3.0},{"damage":18.0,"enemies":"3 Sentries","floor":6.0,"turns":4.0},{"damage":0.0,"enemies":"Looter","floor":7.0,"turns":4.0},{"damage":11.0,"enemies":"Exordium Wildlife","floor":11.0,"turns":2.0},{"damage":0.0,"enemies":"Large Slime","floor":12.0,"turns":4.0},{"damage":0.0,"enemies":"Gremlin Nob","floor":13.0,"turns":3.0},{"damage":16.0,"enemies":"Hexaghost","floor":16.0,"turns":7.0},{"damage":6.0,"enemies":"Chosen","floor":18.0,"turns":2.0},{"damage":10.0,"enemies":"Shell Parasite","floor":20.0,"turns":2.0},{"damage":0.0,"enemies":"Snecko","floor":22.0,"turns":1.0},{"damage":0.0,"enemies":"conspire:SneckoGhost","floor":23.0,"turns":4.0},{"damage":0.0,"enemies":"3 Cultists","floor":24.0,"turns":3.0},{"damage":1.0,"enemies":"Cultist and Chosen","floor":25.0,"turns":3.0},{"damage":7.0,"enemies":"conspire:Head Lice","floor":27.0,"turns":3.0},{"damage":8.0,"enemies":"Centurion and Healer","floor":28.0,"turns":3.0},{"damage":3.0,"enemies":"Snake Plant","floor":29.0,"turns":3.0},{"damage":0.0,"enemies":"Sentry and Sphere","floor":31.0,"turns":2.0},{"damage":15.0,"enemies":"hubris:MusketHawk","floor":33.0,"turns":3.0},{"damage":11.0,"enemies":"Orb Walker","floor":35.0,"turns":3.0},{"damage":9.0,"enemies":"3 Shapes","floor":36.0,"turns":3.0},{"damage":21.0,"enemies":"Transient","floor":37.0,"turns":5.0},{"damage":2.0,"enemies":"Writhing Mass","floor":39.0,"turns":3.0},{"damage":26.0,"enemies":"Giant Head","floor":41.0,"turns":5.0},{"damage":0,"enemies":"Nemesis","floor":44,"turns":1},{"damage":9,"enemies":"4 Shapes","floor":45,"turns":2},{"damage":9,"enemies":"Jaw Worm Horde","floor":46,"turns":4},{"damage":5,"enemies":"Sphere and 2 Shapes","floor":48,"turns":3},{"damage":11,"enemies":"conspire:OrnateMirror","floor":50,"turns":6},{"damage":8,"enemies":"Shield and Spear","floor":54,"turns":6},{"damage":96,"enemies":"The Heart","floor":55,"turns":8}],"seed_played":"6576634996746519179","potions_obtained":[{"floor":2.0,"key":"LiquidBronze"},{"floor":7.0,"key":"FairyPotion"},{"floor":13.0,"key":"blueLaboratory:FrostheartPotion"},{"floor":36.0,"key":"Block Potion"},{"floor":41.0,"key":"Ancient Potion"},{"floor":44,"key":"AttackPotion"}],"is_trial":false,"path_per_floor":["M","M","M","?","?","E","M","R","T","R","M","M","E","?","R","B",null,"M","?","M","AVR","M","E","M","M","T","E","M","M","?","M","R","B",null,"M","M","M","$","M","R","E","R","T","E","M","M","R","M","R","B",null,"R","$","E","B",null],"character_chosen":"THE_SILENT","items_purchased":["infinitespire:Satchel","hubris:SphereOfDissonance","Dota2Spire:Desolator"],"campfire_rested":3,"item_purchase_floors":[38,53,53],"current_hp_per_floor":[70,70,70,76,69,51,51,51,51,51,40,40,40,45,45,29,81,75,75,65,65,65,65,65,64,64,57,49,46,46,46,70,55,81,72,63,44,44,44,44,20,46,46,46,37,30,57,52,52,43,93,93,93,87,28],"gold":89,"neow_bonus":"ONE_RANDOM_RARE_CARD","is_daily":false,"chose_seed":false,"campfire_upgraded":5,"win_rate":0.0,"timestamp":1613202704,"path_taken":["M","M","M","?","?","E","M","R","T","R","M","?","E","?","R","BOSS","M","?","M","AVR","M","E","M","M","T","E","M","M","?","?","R","BOSS","M","?","M","$","?","R","E","R","T","E","M","M","R","M","R","BOSS","R","$","E","BOSS"],"items_purchased_type":["Relic","Relic","Relic"],"build_version":"2020-12-22","purchased_purges":1,"victory":true,"max_hp_per_floor":[70,70,70,76,76,76,76,76,76,76,76,76,76,81,81,81,81,81,81,81,81,81,81,81,81,81,81,81,81,81,81,81,81,81,83,83,85,85,87,87,89,89,89,89,89,91,91,91,91,93,93,93,93,95,97],"relic_stats":{"Darkstone Periapt":0,"Dream Catcher":3,"counters":[32,111],"obtain_stats":[{"Darkstone Periapt":27,"CCEMRelics:Barrel":43,"qcfpunch:Army_Boots":54,"hubris:SphereOfDissonance":53,"expansioncontent:StudyCardRelic":17,"Dota2Spire:EtherealBlade":44,"conspire:TopHat":23,"CCEMRelics:SpiritsEdge":9,"Dream Catcher":6,"MutagenicStrength":19,"aspiration:WatcherSkillbook":34,"infinitespire:Satchel":38,"CCEMRelics:GrindingGear":41,"reliquary:TuningFork":13,"Ring of the Snake":0,"Dota2Spire:Desolator":53},{"Darkstone Periapt":16,"CCEMRelics:Barrel":25,"qcfpunch:Army_Boots":31,"hubris:SphereOfDissonance":30,"expansioncontent:StudyCardRelic":9,"Dota2Spire:EtherealBlade":26,"conspire:TopHat":13,"CCEMRelics:SpiritsEdge":5,"Dream Catcher":4,"MutagenicStrength":10,"aspiration:WatcherSkillbook":20,"infinitespire:Satchel":23,"CCEMRelics:GrindingGear":25,"reliquary:TuningFork":8,"Ring of the Snake":0,"Dota2Spire:Desolator":30},{"Darkstone Periapt":51,"CCEMRelics:Barrel":81,"qcfpunch:Army_Boots":103,"hubris:SphereOfDissonance":97,"expansioncontent:StudyCardRelic":33,"Dota2Spire:EtherealBlade":82,"conspire:TopHat":42,"CCEMRelics:SpiritsEdge":17,"Dream Catcher":13,"MutagenicStrength":35,"aspiration:WatcherSkillbook":62,"infinitespire:Satchel":73,"CCEMRelics:GrindingGear":81,"reliquary:TuningFork":26,"Ring of the Snake":0,"Dota2Spire:Desolator":97}],"Ring of the Snake":[183]},"card_choices":[{"not_picked":["Flechettes","Tactician"],"picked":"conspire:PoisonWeapons","floor":1.0},{"not_picked":["Blur","Poisoned Stab"],"picked":"Dagger Spray","floor":2.0},{"not_picked":["Dodge and Roll","Poisoned Stab"],"picked":"Noxious Fumes","floor":3.0},{"not_picked":["Reflex","Prepared"],"picked":"Slice","floor":6.0},{"not_picked":["Acrobatics","Deadly Poison"],"picked":"Slice","floor":7.0},{"not_picked":["Underhanded Strike","hubris:Counter"],"picked":"Quick Slash","floor":11.0},{"not_picked":["Deflect","Dodge and Roll"],"picked":"Footwork","floor":12.0},{"not_picked":["Phantasmal Killer","hubris:SlightOfHand"],"picked":"Dash","floor":13.0},{"not_picked":["Wraith Form v2","Unload"],"picked":"aspiration:Lunge","floor":16.0},{"not_picked":["Slice","Poisoned Stab+1"],"picked":"Choke+1","floor":18.0},{"not_picked":["Concentrate","Dagger Spray"],"picked":"Bane","floor":20.0},{"not_picked":["Sucker Punch+1","Outmaneuver"],"picked":"Catalyst","floor":22.0},{"not_picked":["Setup","Calculated Gamble+1"],"picked":"Terror","floor":23.0},{"not_picked":["hubris:SlightOfHand","Poisoned Stab","Flying Knee"],"picked":"SKIP","floor":24.0},{"not_picked":["Riddle With Holes","Flechettes"],"picked":"Calculated Gamble","floor":25.0},{"not_picked":["A Thousand Cuts","hubris:SlightOfHand+1","Reflex+1"],"picked":"SKIP","floor":27.0},{"not_picked":["Riddle With Holes","Acrobatics","Distraction+1"],"picked":"SKIP","floor":28.0},{"not_picked":["PiercingWail+1","Pace","Outmaneuver"],"picked":"SKIP","floor":29.0},{"not_picked":["Dagger Throw","PiercingWail","Night Terror"],"picked":"SKIP","floor":31.0},{"not_picked":["aspiration:Lunge","Tools of the Trade"],"picked":"After Image","floor":33.0},{"not_picked":["ClearTheMind+1","CrushJoints","Prepared+1","hubris:Sniper+1"],"picked":"SKIP","floor":35.0},{"not_picked":["Flying Knee","Escape Plan+1","Heel Hook+1","hubris:Sniper"],"picked":"SKIP","floor":36.0},{"not_picked":["Dagger Spray","SashWhip","Acrobatics+1"],"picked":"Tantrum+1","floor":37.0},{"not_picked":["hubris:Counter","Deadly Poison","Outmaneuver"],"picked":"Deflect+1","floor":39.0},{"not_picked":["Dash+1","ThirdEye","Masterful Stab+1"],"picked":"PiercingWail+1","floor":41.0},{"not_picked":["MarkedMod:GentlePulse+1","EmptyFist+1","CarveReality"],"picked":"FollowUp+1","floor":42.0},{"not_picked":["All Out Attack","Pray+1","A Thousand Cuts","Prostrate+1"],"picked":"SKIP","floor":44},{"not_picked":["All Out Attack","Pray+1","A Thousand Cuts","Prostrate+1"],"picked":"SKIP","floor":44},{"not_picked":["ClearTheMind+1","conspire:PoisonWeapons+1","Collect","Choke+1"],"picked":"SKIP","floor":45},{"not_picked":["Flechettes+1","Deflect","MarkedMod:FirstStrike","Concentrate+1"],"picked":"SKIP","floor":46},{"not_picked":["Setup","Evaluate+1","Acrobatics+1","conspire:PoisonWeapons+1"],"picked":"SKIP","floor":48},{"not_picked":["Crescendo+1","Indignation+1","MarkedMod:GentlePulse","Backstab"],"picked":"SKIP","floor":54}],"player_experience":622656,"relics_obtained":[{"floor":6.0,"key":"Dream Catcher"},{"floor":9.0,"key":"CCEMRelics:SpiritsEdge"},{"floor":13.0,"key":"reliquary:TuningFork"},{"floor":23.0,"key":"conspire:TopHat"},{"floor":27.0,"key":"Darkstone Periapt"},{"floor":41.0,"key":"CCEMRelics:GrindingGear"},{"floor":43.0,"key":"CCEMRelics:Barrel"},{"floor":44,"key":"Dota2Spire:EtherealBlade"},{"floor":54,"key":"qcfpunch:Army_Boots"}],"event_choices":[{"damage_healed":0.0,"max_hp_gain":0.0,"max_hp_loss":0.0,"gold_gain":0.0,"event_name":"betterThird:BetterSerpent","player_choice":"RENOUNCE","floor":4.0,"gold_loss":146.0,"damage_taken":146.0,"cards_obtained":["Enlightenment"]},{"damage_healed":0.0,"max_hp_gain":0.0,"max_hp_loss":0.0,"gold_gain":75.0,"event_name":"FaceTrader","player_choice":"Touch","floor":5.0,"gold_loss":0.0,"damage_taken":7.0},{"damage_healed":0.0,"max_hp_gain":5.0,"max_hp_loss":0.0,"gold_gain":0.0,"event_name":"Big Fish","player_choice":"Donut","floor":14.0,"gold_loss":0.0,"damage_taken":0.0},{"damage_healed":0.0,"max_hp_gain":0.0,"max_hp_loss":0.0,"gold_gain":0.0,"event_name":"Drug Dealer","player_choice":"Inject Mutagens","floor":19.0,"gold_loss":0.0,"damage_taken":0.0,"relics_obtained":["MutagenicStrength"]},{"cards_removed":["Choke"],"damage_healed":0.0,"max_hp_gain":0.0,"max_hp_loss":0.0,"gold_gain":0.0,"event_name":"NoteForYourself","player_choice":"Took Card","floor":30.0,"gold_loss":0.0,"damage_taken":0.0,"cards_obtained":["BlessedFruit"]}],"is_beta":false,"boss_relics":[{"not_picked":["hubris:CrackedHourglass","Runic Pyramid"],"picked":"expansioncontent:StudyCardRelic"},{"not_picked":["HoveringKite","CCEMRelics:DefectiveTurbocharger"],"picked":"aspiration:WatcherSkillbook"}],"items_purged_floors":[53],"is_endless":false,"potions_floor_spawned":[2,7,13,18,23,24,28,29,31,33,36,37,41,44],"ascension_level":0}}