{"host":"4c7m9tuvqombcnjj","time":1613203743,"event":{"mods":["Act Like it!","Aspiration","Astrologer","BaseMod","Conspire","Dota2Spire","Downfall","Gensokyo","GungeonMod","Hallownest","HololiveMod","Jedi Mod","Jorbs\u0027s Wanderer Trilogy","Koishi","KomeijiMod","Lobotomy","LobotomyExtend","Minty Spire (QoL Compilation)","MostiFishMod","Prisma Mod","Reimu（博丽灵梦）","Reliquary","Remilia（蕾米莉亚）","Replay The Spire","RumiaBox-露米娅的神秘盒子","Smile Girya","StSLib","TestMod","The Alterego","The Animator","The Bug Knight","The Construct","The Cursed","The Hierophant","The Jungle","The Runesmith","WarShipGirlsR/战舰少女R mod","Yuyuko","[IsaacMod]以撒尖塔","【功能Mod】混沌之环修复补丁","【遗物卡牌】REMEMod"],"gold_per_floor":[99,110,161,171,184,202,226,241,261,56,56,56,56,74,74,174,186,290,290,90,108,120,120,134,146,146,99,149,149,160,160,174,87,100,205,205,262,274,290,290,304,323,376,392,392,425,325,325,325,325],"floor_reached":48,"language":"ZHS","playtime":1969,"items_purged":[],"score":560,"play_id":"ec775529-385e-44bd-a236-2827020db9ae","local_time":"20210213160903","is_ascension_mode":false,"campfire_choices":[{"floor":1,"key":"RECALL"},{"data":"Guardian:FloatingOrbs","floor":11,"key":"SMITH"},{"data":"Guardian:CurlUp","floor":15,"key":"SMITH"},{"data":"MostiFishMod:StarOceanB","floor":20,"key":"SMITH"},{"data":"Guardian:FastForward","floor":29,"key":"SMITH"},{"data":"Guardian:PiercingHide","floor":31,"key":"SMITH"},{"data":"Guardian:AncientConstruct","floor":45,"key":"SMITH"},{"data":"Guardian:TemporalShield","floor":47,"key":"SMITH"}],"circlet_count":0,"master_deck":["Guardian:Strike_Guardian","Guardian:Strike_Guardian","Guardian:Strike_Guardian","Guardian:Strike_Guardian","Guardian:Defend_Guardian","Guardian:Defend_Guardian","Guardian:Defend_Guardian","Guardian:CurlUp+1","Guardian:TwinSlam","MostiFishMod:StarOceanB+1","Guardian:Suspension","Guardian:PrimingBeam","Guardian:ArmoredProtocol","Guardian:FastForward+1","Guardian:VentSteam","Guardian:FloatingOrbs+1","Guardian:PrismaticBarrier","Guardian:CrystalBeam","Guardian:TimeCapacitor","Guardian:Planning","Guardian:BodySlam+1","Guardian:CrystalBeam","Guardian:DonusPower+1","Guardian:PiercingHide+1","Guardian:WalkerClaw+1","Guardian:ArmoredProtocol","Guardian:CrystalBeam","Guardian:ShieldCharger+1","Guardian:AncientConstruct+1","Guardian:DecasProtection+1","Guardian:Clone","Guardian:PrimingBeam+1","Guardian:TemporalStrike+1","Guardian:Emergency+1","Guardian:TemporalShield+1"],"relics":["Guardian:ModeShifter","HushsDoor","REME_ComplimentaryCards","DaveBox","testmod-TestBox","testmod-ObsoleteBoomerang","SentryEyes","BFFS","Hololive_LightStick","Sozu","downfall:HeartBlessingRed","downfall:HeartBlessingBlue","Kunai","Membership Card","REME_HandOfSuture","DemoMod:BlueGuonStone","Dota2Spire:MaskOfMadness","Black Star","Replay:Mystery Machine","GodSword7","Dota2Spire:CrimsonGuard","downfall:HeartBlessingGreen"],"acts_visited":["Exordium","TheCity","TheBeyond"],"potions_floor_usage":[],"damage_taken":[{"damage":0,"enemies":"2 Louse","floor":2,"turns":1},{"damage":0,"enemies":"Cultist","floor":4,"turns":2},{"damage":0,"enemies":"Small Slimes","floor":5,"turns":1},{"damage":1,"enemies":"Blue Slaver","floor":6,"turns":2},{"damage":0,"enemies":"Large Slime","floor":8,"turns":2},{"damage":0,"enemies":"3 Louse","floor":9,"turns":1},{"damage":0,"enemies":"downfall:FleeingMerchant","floor":10,"turns":4},{"damage":2,"enemies":"Exordium Wildlife","floor":14,"turns":2},{"damage":0,"enemies":"Red Slaver","floor":17,"turns":2},{"damage":7,"enemies":"IC_STATUS_ARCHETYPE","floor":18,"turns":4},{"damage":0,"enemies":"Spheric Guardian","floor":21,"turns":2},{"damage":0,"enemies":"Shell Parasite","floor":22,"turns":2},{"damage":0,"enemies":"Snecko","floor":24,"turns":3},{"damage":0,"enemies":"Snake Plant","floor":25,"turns":2},{"damage":0,"enemies":"downfall:FleeingMerchant","floor":27,"turns":4},{"damage":0,"enemies":"Hiden Room Battle","floor":28,"turns":2},{"damage":0,"enemies":"Shelled Parasite and Fungi","floor":30,"turns":2},{"damage":0,"enemies":"Sentry and Sphere","floor":32,"turns":2},{"damage":0,"enemies":"Centurion and Healer","floor":34,"turns":2},{"damage":0,"enemies":"DF_ARCHETYPE_CLAW","floor":35,"turns":4},{"damage":3,"enemies":"3 Darklings","floor":38,"turns":2},{"damage":0,"enemies":"3 Shapes","floor":39,"turns":2},{"damage":8,"enemies":"3 Darklings","floor":41,"turns":3},{"damage":0,"enemies":"Transient","floor":42,"turns":5},{"damage":8,"enemies":"Writhing Mass","floor":44,"turns":4},{"damage":16,"enemies":"Reptomancer","floor":46,"turns":4},{"damage":0,"enemies":"Giant Head","floor":48,"turns":1}],"seed_played":"1383054224638849830","potions_obtained":[{"floor":2,"key":"PowerPotion"},{"floor":4,"key":"Fire Potion"},{"floor":5,"key":"CalmPotion"}],"is_trial":false,"path_per_floor":["R","M","?","M","M","M","T","M","M","$","R","PTL","PTL","M","R","?","M","B",null,"R","M","M","?","M","M","T","$","?","R","M","R","M","$","M","B",null,"R","M","M","?","M","M","T","M","R","E","R","E"],"character_chosen":"GUARDIAN","items_purchased":["Guardian:FloatingOrbs","Hololive_LightStick","Membership Card","REME_HandOfSuture","Guardian:TimeCapacitor","Guardian:Planning","Guardian:Gem_Cyan","Guardian:BodySlam+1","Guardian:CrystalBeam","Guardian:Gem_Crimson","Guardian:ArmoredProtocol","Guardian:CrystalBeam","Guardian:Gem_Orange"],"campfire_rested":0,"item_purchase_floors":[10,10,27,27,27,27,27,27,27,33,33,33,36],"current_hp_per_floor":[88,88,73,73,73,72,72,72,72,72,72,72,72,70,70,70,70,63,88,98,98,98,98,98,98,98,98,83,83,83,83,83,83,83,83,94,94,91,91,91,83,83,83,75,75,59,59,59,59,59],"gold":325,"neow_bonus":"TEN_PERCENT_HP_BONUS","is_daily":false,"chose_seed":false,"campfire_upgraded":7,"win_rate":0.0,"timestamp":1613203743,"path_taken":["R","M","?","M","M","M","T","M","M","$","R","PTL","PTL","M","R","?","M","BOSS","R","M","M","?","M","M","T","$","?","R","M","R","M","$","M","BOSS","R","M","M","?","M","M","T","M","R","E","R","E"],"items_purchased_type":["Card","Relic","Relic","Relic","Card","Card","Card","Card","Card","Card","Card","Card","Card"],"build_version":"2020-12-22","purchased_purges":0,"victory":false,"max_hp_per_floor":[88,88,88,88,88,88,88,88,88,88,88,88,88,88,88,88,88,88,88,98,98,98,98,98,98,98,98,98,98,98,98,98,98,98,98,94,94,94,94,94,94,94,94,94,94,94,94,94,94,94],"card_choices":[{"not_picked":["Guardian:ShieldCharger","Guardian:Preprogram"],"picked":"Guardian:Suspension","floor":2},{"not_picked":["Guardian:ChargeCore","Guardian:PrimingBeam"],"picked":"Guardian:Gem_Red","floor":4},{"not_picked":["Guardian:PiercingHide","Guardian:ChargeCore"],"picked":"Guardian:Gem_Green","floor":5},{"not_picked":["Guardian:Planning","Guardian:WalkerClaw"],"picked":"Guardian:PrimingBeam","floor":6},{"not_picked":["Guardian:WalkerClaw","Guardian:CrystalBeam"],"picked":"Guardian:ArmoredProtocol","floor":8},{"not_picked":["Guardian:GuardianWhirl","Guardian:Planning"],"picked":"Guardian:FastForward","floor":9},{"not_picked":["Guardian:PrismaticBarrier","Guardian:ShieldCharger"],"picked":"Guardian:VentSteam","floor":10},{"not_picked":["Guardian:Suspension","Guardian:Planning"],"picked":"Guardian:PrismaticBarrier","floor":14},{"not_picked":["Guardian:Preprogram","Guardian:BodySlam"],"picked":"Guardian:Gem_Synthetic","floor":17},{"not_picked":["Guardian:AncientConstruct","Guardian:SphericShield"],"picked":"Guardian:Gem_Orange","floor":18},{"not_picked":["Guardian:ChargeCore+1","Guardian:RefractedBeam"],"picked":"Guardian:Gem_Lightblue","floor":21},{"not_picked":["Guardian:ShieldCharger","Guardian:Reroute+1"],"picked":"Guardian:Gem_Green","floor":22},{"not_picked":["Guardian:WalkerClaw+1","Guardian:Gem_Yellow"],"picked":"Guardian:Gem_Lightblue","floor":24},{"not_picked":["Guardian:RollAttack+1","Guardian:ArmoredProtocol"],"picked":"Guardian:CrystalBeam","floor":25},{"not_picked":["Guardian:SphericShield","Guardian:ArmoredProtocol"],"picked":"Guardian:Gem_Green","floor":27},{"not_picked":["Guardian:PrimingBeam","Guardian:Incinerate+1"],"picked":"Guardian:DonusPower+1","floor":28},{"not_picked":["Guardian:Clone","Guardian:WalkerClaw+1"],"picked":"Guardian:PiercingHide","floor":30},{"not_picked":["Guardian:ChargeCore+1","Guardian:Suspension+1"],"picked":"Guardian:WalkerClaw+1","floor":32},{"not_picked":["Guardian:DonusPower","Guardian:StasisStrike"],"picked":"Guardian:ShieldCharger+1","floor":34},{"not_picked":["Guardian:BaubleBeam","Guardian:ConstructionForm"],"picked":"Guardian:AncientConstruct","floor":35},{"not_picked":["Guardian:BronzeOrb+1","Guardian:CrystalBeam"],"picked":"Guardian:Gem_Lightblue","floor":38},{"not_picked":["Guardian:CrystalBeam","Guardian:ShieldCharger+1"],"picked":"Guardian:DecasProtection+1","floor":39},{"not_picked":["Guardian:Gem_Lightblue","Guardian:BodySlam+1"],"picked":"Guardian:PrimingBeam+1","floor":41},{"not_picked":["Guardian:Suspension","Guardian:TemporalShield"],"picked":"Guardian:TemporalStrike+1","floor":42},{"not_picked":["Guardian:PrimingBeam","Guardian:Suspension"],"picked":"Guardian:Emergency+1","floor":44},{"not_picked":["Guardian:Gem_Yellow","Guardian:ShieldCharger+1"],"picked":"Guardian:TemporalShield","floor":46}],"player_experience":83840,"relics_obtained":[{"floor":26,"key":"Kunai"},{"floor":28,"key":"DemoMod:BlueGuonStone"},{"floor":28,"key":"Dota2Spire:MaskOfMadness"},{"floor":43,"key":"Replay:Mystery Machine"},{"floor":46,"key":"GodSword7"},{"floor":46,"key":"Dota2Spire:CrimsonGuard"}],"event_choices":[{"damage_healed":0,"gold_gain":0,"player_choice":"Fight","damage_taken":0,"max_hp_gain":0,"max_hp_loss":0,"event_name":"HidenRoomEvent","floor":28,"gold_loss":0}],"is_beta":false,"boss_relics":[{"not_picked":["Honey Jar","SacredBark"],"picked":"Sozu"},{"not_picked":[]},{"not_picked":["bronze:MakeshiftBattery","reliquary:RedCape"],"picked":"Black Star"},{"not_picked":[]}],"items_purged_floors":[],"is_endless":false,"potions_floor_spawned":[2,4,5,14,18,21,25,28,32,34,39,41],"killed_by":"Giant Head","ascension_level":0}}