{"host":"178rghtqlvp3zue2","time":1613229231,"event":{"mods":["2.2 Compatiblity","AchievementEnabler","BaseMod","DeckTracker","Minty Spire (QoL Compilation)","Quick Restart","SuperFastMode"],"gold_per_floor":[110,10,10,10,20,48,48,75,75,95,158,191,191,210,210,311,311,323,129,129,145,145,145,145],"floor_reached":23,"language":"KOR","playtime":635,"items_purged":[],"score":267,"play_id":"20b2fb47-9afd-42cd-a045-707c5685126b","local_time":"20210214001351","is_ascension_mode":true,"campfire_choices":[{"floor":13,"key":"REST"},{"data":"Darkness","floor":15,"key":"SMITH"}],"circlet_count":0,"master_deck":["Strike_B","Strike_B","Defend_B","Defend_B","Defend_B","Zap","Dualcast+1","Cold Snap","Capacitor","Ball Lightning","Sunder","Conserve Battery","BootSequence","Darkness+1","Seek","Genetic Algorithm","Coolheaded","Hello World","Gash","Redo+1"],"relics":["Cracked Core","NeowsBlessing","Question Card","Strawberry","Darkstone Periapt","InkBottle","Centennial Puzzle","Lantern","SlaversCollar","Omamori","Regal Pillow"],"acts_visited":["Exordium","TheCity"],"potions_floor_usage":[12,12,16,23],"damage_taken":[{"damage":0,"enemies":"Jaw Worm","floor":1,"turns":1},{"damage":0,"enemies":"Small Slimes","floor":5,"turns":1},{"damage":0,"enemies":"Lagavulin","floor":6,"turns":1},{"damage":25,"enemies":"3 Sentries","floor":8,"turns":7},{"damage":0,"enemies":"Cultist","floor":10,"turns":3},{"damage":20,"enemies":"3 Sentries","floor":11,"turns":6},{"damage":24,"enemies":"Gremlin Nob","floor":12,"turns":4},{"damage":1,"enemies":"Blue Slaver","floor":14,"turns":3},{"damage":11,"enemies":"Hexaghost","floor":16,"turns":9},{"damage":49,"enemies":"Chosen","floor":18,"turns":7},{"damage":24,"enemies":"2 Thieves","floor":21,"turns":4},{"damage":16,"enemies":"Gremlin Leader","floor":23,"turns":2}],"seed_played":"3444865429086464835","potions_obtained":[{"floor":10,"key":"BlessingOfTheForge"},{"floor":11,"key":"Fire Potion"},{"floor":12,"key":"PotionOfCapacity"},{"floor":18,"key":"DistilledChaos"},{"floor":21,"key":"Dexterity Potion"}],"is_trial":false,"path_per_floor":["M","$","?","?","M","E","?","E","T","M","?","E","R","M","R","B",null,"M","$","?","M","?","E"],"character_chosen":"DEFECT","items_purchased":["Cold Snap","Capacitor","Coolheaded","Omamori"],"campfire_rested":1,"item_purchase_floors":[2,2,19,19],"current_hp_per_floor":[75,75,75,75,75,75,75,50,50,50,30,6,30,29,29,18,82,33,33,33,9,9,0,0],"gold":145,"neow_bonus":"THREE_ENEMY_KILL","is_daily":false,"chose_seed":false,"campfire_upgraded":1,"win_rate":0.0,"timestamp":1613229231,"path_taken":["M","$","?","?","?","E","?","E","T","M","?","E","R","M","R","BOSS","M","$","?","M","?","E"],"items_purchased_type":["Card","Card","Card","Relic"],"build_version":"2020-12-22","purchased_purges":0,"victory":false,"max_hp_per_floor":[75,75,75,75,75,75,82,82,82,82,82,82,82,82,82,82,82,82,82,82,82,82,82,82],"card_choices":[{"not_picked":["Leap","Go for the Eyes","Gash"],"picked":"SKIP","floor":1},{"not_picked":["Stack","Rebound","Steam"],"picked":"SKIP","floor":5},{"not_picked":["Steam","Ball Lightning","Rebound"],"picked":"SKIP","floor":6},{"not_picked":["Gash","Force Field","All For One","Beam Cell"],"picked":"SKIP","floor":8},{"not_picked":["Chaos","Storm","Hologram"],"picked":"Sunder","floor":10},{"not_picked":["Recycle","Darkness","Reinforced Body"],"picked":"Conserve Battery","floor":11},{"not_picked":["Steam Power","Stack","Leap"],"picked":"BootSequence","floor":12},{"not_picked":["Static Discharge","Reprogram","Steam"],"picked":"Darkness","floor":14},{"not_picked":["Core Surge","Machine Learning","Thunder Strike"],"picked":"Seek","floor":16},{"not_picked":["Doom and Gloom","Stack","Streamline"],"picked":"Genetic Algorithm","floor":18},{"not_picked":["Scrape+1","Ball Lightning","Streamline"],"picked":"Redo+1","floor":21}],"player_experience":266623,"relics_obtained":[{"floor":6,"key":"Question Card"},{"floor":8,"key":"Darkstone Periapt"},{"floor":9,"key":"InkBottle"},{"floor":11,"key":"Centennial Puzzle"},{"floor":12,"key":"Lantern"}],"event_choices":[{"damage_healed":0,"gold_gain":0,"player_choice":"Grow","damage_taken":0,"max_hp_gain":0,"max_hp_loss":0,"event_name":"Living Wall","floor":3,"gold_loss":0,"cards_upgraded":["Dualcast"]},{"damage_healed":0,"gold_gain":0,"cards_transformed":["Strike_B"],"player_choice":"Transformed","damage_taken":0,"max_hp_gain":0,"max_hp_loss":0,"event_name":"Transmorgrifier","floor":4,"gold_loss":0,"cards_obtained":["Ball Lightning"]},{"damage_healed":0,"gold_gain":0,"player_choice":"Success","damage_taken":7,"relics_obtained":["Strawberry"],"max_hp_gain":0,"max_hp_loss":0,"event_name":"Scrap Ooze","floor":7,"gold_loss":0},{"damage_healed":0,"gold_gain":0,"player_choice":"Searched \u00272\u0027 times","damage_taken":0,"max_hp_gain":0,"max_hp_loss":0,"event_name":"Dead Adventurer","floor":11,"gold_loss":0},{"damage_healed":0,"gold_gain":0,"cards_transformed":["Strike_B","Defend_B"],"player_choice":"Became Test Subject","damage_taken":0,"max_hp_gain":0,"max_hp_loss":0,"event_name":"Drug Dealer","floor":20,"gold_loss":0,"cards_obtained":["Hello World","Gash"]},{"damage_healed":0,"gold_gain":0,"player_choice":"Opened","damage_taken":0,"relics_obtained":["Regal Pillow"],"max_hp_gain":0,"max_hp_loss":0,"event_name":"The Mausoleum","floor":22,"gold_loss":0,"cards_obtained":["Writhe"]}],"is_beta":false,"boss_relics":[{"not_picked":["Sozu","Nuclear Battery"],"picked":"SlaversCollar"}],"items_purged_floors":[],"is_endless":false,"potions_floor_spawned":[10,11,12,18,21],"killed_by":"Gremlin Leader","ascension_level":3}}