{"host":"a5lz0e76zb3fcwkm","time":1613203965,"event":{"mods":["AchievementEnabler","BaseMod","Colored Map","Colored Powertips","Minty Spire (QoL Compilation)","StSLib","SuperFastMode"],"gold_per_floor":[116,116,130,141,153,153,166,176,176,194,194,205,205,232,244,335,347,379,52,65,65,65],"floor_reached":21,"language":"KOR","playtime":543,"items_purged":["Strike_B"],"score":370,"play_id":"8ab63169-6df3-4111-84ba-ed58e161cb5c","local_time":"20210213171245","is_ascension_mode":true,"campfire_choices":[{"data":"Dualcast","floor":6.0,"key":"SMITH"},{"floor":11,"key":"REST"},{"data":"Creative AI","floor":15,"key":"SMITH"}],"circlet_count":0,"master_deck":["AscendersBane","Strike_B","Strike_B","Defend_B","Defend_B","Defend_B","Zap+1","Dualcast+1","All For One","Creative AI+1","Ball Lightning","Gash","Glacier","Force Field","Consume","Core Surge"],"relics":["Cracked Core","Ginger","MawBank","Inserter","White Beast Statue"],"acts_visited":["Exordium","TheCity"],"potions_floor_usage":[14,18,20,21],"damage_taken":[{"damage":2.0,"enemies":"Cultist","floor":1.0,"turns":4.0},{"damage":9.0,"enemies":"2 Louse","floor":3.0,"turns":3.0},{"damage":4.0,"enemies":"Jaw Worm","floor":4.0,"turns":3.0},{"damage":12.0,"enemies":"Looter","floor":5.0,"turns":3.0},{"damage":7.0,"enemies":"Gremlin Gang","floor":7.0,"turns":2.0},{"damage":5.0,"enemies":"Large Slime","floor":8.0,"turns":4.0},{"damage":23.0,"enemies":"Lots of Slimes","floor":10.0,"turns":3.0},{"damage":7,"enemies":"2 Fungi Beasts","floor":12,"turns":3},{"damage":8,"enemies":"Lagavulin","floor":14,"turns":7},{"damage":30,"enemies":"Slime Boss","floor":16,"turns":7},{"damage":16,"enemies":"2 Thieves","floor":18,"turns":3},{"damage":7,"enemies":"Shell Parasite","floor":20,"turns":9},{"damage":32,"enemies":"Centurion and Healer","floor":21,"turns":2}],"seed_played":"-33666412098622883","potions_obtained":[{"floor":3.0,"key":"Block Potion"},{"floor":4.0,"key":"AttackPotion"},{"floor":7.0,"key":"Ancient Potion"},{"floor":10,"key":"Weak Potion"},{"floor":16,"key":"SneckoOil"},{"floor":18,"key":"SkillPotion"},{"floor":20,"key":"Swift Potion"}],"is_trial":false,"path_per_floor":["M","?","M","M","M","R","M","M","T","M","R","M","?","E","R","B",null,"M","$","M","M"],"character_chosen":"DEFECT","items_purchased":["White Beast Statue"],"campfire_rested":1,"item_purchase_floors":[19],"current_hp_per_floor":[62,62,53,49,37,37,30,25,25,2,21,14,64,56,56,26,55,39,39,32,0,0],"gold":65,"neow_bonus":"TRANSFORM_TWO_CARDS","is_daily":false,"chose_seed":false,"campfire_upgraded":2,"win_rate":0.0,"timestamp":1613203965,"path_taken":["M","?","?","M","?","R","M","M","T","M","R","M","?","E","R","BOSS","M","?","M","M"],"items_purchased_type":["Relic"],"build_version":"2020-12-22","purchased_purges":1,"victory":false,"max_hp_per_floor":[64,64,64,64,64,64,64,64,64,64,64,64,64,64,64,64,64,64,64,64,64,64],"card_choices":[{"not_picked":["Sweeping Beam","Hologram"],"picked":"Ball Lightning","floor":1.0},{"not_picked":["Doom and Gloom","BootSequence","Sweeping Beam"],"picked":"SKIP","floor":3.0},{"not_picked":["Lockon","Steam","Chaos"],"picked":"SKIP","floor":4.0},{"not_picked":["Steam Power","Seek"],"picked":"Gash","floor":5.0},{"not_picked":["Coolheaded","Sweeping Beam"],"picked":"Glacier","floor":7.0},{"not_picked":["Ball Lightning","Static Discharge","Chill"],"picked":"SKIP","floor":8.0},{"not_picked":["Cold Snap","White Noise"],"picked":"Force Field","floor":10},{"not_picked":["Steam","Darkness"],"picked":"Undo","floor":12},{"not_picked":["Cold Snap","Stack"],"picked":"Consume","floor":14},{"not_picked":["Machine Learning","Fission"],"picked":"Core Surge","floor":16},{"not_picked":["Aggregate+1","BootSequence","Rebound+1"],"picked":"SKIP","floor":18},{"not_picked":["Gash","Conserve Battery","Ball Lightning"],"picked":"SKIP","floor":20}],"player_experience":1877601,"relics_obtained":[{"floor":9.0,"key":"Ginger"},{"floor":14,"key":"MawBank"}],"event_choices":[{"damage_healed":0.0,"max_hp_gain":0.0,"max_hp_loss":0.0,"gold_gain":0.0,"event_name":"Upgrade Shrine","player_choice":"Upgraded","floor":2.0,"gold_loss":0.0,"damage_taken":0.0,"cards_upgraded":["Zap"]},{"cards_removed":["Undo"],"damage_healed":50,"gold_gain":0,"player_choice":"Offered Uncommon","damage_taken":0,"max_hp_gain":0,"max_hp_loss":0,"event_name":"Bonfire Elementals","floor":13,"gold_loss":0}],"is_beta":false,"boss_relics":[{"not_picked":["Philosopher\u0027s Stone","Tiny House"],"picked":"Inserter"}],"items_purged_floors":[19],"is_endless":false,"potions_floor_spawned":[3,4,7,10,16,18,20],"killed_by":"Centurion and Healer","ascension_level":20}}