{"host":"b1k9tvirjqaexfiq","time":1613203533,"event":{"mods":["AchievementEnabler","BaseMod","Bestiary","Better Third Choice","Colored Powertips","Conspire","Curses Come First","Energized Spire","Filter the Spire","Hubris","Infinite Spire","Marisa????????","Minty Spire (QoL Compilation)","Permanent Neow","Quick Restart","Rare Cards Sparkle","Reliquary","Replay The Spire","Shop Mod","StSLib","The Animator","The Bug Knight","The Marked","The Servant 0.9.4","The Wild Card","Waifu the Spire","??????REMEMod"],"gold_per_floor":[110,110,125,32,32,32,62,79,133,148,148,5,5,38,38,137,137,157,175,175,175,175,200,67,84,84,115,115,115,115,129,129,229,229,241,286,286,305,305,305,317,317,342,373,373,373,512,512,512,521,521,521,282,310,340,340],"floor_reached":55,"language":"ENG","playtime":2718,"items_purged":[],"score":746,"play_id":"fc5ff35c-badb-4241-b47d-7328ef8e61da","local_time":"20210213020533","is_ascension_mode":true,"campfire_choices":[{"floor":6.0,"key":"RECALL"},{"data":"SoulSculpture","floor":11.0,"key":"SMITH"},{"data":"ReturningBlade","floor":13.0,"key":"SMITH"},{"data":"ReturningBlade+1","floor":15.0,"key":"SMITH"},{"data":"REME_FirmDetermination","floor":28.0,"key":"SMITH"},{"data":"ReturningBlade+2","floor":32.0,"key":"SMITH"},{"data":"SilverBlades","floor":40.0,"key":"SMITH"},{"data":"SilverBlades","floor":42.0,"key":"SMITH"},{"data":"ReturningBlade+3","floor":45.0,"key":"SMITH"},{"data":"ReturningBlade+4","floor":46.0,"key":"SMITH"},{"data":"ReturningBlade+5","floor":49.0,"key":"SMITH"},{"data":"ReturningBlade+6","floor":52.0,"key":"SMITH"}],"circlet_count":0,"master_deck":["Strike_S","Strike_S","Strike_S","Strike_S","Defend_S","Defend_S","Defend_S+1","Defend_S","KidneyShot+1","Exchange","theWildCard:Amaterasu+1","ReturningBlade+7","REME_FirmDetermination+1","SoulSculpture+1","Barrier","Contraction","SoulSculpture","SilverBlades+1","Rearm","Sabotage+1","REME_FirmDetermination+1","SilverBlades+1","SilverBlades","Rearm+1","Snipe","KillingDoll","Rewind","Starlight+1","Collapse+1","Snipe","SurpressingFire+1","Sabotage","Violence","Revamp","GearUp+1"],"relics":["Uniform","REME_ComplimentaryCards","Eternal Feather","Bronze Scales","Chemical X","infinitespire:ShieldingShard","Sozu","WingedGreaves","Juzu Bracelet","Snack Pack","hubris:GlazedTorus","Oddly Smooth Stone","REME_ArchaeologicalTools","Centennial Puzzle","Replay:Rubber Ducky","reliquary:RoseTintedGlasses"],"acts_visited":["Exordium","TheCity","TheBeyond","TheEnding"],"potions_floor_usage":[],"damage_taken":[{"damage":6.0,"enemies":"Cultist","floor":1.0,"turns":4.0},{"damage":0.0,"enemies":"2 Louse","floor":3.0,"turns":3.0},{"damage":6.0,"enemies":"3 Sentries","floor":7.0,"turns":6.0},{"damage":6.0,"enemies":"Jaw Worm","floor":8.0,"turns":3.0},{"damage":0.0,"enemies":"Blue Slaver","floor":10.0,"turns":3.0},{"damage":13.0,"enemies":"Lagavulin","floor":14.0,"turns":3.0},{"damage":3.0,"enemies":"The Guardian","floor":16.0,"turns":10.0},{"damage":0.0,"enemies":"Shell Parasite","floor":18.0,"turns":3.0},{"damage":0.0,"enemies":"3 Byrds","floor":19.0,"turns":3.0},{"damage":14.0,"enemies":"Gremlin Leader","floor":23.0,"turns":8.0},{"damage":4.0,"enemies":"Snecko","floor":25.0,"turns":6.0},{"damage":13.0,"enemies":"Slavers","floor":27.0,"turns":3.0},{"damage":0.0,"enemies":"Snake Plant","floor":31.0,"turns":3.0},{"damage":19.0,"enemies":"Collector","floor":33.0,"turns":8.0},{"damage":0.0,"enemies":"Orb Walker","floor":35.0,"turns":2.0},{"damage":15.0,"enemies":"2 Orb Walkers","floor":36.0,"turns":7.0},{"damage":0.0,"enemies":"3 Darklings","floor":38.0,"turns":5.0},{"damage":44.0,"enemies":"4 Shapes","floor":41.0,"turns":7.0},{"damage":0.0,"enemies":"conspire:MimicChest","floor":44.0,"turns":7.0},{"damage":16.0,"enemies":"Nemesis","floor":47.0,"turns":7.0},{"damage":22.0,"enemies":"Time Eater","floor":50.0,"turns":9.0},{"damage":31.0,"enemies":"Shield and Spear","floor":54.0,"turns":4.0},{"damage":92,"enemies":"The Heart","floor":55,"turns":9}],"seed_played":"7202549814074783653","potions_obtained":[{"floor":1.0,"key":"LiquidBronze"},{"floor":7.0,"key":"Energy Potion"},{"floor":14.0,"key":"Strength Potion"}],"is_trial":false,"path_per_floor":["M","?","M","$","?","R","E","M","T","M","R","$","R","E","R","B",null,"M","M","?","AVR","?","E","$","M","T","E","R","?","?","M","R","B",null,"M","?","?","M","?","R","M","R","T","?","R","R","E","?","R","B",null,"R","$","E","B"],"character_chosen":"THE_SERVANT","items_purchased":["REME_FirmDetermination","Chemical X","REME_FirmDetermination","SilverBlades","Violence","Revamp"],"campfire_rested":0,"item_purchase_floors":[4,12,24,24,53,53],"current_hp_per_floor":[65,52,65,65,65,65,65,63,63,65,65,65,65,60,65,65,65,65,65,65,65,65,55,55,65,65,52,65,65,65,65,65,50,65,65,52,52,58,58,65,57,65,65,65,65,65,55,55,65,65,65,65,65,34,0,0],"gold":340,"neow_bonus":"UPGRADE_CARD","is_daily":false,"chose_seed":false,"campfire_upgraded":11,"win_rate":0.0,"timestamp":1613203533,"path_taken":["M","?","M","$","?","R","E","M","T","M","R","$","R","E","R","BOSS","M","M","?","AVR","?","E","$","M","T","E","R","?","?","M","R","BOSS","M","?","?","M","?","R","M","R","T","?","R","R","E","?","R","BOSS","R","$","E","BOSS"],"items_purchased_type":["Card","Relic","Card","Card","Card","Card"],"build_version":"2020-12-22","purchased_purges":0,"victory":false,"max_hp_per_floor":[65,65,65,65,65,65,65,65,65,65,65,65,65,65,65,65,65,65,65,65,65,65,65,65,65,65,65,65,65,65,65,65,65,65,65,65,65,65,65,65,65,65,65,65,65,65,65,65,65,65,65,65,65,65,65,65],"card_choices":[{"not_picked":["Starlight","Potential"],"picked":"Moondial","floor":1.0},{"not_picked":["Manipulate","BottledTime"],"picked":"ReturningBlade","floor":3.0},{"not_picked":["ReturningBlade","TimeWarp"],"picked":"SoulSculpture","floor":7.0},{"not_picked":["TimeWarp","Spin"],"picked":"Barrier","floor":8.0},{"not_picked":["Rewind","Moondial","Desolation"],"picked":"SKIP","floor":10.0},{"not_picked":["SpecialFormula","TimeWarp"],"picked":"Contraction","floor":14.0},{"not_picked":["Solidify","FloweringNight"],"picked":"SoulSculpture","floor":16.0},{"not_picked":["DoubleEdge","Reset+1"],"picked":"SilverBlades","floor":18.0},{"not_picked":["Alleviate","SpecialFormula"],"picked":"Rearm","floor":19.0},{"not_picked":["TimeWarp","Shuttle"],"picked":"Sabotage+1","floor":23.0},{"not_picked":["Spin","DoubleEdge"],"picked":"SilverBlades","floor":25.0},{"not_picked":["Reset","DoubleEdge+1"],"picked":"Rearm+1","floor":27.0},{"not_picked":["Manipulate+1","InstantArmor+1"],"picked":"Snipe","floor":31.0},{"not_picked":["FlawlessForm","Sunlight"],"picked":"KillingDoll","floor":33.0},{"not_picked":["Potential+1","SpecialFormula+1"],"picked":"Rewind","floor":35.0},{"not_picked":["Defy","TimeWarp"],"picked":"Starlight+1","floor":36.0},{"not_picked":["Manipulate","Rearm+1"],"picked":"Collapse+1","floor":38.0},{"not_picked":["BottledTime+1","Defy","Misdirection"],"picked":"SKIP","floor":41.0},{"not_picked":["ShatteredReality","Spin+1"],"picked":"SurpressingFire+1","floor":44.0},{"not_picked":["Rewind","TimeWarp+1"],"picked":"Sabotage","floor":47.0},{"not_picked":["Moondial+1","Collapse"],"picked":"GearUp+1","floor":54.0}],"player_experience":68531,"relics_obtained":[{"floor":7.0,"key":"Eternal Feather"},{"floor":9.0,"key":"Bronze Scales"},{"floor":14.0,"key":"infinitespire:ShieldingShard"},{"floor":23.0,"key":"Juzu Bracelet"},{"floor":27.0,"key":"Snack Pack"},{"floor":36.0,"key":"hubris:GlazedTorus"},{"floor":43.0,"key":"Oddly Smooth Stone"},{"floor":44.0,"key":"REME_ArchaeologicalTools"},{"floor":47.0,"key":"Centennial Puzzle"},{"floor":48.0,"key":"Replay:Rubber Ducky"},{"floor":54.0,"key":"reliquary:RoseTintedGlasses"}],"event_choices":[{"damage_healed":65.0,"max_hp_gain":0.0,"max_hp_loss":65.0,"gold_gain":0.0,"event_name":"betterThird:BetterShining","player_choice":"Upgrade","floor":2.0,"gold_loss":0.0,"damage_taken":13.0,"cards_upgraded":["Defend_S","KidneyShot"]},{"damage_healed":0.0,"max_hp_gain":0.0,"max_hp_loss":0.0,"gold_gain":0.0,"event_name":"The Mausoleum","player_choice":"Ignored","floor":22.0,"gold_loss":0.0,"damage_taken":0.0},{"damage_healed":0.0,"max_hp_gain":0.0,"max_hp_loss":0.0,"gold_gain":0.0,"event_name":"conspire:Investor","player_choice":"Leave","floor":29.0,"gold_loss":0.0,"damage_taken":0.0},{"damage_healed":0.0,"max_hp_gain":0.0,"max_hp_loss":0.0,"gold_gain":0.0,"event_name":"Mysterious Sphere","player_choice":"Fight","floor":36.0,"gold_loss":0.0,"damage_taken":0.0},{"damage_healed":0.0,"max_hp_gain":0.0,"max_hp_loss":0.0,"gold_gain":0.0,"cards_transformed":["Moondial"],"event_name":"Transmorgrifier","player_choice":"Transformed","floor":39.0,"gold_loss":0.0,"damage_taken":0.0,"cards_obtained":["Snipe"]},{"damage_healed":0.0,"max_hp_gain":0.0,"max_hp_loss":0.0,"gold_gain":0.0,"event_name":"Wheel of Change","player_choice":"Relic","floor":48.0,"gold_loss":0.0,"damage_taken":0.0}],"is_beta":false,"boss_relics":[{"not_picked":["Fusion Hammer","Astrolabe"],"picked":"Sozu"},{"not_picked":["energizedSpire:EnergizedDie","Replay:Ancient Bell","REME_DuelDisc"]}],"items_purged_floors":[],"is_endless":false,"potions_floor_spawned":[1,7,14,18,19,27,36,41],"killed_by":"The Heart","ascension_level":1}}