{"host":"anwy0on6frka0i3a","time":1613227304,"event":{"mods":["AchievementEnabler","BaseMod","Colored Powertips","Highlight Path","Minty Spire (QoL Compilation)","Rare Cards Sparkle","Relic Sorter","Relic Stats","StSLib","Waifu the Spire"],"gold_per_floor":[364,382,401,401,48,84,84,123,123,136,136,136,172,192,192,291,291,306,35,35,8,28,28,28,77,163,172,210,210,120,160,160,262,262,287,314,274,56,86,86,138,152,188,221,248,248,281,295,295,295,295,295,36,88,88],"floor_reached":56,"language":"ENG","playtime":10945,"items_purged":[],"score":2233,"play_id":"f62fa64d-a8a7-4c3e-8164-cb69889432ab","local_time":"20210213094144","is_ascension_mode":true,"campfire_choices":[{"data":"Bash","floor":7.0,"key":"SMITH"},{"data":"Intimidate","floor":11.0,"key":"SMITH"},{"data":"Armaments","floor":15.0,"key":"SMITH"},{"data":"Master of Strategy","floor":23.0,"key":"SMITH"},{"data":"Warcry","floor":32.0,"key":"SMITH"},{"floor":40.0,"key":"RECALL"},{"data":"Rupture","floor":46,"key":"SMITH"},{"data":"Feel No Pain","floor":49,"key":"SMITH"},{"data":"Inflame","floor":52,"key":"SMITH"}],"circlet_count":0,"master_deck":["AscendersBane","Strike_R","Strike_R","Strike_R","Defend_R","Defend_R","Defend_R","Defend_R","Bash+1","Twin Strike","Heavy Blade","Clothesline","Inflame+1","True Grit+1","Rage+1","Anger","Intimidate+1","Headbutt","Feel No Pain+1","Armaments+1","Reaper","True Grit","Disarm","Master of Strategy+1","Pommel Strike","Necronomicurse","Shrug It Off","Shame","Shame","Warcry+1","Exhume","Flame Barrier","Disarm+1","Rupture+1","Rupture+1","Exhume","Writhe","Parasite","Dark Embrace","Offering","Rupture+1","Battle Trance","Seeing Red"],"relics":["Burning Blood","Juzu Bracelet","Toy Ornithopter","Mark of Pain","Cursed Key","CeramicFish","Eternal Feather","Golden Idol","Vajra","Akabeko","Blue Candle","Meat on the Bone","Anchor","Necronomicon","Happy Flower","Letter Opener","Mummified Hand","Orichalcum","Torii","Orrery","Mango"],"acts_visited":["TheCity","TheBeyond","TheEnding"],"potions_floor_usage":[41,50,55],"damage_taken":[{"damage":5.0,"enemies":"Small Slimes","floor":1.0,"turns":3.0},{"damage":13.0,"enemies":"Jaw Worm","floor":2.0,"turns":4.0},{"damage":8.0,"enemies":"2 Louse","floor":3.0,"turns":4.0},{"damage":16.0,"enemies":"Gremlin Nob","floor":6.0,"turns":3.0},{"damage":30.0,"enemies":"Lagavulin","floor":8.0,"turns":4.0},{"damage":6.0,"enemies":"Exordium Thugs","floor":10.0,"turns":4.0},{"damage":0.0,"enemies":"Gremlin Nob","floor":13.0,"turns":2.0},{"damage":0.0,"enemies":"Blue Slaver","floor":14.0,"turns":3.0},{"damage":9.0,"enemies":"The Guardian","floor":16.0,"turns":10.0},{"damage":1.0,"enemies":"2 Thieves","floor":18.0,"turns":4.0},{"damage":0.0,"enemies":"3 Byrds","floor":22.0,"turns":7.0},{"damage":3.0,"enemies":"Gremlin Leader","floor":25.0,"turns":8.0},{"damage":15.0,"enemies":"Slavers","floor":28.0,"turns":3.0},{"damage":9.0,"enemies":"Gremlin Leader","floor":31.0,"turns":4.0},{"damage":8.0,"enemies":"Champ","floor":33.0,"turns":9.0},{"damage":32.0,"enemies":"3 Darklings","floor":35.0,"turns":4.0},{"damage":1.0,"enemies":"Orb Walker","floor":36.0,"turns":2.0},{"damage":3.0,"enemies":"4 Shapes","floor":39.0,"turns":5.0},{"damage":64,"enemies":"Reptomancer","floor":41,"turns":7},{"damage":46,"enemies":"Transient","floor":42,"turns":5},{"damage":18,"enemies":"Giant Head","floor":44,"turns":6},{"damage":5,"enemies":"Writhing Mass","floor":45,"turns":4},{"damage":52,"enemies":"Reptomancer","floor":47,"turns":7},{"damage":2,"enemies":"Sphere and 2 Shapes","floor":48,"turns":6},{"damage":72,"enemies":"Time Eater","floor":50,"turns":10},{"damage":58,"enemies":"Shield and Spear","floor":54,"turns":8},{"damage":99,"enemies":"The Heart","floor":55,"turns":7}],"seed_played":"5187893640963475222","potions_obtained":[{"floor":2.0,"key":"Dexterity Potion"},{"floor":6.0,"key":"GamblersBrew"},{"floor":8.0,"key":"Fire Potion"},{"floor":10.0,"key":"AttackPotion"},{"floor":13.0,"key":"SneckoOil"},{"floor":25.0,"key":"FearPotion"},{"floor":28.0,"key":"Strength Potion"},{"floor":33.0,"key":"Block Potion"},{"floor":36.0,"key":"Regen Potion"},{"floor":37.0,"key":"LiquidBronze"},{"floor":37.0,"key":"LiquidMemories"},{"floor":48,"key":"Dexterity Potion"}],"is_trial":false,"path_per_floor":["M","M","M","?","$","E","R","E","T","M","R","?","E","M","R","B",null,"M","$","?","$","M","R","?","E","T","?","E","?","?","E","R","B",null,"M","M","?","$","M","R","E","M","T","E","M","R","E","M","R","B",null,"R","$","E","B",null],"character_chosen":"IRONCLAD","items_purchased":["Inflame","Vajra","True Grit","Rage","Strength Potion","Disarm","Master of Strategy","SteroidPotion","Pommel Strike","Rupture","Toy Ornithopter","Dark Embrace","Orrery","Battle Trance"],"campfire_rested":0,"item_purchase_floors":[5,5,5,5,5,19,19,19,21,38,38,53,53,53],"current_hp_per_floor":[72,65,63,45,45,35,35,11,11,23,23,23,41,47,47,44,65,72,72,72,72,72,72,56,72,72,72,72,59,59,56,74,72,76,70,75,75,75,77,77,77,50,50,59,77,77,77,77,77,77,77,77,77,84,56],"gold":88,"neow_bonus":"TWO_FIFTY_GOLD","is_daily":false,"chose_seed":false,"campfire_upgraded":8,"win_rate":0.0,"timestamp":1613227304,"path_taken":["M","M","M","?","$","E","R","E","T","M","R","?","E","M","R","BOSS","M","$","?","?","M","R","?","E","T","?","E","?","?","E","R","BOSS","M","M","?","$","?","R","E","M","T","E","M","R","E","M","R","BOSS","R","$","E","BOSS"],"items_purchased_type":["Card","Relic","Card","Card","Potion","Card","Card","Potion","Card","Card","Relic","Card","Relic","Card"],"build_version":"2020-12-22","purchased_purges":0,"victory":true,"max_hp_per_floor":[72,72,72,72,72,72,72,72,72,72,72,72,72,72,72,72,72,72,72,72,72,72,72,72,72,72,72,72,77,77,77,77,77,77,77,77,77,77,77,77,77,77,77,77,77,77,77,77,77,77,77,77,77,91,91],"relic_stats":{"Happy Flower":[29],"Torii":33,"counters":[27,143],"Golden Idol":189,"CeramicFish":153,"Blue Candle":[104],"Eternal Feather":18,"Juzu Bracelet":0,"Letter Opener":[261],"Orichalcum":[18],"Cursed Key":2,"Burning Blood":120,"Mummified Hand":[38],"Necronomicon":[45],"obtain_stats":[{"Happy Flower":27,"Torii":44,"Golden Idol":4,"Blue Candle":8,"CeramicFish":25,"Vajra":5,"Eternal Feather":28,"Mango":54,"Juzu Bracelet":47,"Letter Opener":31,"Orichalcum":43,"Cursed Key":17,"Burning Blood":0,"Akabeko":6,"Anchor":13,"Mummified Hand":41,"Orrery":53,"Mark of Pain":34,"Necronomicon":24,"Toy Ornithopter":38,"Meat on the Bone":9},{"Happy Flower":12,"Torii":21,"Golden Idol":3,"Blue Candle":5,"CeramicFish":12,"Vajra":3,"Eternal Feather":13,"Mango":26,"Juzu Bracelet":23,"Letter Opener":14,"Orichalcum":20,"Cursed Key":9,"Burning Blood":0,"Akabeko":4,"Anchor":7,"Mummified Hand":19,"Orrery":25,"Mark of Pain":15,"Necronomicon":11,"Toy Ornithopter":17,"Meat on the Bone":5},{"Happy Flower":56,"Torii":101,"Golden Idol":11,"Blue Candle":18,"CeramicFish":56,"Vajra":11,"Eternal Feather":59,"Mango":136,"Juzu Bracelet":112,"Letter Opener":63,"Orichalcum":95,"Cursed Key":37,"Burning Blood":0,"Akabeko":14,"Anchor":24,"Mummified Hand":90,"Orrery":128,"Mark of Pain":72,"Necronomicon":48,"Toy Ornithopter":78,"Meat on the Bone":18}],"Toy Ornithopter":10,"Meat on the Bone":36},"card_choices":[{"not_picked":["Headbutt","True Grit"],"picked":"Twin Strike","floor":1.0},{"not_picked":["Bloodletting","Havoc"],"picked":"Heavy Blade","floor":2.0},{"not_picked":["Evolve","Sentinel"],"picked":"Clothesline","floor":3.0},{"not_picked":["Seeing Red","Shockwave"],"picked":"Anger","floor":6.0},{"not_picked":["Seeing Red","Hemokinesis"],"picked":"Intimidate","floor":8.0},{"not_picked":["Perfected Strike","Bloodletting"],"picked":"Headbutt","floor":10.0},{"not_picked":["Burning Pact","Flex"],"picked":"Feel No Pain","floor":13.0},{"not_picked":["Iron Wave","Clothesline"],"picked":"Armaments","floor":14.0},{"not_picked":["Bludgeon","Exhume"],"picked":"Reaper","floor":16.0},{"not_picked":["Perfected Strike","Warcry"],"picked":"True Grit","floor":18.0},{"not_picked":["Dropkick+1","Wild Strike","Flex"],"picked":"SKIP","floor":22.0},{"not_picked":["True Grit","Twin Strike"],"picked":"Shrug It Off","floor":25.0},{"not_picked":["Fire Breathing","Headbutt","Flex"],"picked":"SKIP","floor":28.0},{"not_picked":["Wild Strike","Perfected Strike"],"picked":"Warcry","floor":31.0},{"not_picked":["Bludgeon","Impervious"],"picked":"Exhume","floor":33.0},{"not_picked":["Flex","Warcry"],"picked":"Flame Barrier","floor":35.0},{"not_picked":["Wild Strike","Spot Weakness"],"picked":"Disarm+1","floor":36.0},{"not_picked":["Dropkick","Sword Boomerang"],"picked":"Rupture+1","floor":39.0},{"not_picked":["Flame Barrier","Ghostly Armor"],"picked":"Exhume","floor":41},{"not_picked":["Headbutt","Armaments","Rage"],"picked":"SKIP","floor":42},{"not_picked":["Sword Boomerang","Headbutt","True Grit"],"picked":"SKIP","floor":44},{"not_picked":["Spot Weakness","Combust","Anger"],"picked":"SKIP","floor":45},{"not_picked":["Spot Weakness","Disarm","Iron Wave"],"picked":"SKIP","floor":47},{"not_picked":["Infernal Blade","Anger+1","Exhume"],"picked":"SKIP","floor":48},{"not_picked":["Clothesline","Combust"],"picked":"Offering","floor":53},{"not_picked":["Warcry","Shrug It Off"],"picked":"Rupture+1","floor":53},{"not_picked":["Havoc","Heavy Blade+1"],"picked":"Seeing Red","floor":54}],"player_experience":1432173,"relics_obtained":[{"floor":6.0,"key":"Akabeko"},{"floor":8.0,"key":"Blue Candle"},{"floor":9.0,"key":"Meat on the Bone"},{"floor":13.0,"key":"Anchor"},{"floor":24.0,"key":"Necronomicon"},{"floor":25.0,"key":"CeramicFish"},{"floor":28.0,"key":"Eternal Feather"},{"floor":31.0,"key":"Letter Opener"},{"floor":41,"key":"Mummified Hand"},{"floor":43,"key":"Orichalcum"},{"floor":44,"key":"Torii"},{"floor":47,"key":"Juzu Bracelet"},{"floor":54,"key":"Mango"}],"event_choices":[{"damage_healed":0.0,"max_hp_gain":0.0,"max_hp_loss":0.0,"gold_gain":0.0,"event_name":"Golden Idol","player_choice":"Take Damage","floor":4.0,"gold_loss":0.0,"damage_taken":18.0,"relics_obtained":["Golden Idol"]},{"damage_healed":0.0,"max_hp_gain":0.0,"max_hp_loss":0.0,"gold_gain":0.0,"event_name":"Living Wall","player_choice":"Grow","floor":12.0,"gold_loss":0.0,"damage_taken":0.0,"cards_upgraded":["Rage"]},{"cards_removed":["Strike_R"],"damage_healed":0.0,"max_hp_gain":0.0,"max_hp_loss":0.0,"gold_gain":0.0,"event_name":"Bonfire Elementals","player_choice":"Offered Basic","floor":20.0,"gold_loss":0.0,"damage_taken":0.0},{"damage_healed":0.0,"max_hp_gain":0.0,"max_hp_loss":0.0,"gold_gain":0.0,"event_name":"Cursed Tome","player_choice":"Obtained Book","floor":24.0,"gold_loss":0.0,"damage_taken":16.0},{"damage_healed":0.0,"max_hp_gain":0.0,"max_hp_loss":0.0,"gold_gain":0.0,"event_name":"Addict","player_choice":"Stole Relic","floor":27.0,"gold_loss":0.0,"damage_taken":0.0,"relics_obtained":["Happy Flower"],"cards_obtained":["Shame"]},{"damage_healed":0.0,"max_hp_gain":5.0,"max_hp_loss":0.0,"gold_gain":0.0,"event_name":"Forgotten Altar","player_choice":"Shed Blood","floor":29.0,"gold_loss":0.0,"damage_taken":18.0},{"cards_removed":["Strike_R"],"damage_healed":0.0,"max_hp_gain":0.0,"max_hp_loss":0.0,"gold_gain":0.0,"event_name":"Designer","player_choice":"Upgrade and Remove","floor":30.0,"gold_loss":90.0,"damage_taken":0.0,"cards_upgraded":["True Grit"]},{"damage_healed":0.0,"max_hp_gain":0.0,"max_hp_loss":0.0,"gold_gain":0.0,"event_name":"The Woman in Blue","player_choice":"Bought 3 Potions","floor":37.0,"gold_loss":0.0,"damage_taken":0.0}],"is_beta":false,"boss_relics":[{"not_picked":["Sozu","Runic Dome"],"picked":"Cursed Key"},{"not_picked":["Runic Cube","Velvet Choker"],"picked":"Mark of Pain"}],"items_purged_floors":[],"is_endless":false,"potions_floor_spawned":[2,6,8,10,13,25,28,33,36,39,48],"ascension_level":13}}