{"host":"zeqqfkj762i3pba1","time":1613197451,"event":{"mods":["BaseMod","Colored Map","Downfall","Minty Spire (QoL Compilation)","StSLib"],"gold_per_floor":[99,110,123,134,584,5,28,28,39,74,149,165,265,284,304,404,404,304,13,30,40,54,39,39,139,139,170,70,105,5,24,40,144,144,144,162,174,5,5,25,49,49,77,77,18,28,58,75,94,94,94,127,1,1,1,1,1,1],"floor_reached":56,"language":"ENG","playtime":7745,"items_purged":["downfall:Icky","downfall:Icky"],"score":926,"play_id":"d433c13f-4640-46a4-bc26-3bdf2b1dc71d","local_time":"20210213012411","is_ascension_mode":false,"campfire_choices":[{"data":"Guardian:CurlUp","floor":1.0,"key":"SMITH"},{"data":"expansioncontent:StudyTheSpire","floor":8.0,"key":"SMITH"},{"data":"Guardian:TimeSifter","floor":18.0,"key":"SMITH"},{"floor":26.0,"key":"RECALL"},{"data":"Guardian:SphericShield","floor":28.0,"key":"SMITH"},{"data":"Guardian:SpikerProtocol","floor":30.0,"key":"SMITH"},{"data":"Guardian:ConstructionForm","floor":35.0,"key":"SMITH"},{"floor":54.0,"key":"REST"}],"circlet_count":0,"master_deck":["Guardian:Strike_Guardian","Guardian:Defend_Guardian+1","Guardian:Defend_Guardian","Guardian:Defend_Guardian","Guardian:Defend_Guardian+1","Guardian:CurlUp+1","Guardian:TwinSlam","Guardian:Recover","Guardian:Reroute","downfall:Icky","Guardian:SphericShield+1","expansioncontent:StudyTheSpire+1","Guardian:TimeSifter+1","Guardian:TimeCapacitor","Guardian:PiercingHide+1","Guardian:Harden+1","Guardian:BronzeOrb","Guardian:ConstructionForm+1","Guardian:SpikerProtocol+1","Guardian:ShieldCharger+1","Guardian:ChargeCore","Guardian:Clone+1","Guardian:Reroute","Guardian:FloatingOrbs","Guardian:PiercingHide+1","Guardian:SentryBeam+1","Guardian:EvasiveProtocol","Guardian:ConstructionForm","Guardian:ShieldCharger+1","Guardian:TimeBomb+1","Pain","Guardian:TimeBomb+1","Guardian:PrimingBeam+1","Bash","expansioncontent:AwakenDeath","Apotheosis+1","Guardian:Harden+1","Guardian:Harden+1","Guardian:AncientConstruct"],"relics":["Guardian:ModeShifterPlus","White Beast Statue","Art of War","Toxic Egg 2","SlaversCollar","downfall:HeartBlessingGreen","Potion Belt","MutagenicStrength","HornCleat","downfall:HeartBlessingRed","Bag of Preparation","downfall:HeartBlessingBlue","Sling","WarpedTongs","War Paint","Lantern","Vajra","Bird Faced Urn","Guardian:PickAxe"],"acts_visited":["Exordium","TheCity","TheBeyond","TheEnding"],"potions_floor_usage":[56,56],"damage_taken":[{"damage":1.0,"enemies":"Jaw Worm","floor":2.0,"turns":6.0},{"damage":1.0,"enemies":"Cultist","floor":3.0,"turns":4.0},{"damage":3.0,"enemies":"2 Louse","floor":4.0,"turns":4.0},{"damage":5.0,"enemies":"downfall:FleeingMerchant","floor":6.0,"turns":4.0},{"damage":0.0,"enemies":"3 Louse","floor":9.0,"turns":4.0},{"damage":14.0,"enemies":"Gremlin Nob","floor":10.0,"turns":6.0},{"damage":21.0,"enemies":"Gremlin Gang","floor":12.0,"turns":7.0},{"damage":0.0,"enemies":"Large Slime","floor":14.0,"turns":6.0},{"damage":13.0,"enemies":"Exordium Thugs","floor":15.0,"turns":6.0},{"damage":21.0,"enemies":"DF_ARCHETYPE_STREAMLINE","floor":16.0,"turns":12.0},{"damage":1.0,"enemies":"downfall:FleeingMerchant","floor":19.0,"turns":4.0},{"damage":6.0,"enemies":"Shell Parasite","floor":20.0,"turns":7.0},{"damage":0.0,"enemies":"Spheric Guardian","floor":21.0,"turns":6.0},{"damage":4.0,"enemies":"Chosen and Byrds","floor":22.0,"turns":7.0},{"damage":0.0,"enemies":"downfall:FleeingMerchant","floor":23.0,"turns":4.0},{"damage":0.0,"enemies":"downfall:Augmenter","floor":25.0,"turns":6.0},{"damage":0.0,"enemies":"Slavers","floor":27.0,"turns":5.0},{"damage":9.0,"enemies":"Book of Stabbing","floor":29.0,"turns":4.0},{"damage":0.0,"enemies":"Sentry and Sphere","floor":31.0,"turns":6.0},{"damage":15.0,"enemies":"Snake Plant","floor":32.0,"turns":2.0},{"damage":22.0,"enemies":"IC_MUSHROOM_ARCHETYPE","floor":33.0,"turns":8.0},{"damage":0.0,"enemies":"Orb Walker","floor":36.0,"turns":3.0},{"damage":8.0,"enemies":"3 Darklings","floor":37.0,"turns":5.0},{"damage":0.0,"enemies":"downfall:FleeingMerchant","floor":38.0,"turns":4.0},{"damage":4.0,"enemies":"4 Shapes","floor":40.0,"turns":4.0},{"damage":5.0,"enemies":"Reptomancer","floor":43.0,"turns":7.0},{"damage":0.0,"enemies":"downfall:FleeingMerchant","floor":45.0,"turns":3.0},{"damage":0.0,"enemies":"Spire Growth","floor":46.0,"turns":6.0},{"damage":1.0,"enemies":"Giant Head","floor":47.0,"turns":8.0},{"damage":0.0,"enemies":"Maw","floor":48.0,"turns":9.0},{"damage":0.0,"enemies":"Transient","floor":49.0,"turns":5.0},{"damage":41.0,"enemies":"SI_POISON_ARCHETYPE","floor":50.0,"turns":9.0},{"damage":31.0,"enemies":"downfall:CharBossMerchant","floor":52.0,"turns":9.0},{"damage":0.0,"enemies":"downfall:NeowBoss","floor":55.0,"turns":13.0},{"damage":180,"enemies":"downfall:NeowBossFinal","floor":56,"turns":14}],"seed_played":"8506165750343565975","potions_obtained":[{"floor":9.0,"key":"Explosive Potion"},{"floor":10.0,"key":"FearPotion"},{"floor":11.0,"key":"downfall:CursedFountainPotion"},{"floor":12.0,"key":"BlessingOfTheForge"},{"floor":14.0,"key":"SkillPotion"},{"floor":15.0,"key":"ColorlessPotion"},{"floor":16.0,"key":"SkillPotion"},{"floor":19.0,"key":"Swift Potion"},{"floor":20.0,"key":"Strength Potion"},{"floor":21.0,"key":"ColorlessPotion"},{"floor":22.0,"key":"DistilledChaos"},{"floor":23.0,"key":"champ:CounterPotion"},{"floor":25.0,"key":"Block Potion"},{"floor":27.0,"key":"SkillPotion"},{"floor":29.0,"key":"SpeedPotion"},{"floor":31.0,"key":"EntropicBrew"},{"floor":32.0,"key":"GamblersBrew"},{"floor":33.0,"key":"SteroidPotion"},{"floor":36.0,"key":"PowerPotion"},{"floor":37.0,"key":"Fruit Juice"},{"floor":38.0,"key":"hexamod:SoulburnPotion"},{"floor":40.0,"key":"SteroidPotion"},{"floor":43.0,"key":"Guardian:BlockOnCardUsePotion"},{"floor":45.0,"key":"Dexterity Potion"},{"floor":47.0,"key":"DistilledChaos"},{"floor":48.0,"key":"DistilledChaos"},{"floor":52.0,"key":"Guardian:AcceleratePotion"}],"is_trial":false,"path_per_floor":["R","M","M","M","?","$","T","R","M","E","?","M","?","M","M","B",null,"R","$","M","M","M","$","T","?","R","E","R","E","R","M","M","B",null,"R","M","M","?","?","M","T","?","E","?","$","M","E","M","M","B",null,"E","$","R","B","B"],"character_chosen":"GUARDIAN","items_purchased":["expansioncontent:StudyTheSpire","White Beast Statue","Guardian:TimeSifter","Potion Belt","Guardian:ShieldCharger+1","Sling","Vajra","expansioncontent:AwakenDeath","Apotheosis+1","SkillPotion","DistilledChaos"],"campfire_rested":1,"item_purchase_floors":[6,6,6,19,19,38,45,45,45,53,53],"current_hp_per_floor":[88,87,86,83,83,78,78,78,78,64,64,43,43,43,30,9,88,88,87,81,81,77,77,77,77,77,77,77,68,78,78,63,41,98,98,98,95,95,95,91,91,91,86,86,86,86,85,95,101,65,103,72,72,102,103,0,0,0],"gold":1,"neow_bonus":"TEN_PERCENT_HP_BONUS","is_daily":false,"chose_seed":false,"campfire_upgraded":6,"win_rate":0.0,"timestamp":1613197451,"path_taken":["R","M","M","M","?","$","T","R","M","E","?","?","?","M","M","BOSS","R","$","M","?","M","?","T","?","R","E","R","E","R","M","M","BOSS","R","M","M","?","?","?","T","?","E","?","$","M","E","?","M","BOSS","E","$","R","BOSS","BOSS"],"items_purchased_type":["Card","Relic","Card","Relic","Card","Relic","Relic","Card","Card","Potion","Potion"],"build_version":"2020-12-22","purchased_purges":2,"victory":false,"max_hp_per_floor":[88,88,88,88,88,88,88,88,88,88,88,88,88,88,88,88,88,88,88,88,88,88,88,88,88,88,88,88,88,98,98,98,98,98,98,98,103,103,103,103,103,103,103,103,103,103,103,103,103,103,103,103,103,103,103,103,103,103],"card_choices":[{"not_picked":["Guardian:ShieldCharger","Guardian:PrimingBeam"],"picked":"Guardian:Recover","floor":2.0},{"not_picked":["Guardian:TemporalShield","Guardian:Suspension"],"picked":"Guardian:Gem_Red","floor":3.0},{"not_picked":["Guardian:Gem_Lightblue","Guardian:TimeCapacitor"],"picked":"Guardian:Reroute","floor":4.0},{"not_picked":["Guardian:Recover","Guardian:Planning"],"picked":"Guardian:SphericShield","floor":6.0},{"not_picked":["Guardian:Gem_Cyan","Guardian:Gem_Purple"],"picked":"Guardian:TimeCapacitor","floor":9.0},{"not_picked":["Guardian:FloatingOrbs","Guardian:Suspension+1"],"picked":"Guardian:PiercingHide+1","floor":10.0},{"not_picked":["Guardian:VentSteam+1","Guardian:PrimingBeam"],"picked":"Guardian:Gem_Red","floor":12.0},{"not_picked":["Guardian:CrystalBeam","Guardian:VentSteam+1"],"picked":"Guardian:Harden+1","floor":14.0},{"not_picked":["Guardian:Planning+1","Guardian:Gem_Lightblue"],"picked":"Guardian:BronzeOrb","floor":15.0},{"not_picked":["Guardian:TimeSifter","Guardian:BaubleBeam"],"picked":"Guardian:ConstructionForm","floor":16.0},{"not_picked":["Guardian:Gem_Cyan","Guardian:TemporalShield+1"],"picked":"Guardian:SpikerProtocol","floor":19.0},{"not_picked":["Guardian:Gem_Green","Guardian:Reroute"],"picked":"Guardian:ChargeCore","floor":20.0},{"not_picked":["Guardian:Incinerate","Guardian:TemporalStrike"],"picked":"Guardian:Clone+1","floor":21.0},{"not_picked":["Guardian:WalkerClaw","Guardian:SphericShield+1"],"picked":"Guardian:Gem_Red","floor":22.0},{"not_picked":["Guardian:TimeBomb+1","Guardian:RefractedBeam"],"picked":"Guardian:Gem_Lightblue","floor":23.0},{"not_picked":[],"picked":"J.A.X.","floor":25.0},{"not_picked":["Guardian:RefractedBeam","Guardian:TemporalShield+1"],"picked":"Guardian:PiercingHide+1","floor":25.0},{"not_picked":["Guardian:WalkerClaw","Guardian:Clone+1"],"picked":"Guardian:Gem_White","floor":27.0},{"not_picked":["Guardian:Reroute","Guardian:Harden+1"],"picked":"Guardian:Gem_Crimson","floor":29.0},{"not_picked":["Guardian:Gem_Red","Guardian:PrimingBeam"],"picked":"Guardian:SentryBeam+1","floor":31.0},{"not_picked":["Guardian:Gem_Purple","Guardian:Incinerate+1"],"picked":"Guardian:EvasiveProtocol","floor":32.0},{"not_picked":["Guardian:StasisField+1","Guardian:TimeSifter"],"picked":"Guardian:ConstructionForm","floor":33.0},{"not_picked":["Guardian:PrimingBeam+1","Guardian:Recover+1"],"picked":"Guardian:ShieldCharger+1","floor":36.0},{"not_picked":["Guardian:Gem_Lightblue","Guardian:Clone+1","Guardian:TemporalStrike"],"picked":"SKIP","floor":37.0},{"not_picked":["Guardian:Gem_Cyan","Guardian:WalkerClaw"],"picked":"Guardian:TimeBomb+1","floor":38.0},{"not_picked":["Guardian:EvasiveProtocol+1","Guardian:HyperBeam_Guardian"],"picked":"Guardian:TimeBomb+1","floor":40.0},{"not_picked":["Guardian:Incinerate+1","Guardian:Gem_Purple"],"picked":"Guardian:PrimingBeam+1","floor":43.0},{"not_picked":["Guardian:Planning+1","Guardian:CrystalBeam+1","Guardian:TemporalShield+1"],"picked":"SKIP","floor":45.0},{"not_picked":["Guardian:PiercingHide+1","Guardian:EvasiveProtocol"],"picked":"Guardian:Harden+1","floor":46.0},{"not_picked":["Guardian:HyperBeam_Guardian","Guardian:PrismaticBeam+1","Guardian:PrimingBeam+1"],"picked":"SKIP","floor":47.0},{"not_picked":["Guardian:RollAttack+1","Guardian:Suspension+1"],"picked":"Guardian:Harden+1","floor":48.0},{"not_picked":["Guardian:PrismaticBarrier+1","Guardian:RollAttack+1","Guardian:PiercingHide+1"],"picked":"SKIP","floor":49.0},{"not_picked":["Guardian:RefractedBeam","Guardian:Gem_Red"],"picked":"Guardian:AncientConstruct","floor":52.0}],"player_experience":227372,"relics_obtained":[{"floor":7.0,"key":"Art of War"},{"floor":10.0,"key":"Toxic Egg 2"},{"floor":25.0,"key":"MutagenicStrength"},{"floor":27.0,"key":"HornCleat"},{"floor":29.0,"key":"Bag of Preparation"},{"floor":41.0,"key":"War Paint"},{"floor":43.0,"key":"Lantern"},{"floor":47.0,"key":"Bird Faced Urn"},{"floor":52.0,"key":"Guardian:PickAxe"}],"event_choices":[{"cards_removed":["J.A.X."],"damage_healed":0.0,"max_hp_gain":0.0,"max_hp_loss":0.0,"gold_gain":0.0,"event_name":"NoteForYourself","player_choice":"Took Card","floor":44.0,"gold_loss":0.0,"damage_taken":0.0,"cards_obtained":["Bash"]}],"is_beta":false,"boss_relics":[{"not_picked":["Busted Crown","Empty Cage"],"picked":"SlaversCollar"},{"not_picked":["Pandora\u0027s Box","Velvet Choker"],"picked":"Guardian:ModeShifterPlus"}],"items_purged_floors":[6,19],"is_endless":false,"potions_floor_spawned":[9,10,12,14,15,16,19,20,21,22,23,25,27,29,31,32,33,36,37,38,40,43,45,46,47,48,49,52],"killed_by":"downfall:NeowBossFinal","ascension_level":0}}