{"host":"9kesdg97wkrx2bva","time":1613253065,"event":{"mods":["AchievementEnabler","BaseMod","Colored Map","GifTheSpireLib","Infinite Spire","Minty Spire (QoL Compilation)","Replay The Spire","StSLib"],"gold_per_floor":[363,363,363,131,131,165,78,78,78,94,108,143,158,158,158,234,234,252,252,271,196,96,96,96,96,96,96,96],"floor_reached":27,"language":"ENG","playtime":687,"items_purged":["Strike_G","Strike_G"],"score":401,"play_id":"f3a0c525-2ad2-4c44-a94c-edca2d61df23","local_time":"20210213155105","is_ascension_mode":true,"campfire_choices":[{"data":"Neutralize","floor":8,"key":"SMITH"},{"floor":15,"key":"REST"},{"floor":23,"key":"REST"},{"data":"Calculated Gamble","floor":25,"key":"SMITH"}],"circlet_count":0,"master_deck":["AscendersBane","Strike_G","Strike_G","Defend_G+1","Defend_G+1","Defend_G+1","Defend_G+1","Survivor","Neutralize+1","Deadly Poison+1","Predator+1","Die Die Die","Masterful Stab","Noxious Fumes+1","Bouncing Flask","Caltrops+1","Bane","Deadly Poison","Envenom+1","Catalyst","Catalyst+1","Calculated Gamble+1"],"relics":["Ring of the Snake","Blue Doll","Frozen Egg 2","Dream Catcher","Replay:Bottled Eggs","Philosopher\u0027s Stone","Kunai"],"acts_visited":["Exordium","TheCity"],"potions_floor_usage":[6,12,16,20],"damage_taken":[{"damage":0,"enemies":"2 Louse","floor":1,"turns":6},{"damage":12,"enemies":"Gremlin Nob","floor":6,"turns":3},{"damage":0,"enemies":"Small Slimes","floor":10,"turns":1},{"damage":0,"enemies":"Cultist","floor":11,"turns":2},{"damage":20,"enemies":"Lagavulin","floor":12,"turns":4},{"damage":0,"enemies":"2 Fungi Beasts","floor":13,"turns":2},{"damage":26,"enemies":"Fading Forest","floor":16,"turns":11},{"damage":0,"enemies":"Chosen","floor":18,"turns":4},{"damage":16,"enemies":"Shell Parasite","floor":20,"turns":4},{"damage":61,"enemies":"Gremlin Leader","floor":27,"turns":4}],"seed_played":"-3303263122582035555","potions_obtained":[{"floor":1,"key":"BlessingOfTheForge"},{"floor":11,"key":"infinitespire:BlackPotion"},{"floor":12,"key":"Adrenaline Potion"},{"floor":18,"key":"Swift Potion"}],"is_trial":false,"path_per_floor":["M","?","?","$","?","E","$","R","T","M","M","E","M","?","R","B",null,"M","?","M","?","$","R","?","R","T","E"],"character_chosen":"THE_SILENT","items_purchased":["Die Die Die","Noxious Fumes+1"],"campfire_rested":2,"item_purchase_floors":[4,7],"current_hp_per_floor":[59,59,54,54,54,42,42,42,42,42,42,22,22,22,40,14,49,49,49,33,33,33,51,51,51,51,0,0],"gold":96,"neow_bonus":"TWO_FIFTY_GOLD","is_daily":false,"chose_seed":false,"campfire_upgraded":2,"win_rate":0.0,"timestamp":1613253065,"path_taken":["M","?","?","$","?","E","$","R","T","?","M","E","M","?","R","BOSS","M","?","M","?","$","R","?","R","T","E"],"items_purchased_type":["Card","Card"],"build_version":"2020-12-22","purchased_purges":2,"victory":false,"max_hp_per_floor":[60,60,60,60,60,60,60,60,60,60,60,60,60,60,60,60,60,60,60,60,60,60,60,60,60,60,60,60],"card_choices":[{"not_picked":["Dagger Throw","ReplayTheSpireMod:Exploit Weakness"],"picked":"Deadly Poison","floor":1},{"not_picked":["Eviscerate","Cloak And Dagger"],"picked":"Masterful Stab","floor":6},{"not_picked":["Outmaneuver","Endless Agony"],"picked":"Bouncing Flask","floor":10},{"not_picked":["Infinite Blades+1","Underhanded Strike"],"picked":"Caltrops+1","floor":11},{"not_picked":["Finisher","Bane","Skewer"],"picked":"SKIP","floor":12},{"not_picked":["Finisher","Skewer"],"picked":"Bane","floor":12},{"not_picked":["Finisher","Endless Agony","Slice"],"picked":"SKIP","floor":13},{"not_picked":["Slice","Acrobatics"],"picked":"Deadly Poison","floor":15},{"not_picked":["Glass Knife","Venomology"],"picked":"Envenom+1","floor":16},{"not_picked":["Footwork+1","PiercingWail"],"picked":"Catalyst","floor":18},{"not_picked":["Outmaneuver","Dash"],"picked":"Catalyst+1","floor":20},{"not_picked":["Backstab","Outmaneuver"],"picked":"Calculated Gamble","floor":23}],"player_experience":1036024,"relics_obtained":[{"floor":6,"key":"Frozen Egg 2"},{"floor":9,"key":"Dream Catcher"},{"floor":12,"key":"Replay:Bottled Eggs"},{"floor":26,"key":"Kunai"}],"event_choices":[{"damage_healed":0,"gold_gain":0,"player_choice":"Success","damage_taken":5,"relics_obtained":["Blue Doll"],"max_hp_gain":0,"max_hp_loss":0,"event_name":"Scrap Ooze","floor":3,"gold_loss":0},{"damage_healed":0,"gold_gain":0,"player_choice":"Upgraded","damage_taken":0,"max_hp_gain":0,"max_hp_loss":0,"event_name":"Upgrade Shrine","floor":5,"gold_loss":0,"cards_upgraded":["Deadly Poison"]},{"damage_healed":0,"gold_gain":0,"player_choice":"Ignored","damage_taken":0,"max_hp_gain":0,"max_hp_loss":0,"event_name":"Liars Game","floor":14,"gold_loss":0},{"cards_removed":["Strike_G"],"damage_healed":0,"gold_gain":0,"player_choice":"Gave Gold","damage_taken":0,"max_hp_gain":0,"max_hp_loss":0,"event_name":"Beggar","floor":21,"gold_loss":75},{"damage_healed":0,"gold_gain":0,"player_choice":"Ignored","damage_taken":0,"max_hp_gain":0,"max_hp_loss":0,"event_name":"N\u0027loth","floor":24,"gold_loss":0}],"is_beta":false,"boss_relics":[{"not_picked":["Runic Pyramid","Cursed Key"],"picked":"Philosopher\u0027s Stone"}],"items_purged_floors":[4,22],"is_endless":false,"potions_floor_spawned":[1,11,12,18],"killed_by":"Gremlin Leader","ascension_level":17}}