{"host":"8e3sp1tozjyrh64l","time":1613190659,"event":{"mods":["BaseMod","Better Altar","Better Match","Better Note","Better Sensory Stone","Better Silent Start","Better Skull","Better Third Choice","BetterRewards","Curses Come First","Defuse TimeMaze Blight","Infinite Spire","Minty Spire (QoL Compilation)","Permanent Neow","Rare Cards Sparkle","Relic Sorter","Reliquary","Replay The Spire","Shop Mod","Spicy Shops","StSLib","SuperFastMode","Wandering Minibosses"],"gold_per_floor":[110,123,123,136,136,166,176,176,176],"floor_reached":8,"language":"ENG","playtime":266,"items_purged":[],"score":58,"play_id":"171039f4-ae36-49cf-a5a1-fc7b7f4c1606","local_time":"20210212213059","is_ascension_mode":false,"campfire_choices":[],"circlet_count":0,"master_deck":["Strike_G","Strike_G","Strike_G","Strike_G","Defend_G","Defend_G","Defend_G","Defend_G","Survivor","Neutralize","ReplayTheSpireMod:Scrap Shanks","ReplayTheSpireMod:Scrap Shanks","Backstab"],"relics":["Ring of the Snake","Nunchaku","Juzu Bracelet"],"acts_visited":["Exordium"],"potions_floor_usage":[4],"damage_taken":[{"damage":0,"enemies":"Small Slimes","floor":1,"turns":5},{"damage":0,"enemies":"Jaw Worm","floor":2,"turns":4},{"damage":0,"enemies":"Cultist","floor":4,"turns":3},{"damage":64,"enemies":"3 Sentries","floor":6,"turns":13},{"damage":2,"enemies":"Looter","floor":7,"turns":4},{"damage":0,"enemies":"Replay:BlueRogue","floor":8,"turns":3}],"seed_played":"-1082126662886366974","potions_obtained":[{"floor":2,"key":"AttackPotion"},{"floor":6,"key":"Fire Potion"}],"is_trial":false,"path_per_floor":["M","M","?","M","?","E","M","E"],"character_chosen":"THE_SILENT","items_purchased":[],"campfire_rested":0,"item_purchase_floors":[],"current_hp_per_floor":[70,70,70,70,70,6,4,4,4],"gold":176,"neow_bonus":"RANDOM_COMMON_RELIC","is_daily":false,"chose_seed":false,"campfire_upgraded":0,"win_rate":0.0,"timestamp":1613190659,"path_taken":["M","M","?","M","?","E","M","E"],"items_purchased_type":[],"build_version":"2020-12-22","purchased_purges":0,"victory":false,"max_hp_per_floor":[70,70,70,70,70,70,70,70,70],"card_choices":[{"not_picked":["Choke","Dagger Throw"],"picked":"ReplayTheSpireMod:Scrap Shanks","floor":1},{"not_picked":["Sucker Punch","Flying Knee","Deadly Poison"],"picked":"SKIP","floor":2},{"not_picked":["Dagger Spray","Hidden Blade"],"picked":"ReplayTheSpireMod:Scrap Shanks","floor":4},{"not_picked":["Quick Slash","ReplayTheSpireMod:Necrosis","Slice"],"picked":"SKIP","floor":6},{"not_picked":["Reflex","Sneak Up"],"picked":"Backstab","floor":7}],"player_experience":927867,"relics_obtained":[{"floor":6,"key":"Juzu Bracelet"}],"event_choices":[{"damage_healed":0,"gold_gain":0,"player_choice":"Leave","damage_taken":0,"max_hp_gain":0,"max_hp_loss":0,"event_name":"The Cleric","floor":3,"gold_loss":0},{"damage_healed":0,"gold_gain":0,"player_choice":"Ignored","damage_taken":0,"max_hp_gain":0,"max_hp_loss":0,"event_name":"Golden Wing","floor":5,"gold_loss":0}],"is_beta":false,"boss_relics":[],"items_purged_floors":[],"is_endless":false,"potions_floor_spawned":[2,6],"killed_by":"Replay:BlueRogue","ascension_level":0}}