{"host":"k5fgrtcqzqosfxt0","time":1613211775,"event":{"mods":["Act Like it!","Aspiration","BaseMod","Downfall","Gensokyo","Minty Spire (QoL Compilation)","StSLib","TestMod","UnlockEverythingMod"],"gold_per_floor":[368,387,387,387,235,235,261,280,280,13,24,49,14,14,14,90,90,103,103,40,55,71,71,121,135,162,174,174,174],"floor_reached":28,"language":"ZHS","playtime":1393,"items_purged":["Defend_P","Strike_P","Defend_P"],"score":506,"play_id":"a39b3ee1-8260-428d-9507-b8503fd33b73","local_time":"20210213182255","is_ascension_mode":true,"campfire_choices":[{"data":"EmptyMind","floor":6.0,"key":"SMITH"},{"data":"Wireheading","floor":15,"key":"SMITH"},{"floor":23,"key":"REST"}],"circlet_count":0,"master_deck":["AscendersBane","Strike_P","Strike_P","Defend_P","Eruption+1","Vigilance","Wireheading+1","ReachHeaven","EmptyMind+1","Evaluate","Nirvana+1","MentalFortress+1","Crescendo","DeusExMachina","InnerPeace","CarveReality+1","ThirdEye","TalkToTheHand"],"relics":["PureWater","testmod-TestBox","testmod-Fortitude","Frozen Egg 2","Membership Card","Toy Ornithopter","testmod-HarvestTotem","Akabeko"],"acts_visited":["Exordium","TheCity"],"potions_floor_usage":[11,12,16,21,25,28],"damage_taken":[{"damage":0.0,"enemies":"2 Louse","floor":1.0,"turns":2.0},{"damage":0.0,"enemies":"Cultist","floor":2.0,"turns":2.0},{"damage":17.0,"enemies":"Lagavulin","floor":7.0,"turns":6.0},{"damage":0.0,"enemies":"Jaw Worm","floor":8.0,"turns":2.0},{"damage":5,"enemies":"Looter","floor":11,"turns":4},{"damage":30,"enemies":"3 Sentries","floor":12,"turns":10},{"damage":28,"enemies":"Slime Boss","floor":16,"turns":9},{"damage":16,"enemies":"Chosen","floor":18,"turns":6},{"damage":31,"enemies":"3 Byrds","floor":21,"turns":8},{"damage":84,"enemies":"Cultist and Chosen","floor":22,"turns":9},{"damage":36,"enemies":"Sentry and Sphere","floor":25,"turns":6},{"damage":34,"enemies":"Shelled Parasite and Fungi","floor":27,"turns":3},{"damage":66,"enemies":"Gremlin Leader","floor":28,"turns":4}],"seed_played":"2154899641170673634","potions_obtained":[{"floor":1.0,"key":"testmod-SpacePotion"},{"floor":7.0,"key":"BlessingOfTheForge"},{"floor":11,"key":"Explosive Potion"},{"floor":12,"key":"SpeedPotion"},{"floor":18,"key":"testmod-SpacePotion"},{"floor":21,"key":"SkillPotion"}],"is_trial":false,"path_per_floor":["M","M","?","?","$","R","E","M","T","$","M","E","?","?","R","B",null,"M","?","$","M","M","R","?","M","T","M","E"],"character_chosen":"WATCHER","items_purchased":["EmptyMind","Membership Card","Fruit Juice"],"campfire_rested":1,"item_purchase_floors":[5,10,10],"current_hp_per_floor":[61,61,54,54,54,54,37,37,37,37,37,7,23,28,28,5,144,128,128,128,107,23,109,109,83,83,49,0,0],"gold":174,"neow_bonus":"TWO_FIFTY_GOLD","is_daily":false,"chose_seed":false,"campfire_upgraded":2,"win_rate":0.0,"timestamp":1613211775,"path_taken":["M","M","?","?","$","R","E","?","T","$","M","E","?","?","R","BOSS","M","?","$","M","?","R","?","M","T","M","E"],"items_purchased_type":["Card","Relic","Potion"],"build_version":"2020-12-22","purchased_purges":3,"victory":false,"max_hp_per_floor":[62,62,62,62,62,62,62,62,62,62,67,67,67,72,72,72,144,144,144,144,144,144,144,144,144,144,144,144,144],"card_choices":[{"not_picked":["EmptyBody","Halt"],"picked":"Wireheading","floor":1.0},{"not_picked":["Perseverance","Evaluate"],"picked":"ReachHeaven","floor":2.0},{"not_picked":["Swivel","Perseverance"],"picked":"Evaluate","floor":7.0},{"not_picked":["ClearTheMind","EmptyBody"],"picked":"Nirvana+1","floor":8.0},{"not_picked":["JustLucky","CutThroughFate"],"picked":"MentalFortress+1","floor":11},{"not_picked":["Worship","WreathOfFlame"],"picked":"Crescendo","floor":12},{"not_picked":["Blasphemy","Brilliance"],"picked":"DeusExMachina","floor":16},{"not_picked":["FollowUp","ClearTheMind","CutThroughFate"],"picked":"SKIP","floor":18},{"not_picked":["PathToVictory","CutThroughFate"],"picked":"InnerPeace","floor":21},{"not_picked":["EmptyBody","Weave"],"picked":"CarveReality+1","floor":22},{"not_picked":["Vengeance+1","ClearTheMind+1"],"picked":"ThirdEye","floor":25},{"not_picked":["ForeignInfluence","Weave"],"picked":"TalkToTheHand","floor":27}],"player_experience":650989,"relics_obtained":[{"floor":7.0,"key":"Frozen Egg 2"},{"floor":12,"key":"Toy Ornithopter"},{"floor":26,"key":"Akabeko"}],"event_choices":[{"cards_removed":["Strike_P"],"damage_healed":0.0,"max_hp_gain":0.0,"max_hp_loss":0.0,"gold_gain":0.0,"event_name":"Golden Wing","player_choice":"Card Removal","floor":3.0,"gold_loss":0.0,"damage_taken":7.0},{"damage_healed":0.0,"max_hp_gain":0.0,"max_hp_loss":0.0,"gold_gain":0.0,"event_name":"Upgrade Shrine","player_choice":"Upgraded","floor":4.0,"gold_loss":0.0,"damage_taken":0.0,"cards_upgraded":["Eruption"]},{"damage_healed":16,"gold_gain":0,"player_choice":"Healed","damage_taken":0,"max_hp_gain":0,"max_hp_loss":0,"event_name":"The Cleric","floor":13,"gold_loss":35},{"damage_healed":0,"gold_gain":0,"player_choice":"Donut","damage_taken":0,"max_hp_gain":5,"max_hp_loss":0,"event_name":"Big Fish","floor":14,"gold_loss":0},{"cards_removed":["Defend_P"],"damage_healed":0,"gold_gain":0,"player_choice":"Purged","damage_taken":0,"max_hp_gain":0,"max_hp_loss":0,"event_name":"Purifier","floor":19,"gold_loss":0},{"damage_healed":0,"gold_gain":50,"player_choice":"Stole From Cult","damage_taken":0,"max_hp_gain":0,"max_hp_loss":0,"event_name":"Nest","floor":24,"gold_loss":0}],"is_beta":false,"boss_relics":[{"not_picked":["Black Star","testmod-Prudence"],"picked":"testmod-HarvestTotem"}],"items_purged_floors":[5,10,20],"is_endless":false,"potions_floor_spawned":[1,7,11,12,18,21],"killed_by":"Gremlin Leader","ascension_level":20}}