{"host":"m4pe905ae9bldoe7","time":1613249140,"event":{"mods":["BaseMod","Bestiary","Block Reminder","Downfall","Minty Spire (QoL Compilation)","StSLib"],"gold_per_floor":[115,132,142,158,59,59,69,69,92,92,92,111,121,44,44,44,44],"floor_reached":16,"language":"ENG","playtime":480,"items_purged":[],"score":179,"play_id":"50b1a6ef-82a2-4dfb-b19e-d1a0a16d92d6","local_time":"20210213214540","is_ascension_mode":true,"campfire_choices":[{"floor":6,"key":"REST"},{"data":"Corruption","floor":8,"key":"SMITH"},{"floor":10,"key":"REST"},{"floor":15,"key":"REST"}],"circlet_count":0,"master_deck":["AscendersBane","Strike_R","Strike_R","Strike_R","Strike_R","Strike_R","Defend_R","Defend_R","Defend_R","Defend_R","Bash","Corruption+1","Havoc","Bloodletting","Headbutt","Brutality","Rupture","Armaments","True Grit","Dark Embrace"],"relics":["Burning Blood","Bag of Preparation","CultistMask"],"acts_visited":["Exordium"],"potions_floor_usage":[12,12],"damage_taken":[{"damage":8,"enemies":"Small Slimes","floor":1,"turns":3},{"damage":7,"enemies":"Cultist","floor":2,"turns":4},{"damage":7,"enemies":"2 Louse","floor":3,"turns":4},{"damage":42,"enemies":"Large Slime","floor":4,"turns":7},{"damage":29,"enemies":"3 Louse","floor":7,"turns":5},{"damage":37,"enemies":"Gremlin Gang","floor":12,"turns":5},{"damage":4,"enemies":"2 Fungi Beasts","floor":13,"turns":3},{"damage":43,"enemies":"Hexaghost","floor":16,"turns":7}],"seed_played":"-7661158934568243095","potions_obtained":[{"floor":1,"key":"Energy Potion"},{"floor":3,"key":"Fire Potion"}],"is_trial":false,"path_per_floor":["M","M","M","M","$","R","M","R","T","R","?","M","M","$","R","B"],"character_chosen":"IRONCLAD","items_purchased":["Rupture","Armaments","Dark Embrace"],"campfire_rested":3,"item_purchase_floors":[5,5,14],"current_hp_per_floor":[66,65,64,28,28,50,27,27,27,49,49,18,20,20,42,0,0],"gold":44,"neow_bonus":"ONE_RANDOM_RARE_CARD","is_daily":false,"chose_seed":false,"campfire_upgraded":1,"win_rate":0.0,"timestamp":1613249140,"path_taken":["M","M","M","M","$","R","M","R","T","R","?","M","?","$","R","BOSS"],"items_purchased_type":["Card","Card","Card"],"build_version":"2020-12-22","purchased_purges":0,"victory":false,"max_hp_per_floor":[75,75,75,75,75,75,75,75,75,75,75,75,75,75,75,75,75],"card_choices":[{"not_picked":["Clothesline","Reckless Charge"],"picked":"Havoc","floor":1},{"not_picked":["Evolve","Perfected Strike"],"picked":"Bloodletting","floor":2},{"not_picked":["Clash","Clothesline"],"picked":"Headbutt","floor":3},{"not_picked":["True Grit","Iron Wave"],"picked":"Brutality","floor":4},{"not_picked":["Clash","Body Slam","Dropkick"],"picked":"SKIP","floor":7},{"not_picked":["Searing Blow","Perfected Strike","Headbutt"],"picked":"SKIP","floor":12},{"not_picked":["Bloodletting","Clothesline"],"picked":"True Grit","floor":13}],"player_experience":597391,"relics_obtained":[{"floor":9,"key":"Bag of Preparation"}],"event_choices":[{"damage_healed":0,"gold_gain":0,"player_choice":"Trade","damage_taken":0,"relics_obtained":["CultistMask"],"max_hp_gain":0,"max_hp_loss":0,"event_name":"FaceTrader","floor":11,"gold_loss":0}],"is_beta":false,"boss_relics":[],"items_purged_floors":[],"is_endless":false,"potions_floor_spawned":[1,3,4],"killed_by":"Hexaghost","ascension_level":18}}