{"host":"0mhttqdumuceah7q","time":1613233221,"event":{"mods":["AchievementEnabler","BaseMod","Colored Map","DeckTracker","Minty Spire (QoL Compilation)","Permanent Neow"],"gold_per_floor":[111,111,127,141,156,190,205,205,205,2,35,54,82,96,96,193,193,204,204,204,224,23,53,53,83,83,83,100,116,142,156,156,260,310,326,33,33,45,57,87,98,98,123,123,148,148,163,163,163,163],"floor_reached":51,"language":"KOR","playtime":2816,"items_purged":["Strike_R","Defend_R"],"score":878,"play_id":"b1accaca-4b11-4eaf-8dd4-7db6139d849d","local_time":"20210214012021","is_ascension_mode":true,"campfire_choices":[{"data":"Anger","floor":8,"key":"SMITH"},{"data":"Anger","floor":15,"key":"SMITH"},{"data":"RitualDagger","floor":32,"key":"SMITH"},{"data":"Seeing Red","floor":42,"key":"SMITH"},{"data":"Pummel","floor":44,"key":"SMITH"},{"data":"Power Through","floor":49,"key":"SMITH"}],"circlet_count":0,"master_deck":["Strike_R+1","Strike_R","Defend_R","Defend_R","Bash","Evolve+1","Anger+1","Pommel Strike+1","Dropkick+1","Power Through+1","Flex","Wild Strike","Pummel+1","Anger+1","Cleave","Flex+1","Berserk","Inflame+1","Clothesline","Reckless Charge","Twin Strike","Pommel Strike","Disarm+1","RitualDagger+1","Heavy Blade","Carnage","Cleave+1","Pommel Strike+1","Immolate","Warcry","Havoc+1","Juggernaut+1","Thunderclap+1","Seeing Red+1","Seeing Red+1","Brutality+1"],"relics":["Burning Blood","Bag of Marbles","Orichalcum","StoneCalendar","Membership Card","Mummified Hand","Incense Burner","Black Star","Matryoshka","Sling","Shuriken","Darkstone Periapt","Strawberry","War Paint","Kunai","Toy Ornithopter","Boot","Frozen Egg 2","Tiny House","Letter Opener","Omamori","MealTicket","Ancient Tea Set","Question Card","Whetstone","Ginger","Mercury Hourglass","Red Skull"],"acts_visited":["Exordium","TheCity","TheBeyond"],"potions_floor_usage":[6,6,13,13,24,25,28,30,33,39,40,50,50,50],"damage_taken":[{"damage":8,"enemies":"Jaw Worm","floor":1,"turns":4},{"damage":6,"enemies":"Cultist","floor":3,"turns":3},{"damage":8,"enemies":"Small Slimes","floor":4,"turns":2},{"damage":18,"enemies":"2 Fungi Beasts","floor":5,"turns":3},{"damage":40,"enemies":"3 Sentries","floor":6,"turns":7},{"damage":4,"enemies":"Looter","floor":7,"turns":3},{"damage":8,"enemies":"Gremlin Nob","floor":11,"turns":3},{"damage":0,"enemies":"Blue Slaver","floor":12,"turns":1},{"damage":12,"enemies":"Lagavulin","floor":13,"turns":5},{"damage":9,"enemies":"Lots of Slimes","floor":14,"turns":3},{"damage":27,"enemies":"The Guardian","floor":16,"turns":7},{"damage":0,"enemies":"Shell Parasite","floor":18,"turns":3},{"damage":10,"enemies":"2 Thieves","floor":21,"turns":3},{"damage":48,"enemies":"Gremlin Leader","floor":23,"turns":5},{"damage":0,"enemies":"Sentry and Sphere","floor":24,"turns":1},{"damage":2,"enemies":"Book of Stabbing","floor":25,"turns":3},{"damage":15,"enemies":"Snake Plant","floor":28,"turns":3},{"damage":12,"enemies":"Centurion and Healer","floor":29,"turns":4},{"damage":14,"enemies":"Slavers","floor":30,"turns":3},{"damage":0,"enemies":"Snecko","floor":31,"turns":4},{"damage":48,"enemies":"Champ","floor":33,"turns":7},{"damage":6,"enemies":"3 Shapes","floor":35,"turns":1},{"damage":4,"enemies":"3 Darklings","floor":38,"turns":3},{"damage":26,"enemies":"Maw","floor":39,"turns":7},{"damage":12,"enemies":"Nemesis","floor":40,"turns":3},{"damage":14,"enemies":"Jaw Worm Horde","floor":41,"turns":3},{"damage":14,"enemies":"Reptomancer","floor":45,"turns":5},{"damage":16,"enemies":"Writhing Mass","floor":47,"turns":4},{"damage":51,"enemies":"Donu and Deca","floor":50,"turns":4}],"seed_played":"-353958992071127452","potions_obtained":[{"floor":1,"key":"Dexterity Potion"},{"floor":3,"key":"Regen Potion"},{"floor":5,"key":"Dexterity Potion"},{"floor":11,"key":"AttackPotion"},{"floor":14,"key":"SmokeBomb"},{"floor":16,"key":"Swift Potion"},{"floor":25,"key":"Regen Potion"},{"floor":29,"key":"PowerPotion"},{"floor":31,"key":"Explosive Potion"},{"floor":33,"key":"LiquidMemories"},{"floor":34,"key":"SteroidPotion"},{"floor":38,"key":"AttackPotion"},{"floor":40,"key":"Ancient Potion"},{"floor":47,"key":"Swift Potion"}],"is_trial":false,"path_per_floor":["M","?","M","M","M","E","M","R","T","$","E","M","E","M","R","B",null,"M","?","?","M","$","E","M","E","T","?","M","M","E","M","R","B",null,"M","$","?","M","M","E","M","R","T","R","E","?","M","T","R","B",null],"character_chosen":"IRONCLAD","items_purchased":["Membership Card","Wild Strike","Matryoshka","Sling","Juggernaut+1","Letter Opener","Omamori"],"campfire_rested":0,"item_purchase_floors":[10,10,22,22,36,36,36],"current_hp_per_floor":[78,78,78,76,64,45,47,47,47,47,45,51,45,42,42,21,80,80,80,80,76,76,34,40,51,51,45,50,44,41,47,47,10,92,92,92,92,92,77,76,68,68,68,68,60,60,50,50,50,20],"gold":163,"neow_bonus":"RANDOM_COMMON_RELIC","is_daily":false,"chose_seed":false,"campfire_upgraded":6,"win_rate":0.0,"timestamp":1613233221,"path_taken":["M","?","M","M","M","E","M","R","T","$","E","?","E","M","R","BOSS","M","?","?","M","$","E","M","E","T","?","M","M","E","M","R","BOSS","M","$","?","?","M","E","M","R","T","R","E","?","M","?","R","BOSS"],"items_purchased_type":["Relic","Card","Relic","Relic","Card","Relic","Relic"],"build_version":"2020-12-22","purchased_purges":2,"victory":true,"max_hp_per_floor":[80,80,80,80,80,80,80,80,80,80,80,80,80,80,80,80,80,80,80,80,80,80,80,80,87,87,87,87,87,87,87,87,87,92,92,92,92,92,92,92,92,92,92,92,92,92,92,92,92,92],"card_choices":[{"not_picked":["Metallicize","Heavy Blade"],"picked":"Evolve","floor":1},{"not_picked":["True Grit","Seeing Red"],"picked":"Anger","floor":3},{"not_picked":["Feel No Pain","Metallicize"],"picked":"Pommel Strike","floor":4},{"not_picked":["Rampage","Twin Strike"],"picked":"Dropkick","floor":5},{"not_picked":["Hemokinesis","Thunderclap"],"picked":"Power Through","floor":6},{"not_picked":["Second Wind","Heavy Blade"],"picked":"Flex","floor":7},{"not_picked":["Dual Wield","Searing Blow"],"picked":"Pummel","floor":11},{"not_picked":["Flame Barrier","Evolve"],"picked":"Anger","floor":12},{"not_picked":["Heavy Blade","Bludgeon"],"picked":"Cleave","floor":13},{"not_picked":["Warcry","Cleave"],"picked":"Flex","floor":14},{"not_picked":["Limit Break","Offering"],"picked":"Berserk","floor":16},{"not_picked":["Sword Boomerang","Disarm+1"],"picked":"Inflame+1","floor":18},{"not_picked":["Sword Boomerang","Feel No Pain"],"picked":"Twin Strike","floor":21},{"not_picked":["Hemokinesis","True Grit"],"picked":"Pommel Strike","floor":23},{"not_picked":["Ghostly Armor","Pommel Strike"],"picked":"Disarm","floor":25},{"not_picked":["Twin Strike","Hemokinesis"],"picked":"Heavy Blade","floor":28},{"not_picked":["Warcry","Perfected Strike"],"picked":"Carnage","floor":29},{"not_picked":["Infernal Blade","Impervious"],"picked":"Cleave+1","floor":30},{"not_picked":["Twin Strike","Anger"],"picked":"Pommel Strike+1","floor":31},{"not_picked":["Fiend Fire","Corruption+1"],"picked":"Immolate","floor":33},{"not_picked":["Twin Strike","Sentinel"],"picked":"Warcry","floor":34},{"not_picked":["Sever Soul+1","True Grit"],"picked":"Havoc+1","floor":35},{"not_picked":["Headbutt+1","Havoc"],"picked":"Thunderclap+1","floor":38},{"not_picked":["Cleave+1","Power Through+1"],"picked":"Seeing Red","floor":39},{"not_picked":["True Grit+1","Twin Strike","Clothesline"],"picked":"SKIP","floor":40},{"not_picked":["Hemokinesis+1","Immolate"],"picked":"Seeing Red+1","floor":41},{"not_picked":["Warcry","Feed","Heavy Blade"],"picked":"Brutality+1","floor":45},{"not_picked":["True Grit","Evolve+1","Flex+1","Wild Strike"],"picked":"SKIP","floor":47}],"player_experience":47483,"relics_obtained":[{"floor":6,"key":"Orichalcum"},{"floor":9,"key":"StoneCalendar"},{"floor":11,"key":"Mummified Hand"},{"floor":13,"key":"Incense Burner"},{"floor":23,"key":"Shuriken"},{"floor":23,"key":"Darkstone Periapt"},{"floor":25,"key":"Strawberry"},{"floor":25,"key":"War Paint"},{"floor":26,"key":"Kunai"},{"floor":26,"key":"Toy Ornithopter"},{"floor":30,"key":"Boot"},{"floor":30,"key":"Frozen Egg 2"},{"floor":40,"key":"MealTicket"},{"floor":40,"key":"Ancient Tea Set"},{"floor":43,"key":"Question Card"},{"floor":43,"key":"Whetstone"},{"floor":45,"key":"Ginger"},{"floor":45,"key":"Mercury Hourglass"},{"floor":48,"key":"Red Skull"}],"event_choices":[{"damage_healed":0,"gold_gain":0,"player_choice":"Upgraded","damage_taken":0,"max_hp_gain":0,"max_hp_loss":0,"event_name":"Upgrade Shrine","floor":2,"gold_loss":0,"cards_upgraded":["Evolve"]},{"damage_healed":0,"gold_gain":0,"cards_transformed":["Strike_R","Strike_R"],"player_choice":"Became Test Subject","damage_taken":0,"max_hp_gain":0,"max_hp_loss":0,"event_name":"Drug Dealer","floor":19,"gold_loss":0,"cards_obtained":["Clothesline","Reckless Charge"]},{"damage_healed":0,"gold_gain":0,"player_choice":"Ignored","damage_taken":0,"max_hp_gain":0,"max_hp_loss":0,"event_name":"Ghosts","floor":20,"gold_loss":0},{"damage_healed":0,"gold_gain":0,"player_choice":"Joined the Cult","damage_taken":6,"max_hp_gain":0,"max_hp_loss":0,"event_name":"Nest","floor":27,"gold_loss":0,"cards_obtained":["RitualDagger"]},{"damage_healed":0,"gold_gain":0,"player_choice":"Cursed","damage_taken":0,"max_hp_gain":0,"max_hp_loss":0,"event_name":"Wheel of Change","floor":37,"gold_loss":0,"cards_obtained":["Decay"]},{"cards_removed":["Defend_R"],"damage_healed":0,"gold_gain":0,"player_choice":"Removed Skill","damage_taken":0,"max_hp_gain":0,"max_hp_loss":0,"event_name":"Falling","floor":46,"gold_loss":0}],"is_beta":false,"boss_relics":[{"not_picked":["Ectoplasm","Sozu"],"picked":"Black Star"},{"not_picked":["Busted Crown","Mark of Pain"],"picked":"Tiny House"}],"items_purged_floors":[10,36],"is_endless":false,"potions_floor_spawned":[1,3,5,11,14,16,24,25,29,31,33,38,40,47],"ascension_level":1}}