{"host":"gk5m6v7zec9neb0j","time":1613249353,"event":{"mods":["AchievementEnabler","AlwaysNeverKeys","BaseMod","BetterRewards","Block Reminder","Minty Spire (QoL Compilation)","Rare Cards Sparkle","Relic Stats","StSLib"],"gold_per_floor":[112,112,130,130,149,149,99,99,123,97,110,110,74,104,104,206,206,220,238,0,0,0,0,18,49,49,76,76,105,105,14,14,118,118,135,62,62,73,86,86,117,117,171,188,93,93,106,124,124,124,124],"floor_reached":50,"language":"ENG","playtime":2698,"items_purged":["Strike_G"],"score":551,"play_id":"b62494c6-a280-4eef-8264-45318a10935d","local_time":"20210213154913","is_ascension_mode":false,"campfire_choices":[{"data":"Caltrops","floor":6.0,"key":"SMITH"},{"data":"Neutralize","floor":8.0,"key":"SMITH"},{"data":"Dodge and Roll","floor":12.0,"key":"SMITH"},{"data":"Night Terror","floor":15.0,"key":"SMITH"},{"data":"Footwork","floor":23.0,"key":"SMITH"},{"floor":28.0,"key":"REST"},{"floor":32.0,"key":"REST"},{"floor":40.0,"key":"DIG"},{"floor":42.0,"key":"DIG"},{"floor":46.0,"key":"REST"},{"floor":49,"key":"REST"}],"circlet_count":0,"master_deck":["Defend_G+1","Defend_G","Defend_G","Defend_G","Survivor+1","Neutralize+1","Caltrops+1","Dodge and Roll+1","All Out Attack+1","Dagger Spray+1","Footwork","Night Terror+1","Dagger Throw+1","Blur","Footwork+1","Leg Sweep","Unload+1","Backflip+1","Eviscerate+1","Infinite Blades","Flying Knee+1","Prepared","Dodge and Roll+1","Burst","Well Laid Plans+1","Footwork","Caltrops+1","Madness","Tactician+1","Concentrate+1","Setup"],"relics":["Ring of the Snake","ClockworkSouvenir","PreservedInsect","Molten Egg 2","Dream Catcher","Art of War","Empty Cage","Blood Vial","Shovel","Boot","Kunai","Bag of Preparation","Lantern","HoveringKite","Snake Skull","Singing Bowl","Ginger","War Paint"],"acts_visited":["Exordium","TheCity","TheBeyond"],"potions_floor_usage":[],"damage_taken":[{"damage":0.0,"enemies":"Small Slimes","floor":1.0,"turns":5.0},{"damage":0.0,"enemies":"2 Louse","floor":3.0,"turns":1.0},{"damage":0.0,"enemies":"Jaw Worm","floor":5.0,"turns":4.0},{"damage":0.0,"enemies":"Exordium Wildlife","floor":11.0,"turns":1.0},{"damage":5.0,"enemies":"Lagavulin","floor":14.0,"turns":6.0},{"damage":27.0,"enemies":"Slime Boss","floor":16.0,"turns":11.0},{"damage":2.0,"enemies":"Shell Parasite","floor":18.0,"turns":9.0},{"damage":9.0,"enemies":"Spheric Guardian","floor":19.0,"turns":7.0},{"damage":0.0,"enemies":"Snecko","floor":24.0,"turns":6.0},{"damage":26.0,"enemies":"Gremlin Leader","floor":25.0,"turns":8.0},{"damage":5.0,"enemies":"Book of Stabbing","floor":27.0,"turns":6.0},{"damage":31.0,"enemies":"Gremlin Leader","floor":29.0,"turns":9.0},{"damage":25.0,"enemies":"Collector","floor":33.0,"turns":14.0},{"damage":0.0,"enemies":"Orb Walker","floor":35.0,"turns":6.0},{"damage":1.0,"enemies":"3 Shapes","floor":38.0,"turns":7.0},{"damage":0.0,"enemies":"Maw","floor":39.0,"turns":12.0},{"damage":0.0,"enemies":"Giant Head","floor":41.0,"turns":13.0},{"damage":33.0,"enemies":"4 Shapes","floor":44.0,"turns":9.0},{"damage":3.0,"enemies":"Sphere and 2 Shapes","floor":47.0,"turns":9.0},{"damage":17,"enemies":"3 Darklings","floor":48,"turns":7},{"damage":91,"enemies":"Time Eater","floor":50,"turns":13}],"seed_played":"-7653148591903303143","potions_obtained":[{"floor":1.0,"key":"Block Potion"},{"floor":14.0,"key":"PowerPotion"},{"floor":25.0,"key":"Fire Potion"},{"floor":29.0,"key":"Swift Potion"},{"floor":33.0,"key":"Dexterity Potion"}],"is_trial":false,"path_per_floor":["M","?","M","?","M","R","?","R","T","$","M","R","$","E","R","B",null,"M","M","$","?","T","R","M","E","T","E","R","E","?","$","R","B",null,"M","$","?","M","M","R","E","R","T","M","$","R","M","M","R","B"],"character_chosen":"THE_SILENT","items_purchased":["ClockworkSouvenir","PreservedInsect","Molten Egg 2","Caltrops","Dodge and Roll","Dagger Spray+1","Footwork","Footwork","Blood Vial","Poisoned Stab+1","Flying Knee+1","Prepared","Footwork","Madness"],"campfire_rested":4,"item_purchase_floors":[0,0,0,0,0,10,13,20,20,20,31,31,36,45],"current_hp_per_floor":[38,38,38,61,61,61,61,61,61,61,61,61,61,56,56,29,70,68,59,59,59,59,59,61,37,37,34,55,26,26,26,47,24,70,70,70,70,69,70,70,72,72,72,39,39,62,61,46,68,0,0],"gold":124,"neow_bonus":"","is_daily":false,"chose_seed":false,"campfire_upgraded":5,"win_rate":0.0,"timestamp":1613249353,"path_taken":["M","?","M","?","M","R","?","R","T","$","?","R","$","E","R","BOSS","M","M","$","?","?","R","M","E","T","E","R","E","?","$","R","BOSS","M","$","?","M","M","R","E","R","T","M","$","R","M","M","R","BOSS"],"items_purchased_type":["Relic","Relic","Relic","Card","Card","Card","Card","Card","Relic","Card","Card","Card","Card","Card"],"build_version":"2020-12-22","purchased_purges":1,"victory":false,"max_hp_per_floor":[70,70,70,70,70,70,70,70,70,70,70,70,70,70,70,70,70,70,70,70,70,70,70,70,70,70,70,70,70,70,70,70,70,70,70,70,70,70,70,70,72,72,72,72,72,74,74,74,74,74,74],"relic_stats":{"Singing Bowl":4,"counters":[651,3552],"HoveringKite":[41],"PreservedInsect":287,"Snake Skull":[0],"Bag of Preparation":[20],"Ginger":[3],"War Paint":["Defend_G","Survivor"],"Boot":[91],"Blood Vial":17,"Dream Catcher":4,"Shovel":2,"Art of War":[29],"Kunai":[27],"obtain_stats":[{"TwistedFunnel":0,"Ginger":0,"Whetstone":11,"Bottled Tornado":43,"Boot":25,"Old Coin":34,"Blood Vial":17,"Sundial":24,"MealTicket":31,"HandDrill":48,"Kunai":0,"Pear":28,"Blue Candle":54,"Eternal Feather":54,"Tingsha":0,"Pen Nib":11,"Paper Crane":43,"Akabeko":3,"SlaversCollar":17,"MutagenicStrength":19,"Bird Faced Urn":38,"StrikeDummy":27,"Unceasing Top":46,"Ring of the Serpent":17,"Regal Pillow":9,"Lantern":45,"Torii":0,"Singing Bowl":43,"StoneCalendar":42,"Bag of Preparation":26,"Ancient Tea Set":4,"Cursed Key":17,"Smiling Mask":41,"Matryoshka":37,"Shovel":38,"WristBlade":34,"Ninja Scroll":0,"WingedGreaves":17,"Chemical X":37,"InkBottle":54,"Ring of the Snake":0,"Potion Belt":9,"The Specimen":0,"Golden Idol":3,"Thread and Needle":45,"The Courier":26,"PreservedInsect":38,"Omamori":39,"Frozen Egg 2":43,"MawBank":45,"Ornamental Fan":0,"Bloody Idol":31,"Orrery":0,"Turnip":38,"Art of War":17,"Bottled Lightning":43,"Toy Ornithopter":27,"Ice Cream":7,"Calipers":13,"Gremlin Horn":26,"CeramicFish":0,"HoveringKite":34,"Vajra":43,"Sozu":34,"Centennial Puzzle":6,"Lizard Tail":10,"HornCleat":43,"DollysMirror":4,"Strawberry":26,"Prayer Wheel":38,"Toxic Egg 2":28,"Girya":0,"Happy Flower":13,"Astrolabe":34,"Oddly Smooth Stone":0,"Letter Opener":53,"War Paint":43,"Question Card":48,"Du-Vu Doll":47,"Bottled Flame":25,"Shuriken":0,"Bronze Scales":10,"Molten Egg 2":9,"Black Star":17,"Meat on the Bone":17,"Pocketwatch":17,"Darkstone Periapt":23,"SacredBark":17,"Enchiridion":22,"Mango":43,"Snake Skull":54,"Juzu Bracelet":43,"Incense Burner":29,"Empty Cage":17,"PrismaticShard":53,"ClockworkSouvenir":20,"Tough Bandages":25,"Nunchaku":31,"Dream Catcher":9,"Mummified Hand":30,"Pantograph":12,"Gambling Chip":0,"Tiny Chest":26,"Red Mask":47,"Orichalcum":26,"Odd Mushroom":12,"Medical Kit":37,"White Beast Statue":9,"Mercury Hourglass":54,"Peace Pipe":9,"Calling Bell":17,"Cauldron":53,"Anchor":34,"CaptainsWheel":54,"Bag of Marbles":43,"Membership Card":36,"FossilizedHelix":0,"TungstenRod":26},{"TwistedFunnel":381,"Ginger":97,"Whetstone":100,"Bottled Tornado":52,"Boot":640,"Old Coin":338,"Blood Vial":129,"Sundial":44,"MealTicket":616,"HandDrill":491,"Kunai":31,"Pear":315,"Blue Candle":249,"Eternal Feather":146,"Tingsha":274,"Pen Nib":356,"Paper Crane":322,"Akabeko":575,"SlaversCollar":231,"MutagenicStrength":156,"Bird Faced Urn":189,"StrikeDummy":17,"Unceasing Top":193,"Ring of the Serpent":388,"Regal Pillow":36,"Lantern":269,"Torii":31,"Singing Bowl":116,"StoneCalendar":217,"Bag of Preparation":366,"Ancient Tea Set":2,"Cursed Key":281,"Smiling Mask":452,"Matryoshka":137,"Shovel":594,"WristBlade":112,"Ninja Scroll":172,"WingedGreaves":80,"Chemical X":22,"InkBottle":57,"Ring of the Snake":0,"Potion Belt":3,"The Specimen":274,"Golden Idol":2,"Thread and Needle":245,"The Courier":183,"PreservedInsect":240,"Omamori":189,"Frozen Egg 2":398,"MawBank":245,"Ornamental Fan":72,"Bloody Idol":161,"Orrery":58,"Turnip":116,"Art of War":80,"Bottled Lightning":24,"Toy Ornithopter":17,"Ice Cream":11,"Calipers":154,"Gremlin Horn":480,"CeramicFish":172,"HoveringKite":21,"Vajra":91,"Sozu":136,"Centennial Puzzle":278,"Lizard Tail":329,"HornCleat":621,"DollysMirror":123,"Strawberry":107,"Prayer Wheel":138,"Toxic Egg 2":108,"Girya":250,"Happy Flower":12,"Astrolabe":86,"Oddly Smooth Stone":122,"Letter Opener":272,"War Paint":191,"Question Card":94,"Du-Vu Doll":540,"Bottled Flame":16,"Shuriken":97,"Bronze Scales":36,"Molten Egg 2":151,"Black Star":13,"Meat on the Bone":80,"Pocketwatch":129,"Darkstone Periapt":182,"SacredBark":360,"Enchiridion":68,"Mango":538,"Snake Skull":273,"Juzu Bracelet":141,"Incense Burner":560,"Empty Cage":103,"PrismaticShard":272,"ClockworkSouvenir":41,"Tough Bandages":16,"Nunchaku":85,"Dream Catcher":355,"Mummified Hand":110,"Pantograph":11,"Gambling Chip":197,"Tiny Chest":16,"Red Mask":54,"Orichalcum":235,"Odd Mushroom":499,"Medical Kit":188,"White Beast Statue":11,"Mercury Hourglass":349,"Peace Pipe":62,"Calling Bell":80,"Cauldron":625,"Anchor":338,"CaptainsWheel":349,"Bag of Marbles":267,"Membership Card":163,"FossilizedHelix":250,"TungstenRod":416},{"TwistedFunnel":2158,"Ginger":599,"Whetstone":611,"Bottled Tornado":309,"Boot":3447,"Old Coin":1918,"Blood Vial":722,"Sundial":249,"MealTicket":3304,"HandDrill":2775,"Kunai":183,"Pear":1796,"Blue Candle":1454,"Eternal Feather":781,"Tingsha":1567,"Pen Nib":2009,"Paper Crane":1834,"Akabeko":3135,"SlaversCollar":1359,"MutagenicStrength":843,"Bird Faced Urn":1121,"StrikeDummy":100,"Unceasing Top":1141,"Ring of the Serpent":2183,"Regal Pillow":206,"Lantern":1539,"Torii":183,"Singing Bowl":676,"StoneCalendar":1281,"Bag of Preparation":2061,"Ancient Tea Set":5,"Cursed Key":1617,"Smiling Mask":2575,"Matryoshka":750,"Shovel":3206,"WristBlade":661,"Ninja Scroll":996,"WingedGreaves":500,"Chemical X":129,"InkBottle":364,"Ring of the Snake":0,"Potion Belt":9,"The Specimen":1567,"Golden Idol":5,"Thread and Needle":1436,"The Courier":1085,"PreservedInsect":1411,"Omamori":1121,"Frozen Egg 2":2226,"MawBank":1436,"Ornamental Fan":459,"Bloody Idol":873,"Orrery":367,"Turnip":676,"Art of War":500,"Bottled Lightning":139,"Toy Ornithopter":100,"Ice Cream":57,"Calipers":823,"Gremlin Horn":2719,"CeramicFish":996,"HoveringKite":124,"Vajra":558,"Sozu":746,"Centennial Puzzle":1590,"Lizard Tail":1866,"HornCleat":3329,"DollysMirror":699,"Strawberry":637,"Prayer Wheel":755,"Toxic Egg 2":643,"Girya":1462,"Happy Flower":68,"Astrolabe":533,"Oddly Smooth Stone":696,"Letter Opener":1557,"War Paint":1131,"Question Card":574,"Du-Vu Doll":2986,"Bottled Flame":94,"Shuriken":599,"Bronze Scales":206,"Molten Egg 2":801,"Black Star":79,"Meat on the Bone":500,"Pocketwatch":722,"Darkstone Periapt":1075,"SacredBark":2027,"Enchiridion":435,"Mango":2979,"Snake Skull":1562,"Juzu Bracelet":766,"Incense Burner":3065,"Empty Cage":621,"PrismaticShard":1557,"ClockworkSouvenir":234,"Tough Bandages":94,"Nunchaku":521,"Dream Catcher":2005,"Mummified Hand":652,"Pantograph":57,"Gambling Chip":1176,"Tiny Chest":94,"Red Mask":329,"Orichalcum":1384,"Odd Mushroom":2819,"Medical Kit":1117,"White Beast Statue":57,"Mercury Hourglass":1972,"Peace Pipe":387,"Calling Bell":500,"Cauldron":3355,"Anchor":1918,"CaptainsWheel":1972,"Bag of Marbles":1530,"Membership Card":899,"FossilizedHelix":1462,"TungstenRod":2337}],"Ring of the Snake":[48]},"card_choices":[{"not_picked":["Calculated Gamble","Poisoned Stab+1"],"picked":"All Out Attack+1","floor":1.0},{"not_picked":["Sucker Punch+1","Deadly Poison","Acrobatics"],"picked":"SKIP","floor":3.0},{"not_picked":["Bouncing Flask","Outmaneuver","Deflect"],"picked":"SKIP","floor":5.0},{"not_picked":["Masterful Stab+1","Deflect","Predator+1"],"picked":"SKIP","floor":11.0},{"not_picked":["Accuracy","Dash+1"],"picked":"Night Terror","floor":14.0},{"not_picked":["Quick Slash+1","Dagger Spray+1"],"picked":"Dagger Throw+1","floor":18.0},{"not_picked":["Dagger Spray+1","Expertise"],"picked":"Blur","floor":19.0},{"not_picked":["Predator+1","Underhanded Strike+1","Quick Slash+1"],"picked":"SKIP","floor":24.0},{"not_picked":["Bouncing Flask","Sucker Punch+1"],"picked":"Backflip+1","floor":25.0},{"not_picked":["Poisoned Stab+1","All Out Attack+1","Skewer+1"],"picked":"SKIP","floor":27.0},{"not_picked":["PiercingWail+1","Slice+1"],"picked":"Eviscerate+1","floor":28.0},{"not_picked":["Leg Sweep","Choke+1","Corpse Explosion"],"picked":"SKIP","floor":29.0},{"not_picked":["PiercingWail","Leg Sweep"],"picked":"Dodge and Roll+1","floor":32.0},{"not_picked":["Die Die Die+1","Wraith Form v2"],"picked":"Burst","floor":33.0},{"not_picked":["Backflip","Cloak And Dagger+1"],"picked":"Well Laid Plans+1","floor":35.0},{"not_picked":["Dagger Spray+1","Noxious Fumes+1","Prepared+1"],"picked":"SKIP","floor":38.0},{"not_picked":["Quick Slash+1","Crippling Poison","Wraith Form v2"],"picked":"SKIP","floor":39.0},{"not_picked":["Riddle With Holes+1","Footwork","Quick Slash+1"],"picked":"Singing Bowl","floor":41.0},{"not_picked":["Blade Dance","Quick Slash+1"],"picked":"Caltrops+1","floor":44.0},{"not_picked":["Blade Dance","Deadly Poison","Deflect"],"picked":"Singing Bowl","floor":46.0},{"not_picked":["Cloak And Dagger+1","Outmaneuver+1"],"picked":"Tactician+1","floor":47.0},{"not_picked":["Skewer+1","Predator+1"],"picked":"Concentrate+1","floor":48},{"not_picked":["Sucker Punch+1","Crippling Poison"],"picked":"Setup","floor":49}],"player_experience":829814,"relics_obtained":[{"floor":9.0,"key":"Dream Catcher"},{"floor":14.0,"key":"Art of War"},{"floor":22.0,"key":"Shovel"},{"floor":25.0,"key":"Boot"},{"floor":26.0,"key":"Kunai"},{"floor":27.0,"key":"Bag of Preparation"},{"floor":29.0,"key":"Lantern"},{"floor":40.0,"key":"Snake Skull"},{"floor":41.0,"key":"Singing Bowl"},{"floor":42.0,"key":"Ginger"},{"floor":43.0,"key":"War Paint"}],"event_choices":[{"cards_removed":["Strike_G"],"damage_healed":0.0,"max_hp_gain":0.0,"max_hp_loss":0.0,"gold_gain":0.0,"event_name":"Living Wall","player_choice":"Forget","floor":2.0,"gold_loss":0.0,"damage_taken":0.0},{"damage_healed":23.0,"max_hp_gain":0.0,"max_hp_loss":0.0,"gold_gain":0.0,"event_name":"Big Fish","player_choice":"Banana","floor":4.0,"gold_loss":0.0,"damage_taken":0.0},{"cards_removed":["Strike_G"],"damage_healed":0.0,"max_hp_gain":0.0,"max_hp_loss":0.0,"gold_gain":0.0,"event_name":"The Cleric","player_choice":"Card Removal","floor":7.0,"gold_loss":50.0,"damage_taken":0.0},{"damage_healed":0.0,"max_hp_gain":0.0,"max_hp_loss":0.0,"gold_gain":0.0,"cards_transformed":["Defend_G","Poisoned Stab"],"event_name":"Drug Dealer","player_choice":"Became Test Subject","floor":21.0,"gold_loss":0.0,"damage_taken":0.0,"cards_obtained":["Leg Sweep","Unload"]},{"damage_healed":0.0,"max_hp_gain":0.0,"max_hp_loss":0.0,"gold_gain":0.0,"event_name":"The Library","player_choice":"Read","floor":30.0,"gold_loss":0.0,"damage_taken":0.0,"cards_obtained":["Infinite Blades"]},{"damage_healed":0.0,"max_hp_gain":0.0,"max_hp_loss":0.0,"gold_gain":0.0,"event_name":"NoteForYourself","player_choice":"Ignored","floor":37.0,"gold_loss":0.0,"damage_taken":0.0}],"is_beta":false,"boss_relics":[{"not_picked":["Ring of the Serpent","WristBlade"],"picked":"Empty Cage"},{"not_picked":["SacredBark","Pandora\u0027s Box"],"picked":"HoveringKite"}],"items_purged_floors":[0],"is_endless":false,"potions_floor_spawned":[1,14,25,29,33,35,39],"killed_by":"Time Eater","ascension_level":0}}