{"host":"l7ku00cw7dmofayg","time":1613251733,"event":{"mods":["ATMod(°¢èªMod)","BaseMod","Dota2Spire","Marisa£¨ìFÓê¡¡Ä§ÀíÉ³£©","Minty Spire (QoL Compilation)","StSLib","The Invoker Mod"],"gold_per_floor":[113,113,288,304,379,413,426,458,458,493,493,508,508,256,256,352,352,363,376,376,376,389,414,65,65,65,90,108,128,128,139,139,139,139],"floor_reached":33,"language":"ZHS","playtime":1596,"items_purged":["Strike_MRS","Doubt"],"score":522,"play_id":"f85c3681-94dd-4917-b43a-7ef95c1147fb","local_time":"20210214052853","is_ascension_mode":true,"campfire_choices":[{"floor":11.0,"key":"REST"},{"data":"AT_EssenceShift","floor":13.0,"key":"SMITH"},{"data":"BinaryStars","floor":15.0,"key":"SMITH"},{"floor":30,"key":"REST"},{"floor":32,"key":"REST"}],"circlet_count":0,"master_deck":["Defend_MRS+1","Defend_MRS+1","Defend_MRS+1","Defend_MRS+1","MasterSpark","UpSweep","AT_EssenceShift+1","MilkyWay","AsteroidBelt","BinaryStars+1","Acceleration","LuminesStrike","ShootTheMoon","MaximisePower","EarthLightRay","MillisecondPulsars","ManaConvection","IllusionStar","Bite","Bite","Bite","Bite","Bite","6A+1","OortCloud+1","OneTimeOff+1","SprinkleStarSeal+1","6A+1","OortCloud+1"],"relics":["MiniHakkero","AT_ATBox","NeowsBlessing","Dota2Spire:Desolator","Bag of Marbles","Question Card","AT_BellDemon","Ancient Tea Set","Fusion Hammer","Nilry\u0027s Codex","Juzu Bracelet","Membership Card","Dota2Spire:EyeOfSkadi","Mummified Hand","AT_GuinsooRageblade","Bronze Scales"],"acts_visited":["Exordium","TheCity"],"potions_floor_usage":[33],"damage_taken":[{"damage":0.0,"enemies":"Jaw Worm","floor":1.0,"turns":1.0},{"damage":0.0,"enemies":"2 Louse","floor":4.0,"turns":1.0},{"damage":0.0,"enemies":"3 Sentries","floor":6.0,"turns":2.0},{"damage":6.0,"enemies":"Small Slimes","floor":7.0,"turns":2.0},{"damage":16.0,"enemies":"Gremlin Nob","floor":8.0,"turns":4.0},{"damage":3.0,"enemies":"3 Sentries","floor":10.0,"turns":7.0},{"damage":2.0,"enemies":"2 Fungi Beasts","floor":12.0,"turns":3.0},{"damage":25.0,"enemies":"The Guardian","floor":16.0,"turns":8.0},{"damage":0.0,"enemies":"3 Byrds","floor":18.0,"turns":3.0},{"damage":4.0,"enemies":"Spheric Guardian","floor":19.0,"turns":3.0},{"damage":25.0,"enemies":"Centurion and Healer","floor":22.0,"turns":5.0},{"damage":12.0,"enemies":"Book of Stabbing","floor":23.0,"turns":2.0},{"damage":34,"enemies":"Gremlin Leader","floor":27,"turns":6},{"damage":0,"enemies":"Chosen and Byrds","floor":28,"turns":3},{"damage":5,"enemies":"Snake Plant","floor":29,"turns":2},{"damage":15,"enemies":"Centurion and Healer","floor":31,"turns":6},{"damage":62,"enemies":"Champ","floor":33,"turns":7}],"seed_played":"5027442621478444264","potions_obtained":[{"floor":4.0,"key":"BlessingOfTheForge"},{"floor":6.0,"key":"Block Potion"},{"floor":7.0,"key":"LiquidMemories"},{"floor":10.0,"key":"LiquidBronze"},{"floor":16.0,"key":"AttackPotion"},{"floor":19.0,"key":"SkillPotion"},{"floor":28,"key":"SpeedPotion"},{"floor":29,"key":"Strength Potion"},{"floor":31,"key":"LiquidMemories"}],"is_trial":false,"path_per_floor":["M","?","?","M","?","E","M","E","T","E","R","M","R","$","R","B",null,"M","M","?","?","M","E","$","?","T","E","M","M","R","M","R","B"],"character_chosen":"MARISA","items_purchased":["CultistPotion","EarthLightRay","Membership Card","Dota2Spire:EyeOfSkadi"],"campfire_rested":3,"item_purchase_floors":[14,14,24,24],"current_hp_per_floor":[68,53,53,53,42,42,36,20,20,17,39,37,37,37,37,16,60,60,56,40,40,27,21,26,26,26,4,12,15,32,27,44,0,0],"gold":139,"neow_bonus":"THREE_ENEMY_KILL","is_daily":false,"chose_seed":false,"campfire_upgraded":2,"win_rate":0.0,"timestamp":1613251733,"path_taken":["M","?","?","M","?","E","M","E","T","E","R","M","R","$","R","BOSS","M","M","?","?","M","E","$","?","T","E","M","M","R","M","R","BOSS"],"items_purchased_type":["Potion","Card","Relic","Relic"],"build_version":"2020-12-22","purchased_purges":2,"victory":false,"max_hp_per_floor":[75,75,75,75,75,75,75,75,75,75,75,75,75,75,75,75,75,75,75,75,52,52,52,57,57,57,57,57,57,57,57,57,57,57],"card_choices":[{"not_picked":["GravityBeat","MeteoricShower"],"picked":"MilkyWay","floor":1.0},{"not_picked":["EnergyFlow","GalacticHalo"],"picked":"AsteroidBelt","floor":4.0},{"not_picked":["DC","Orbital"],"picked":"BinaryStars","floor":6.0},{"not_picked":["GalacticHalo","WitchLeyline"],"picked":"Acceleration","floor":7.0},{"not_picked":["OrrerysSun","StarlightTyphoon"],"picked":"LuminesStrike","floor":8.0},{"not_picked":["Acceleration","MilkyWay","MagicChant"],"picked":"ShootTheMoon","floor":10.0},{"not_picked":["WitchLeyline","IllusionStar","DoubleSpark"],"picked":"MaximisePower","floor":12.0},{"not_picked":["CollectingQuirk","SuperNova","EscapeVelocity"],"picked":"MillisecondPulsars","floor":16.0},{"not_picked":["MilkyWay+1","6A","PulseMagic"],"picked":"ManaConvection","floor":18.0},{"not_picked":["MilkyWay+1","GrandCross+1","LuminesStrike"],"picked":"IllusionStar","floor":19.0},{"not_picked":["StarDustReverie","WitchLeyline+1","GrandCross"],"picked":"6A+1","floor":22.0},{"not_picked":["MilkyWay","GravityBeat","SporeBomb"],"picked":"OortCloud+1","floor":23.0},{"not_picked":["IllusionStar","Singularity+1","PowerUp"],"picked":"OneTimeOff+1","floor":27},{"not_picked":["6A","WitchOfGreed+1","AsteroidBelt"],"picked":"SprinkleStarSeal+1","floor":28},{"not_picked":["WitchOfGreed","OneTimeOff+1","GasGiant"],"picked":"6A+1","floor":29},{"not_picked":["CollectingQuirk","AsteroidBelt","MilkyWay"],"picked":"OortCloud+1","floor":31}],"player_experience":40453,"relics_obtained":[{"floor":6.0,"key":"Dota2Spire:Desolator"},{"floor":8.0,"key":"Bag of Marbles"},{"floor":9.0,"key":"Question Card"},{"floor":10.0,"key":"AT_BellDemon"},{"floor":12.0,"key":"Ancient Tea Set"},{"floor":20.0,"key":"Nilry\u0027s Codex"},{"floor":23.0,"key":"Juzu Bracelet"},{"floor":26,"key":"Mummified Hand"},{"floor":27,"key":"AT_GuinsooRageblade"},{"floor":31,"key":"Bronze Scales"}],"event_choices":[{"damage_healed":0.0,"max_hp_gain":0.0,"max_hp_loss":0.0,"gold_gain":0.0,"event_name":"Shining Light","player_choice":"Entered Light","floor":2.0,"gold_loss":0.0,"damage_taken":15.0,"cards_upgraded":["Defend_MRS","Strike_MRS"]},{"damage_healed":0.0,"max_hp_gain":0.0,"max_hp_loss":0.0,"gold_gain":175.0,"event_name":"Liars Game","player_choice":"AGREE","floor":3.0,"gold_loss":0.0,"damage_taken":0.0,"cards_obtained":["Doubt"]},{"damage_healed":0.0,"max_hp_gain":0.0,"max_hp_loss":0.0,"gold_gain":75.0,"event_name":"World of Goop","player_choice":"Gather Gold","floor":5.0,"gold_loss":0.0,"damage_taken":11.0},{"damage_healed":0.0,"max_hp_gain":0.0,"max_hp_loss":0.0,"gold_gain":0.0,"event_name":"Cursed Tome","player_choice":"Obtained Book","floor":20.0,"gold_loss":0.0,"damage_taken":16.0},{"damage_healed":0.0,"max_hp_gain":0.0,"max_hp_loss":23.0,"gold_gain":0.0,"event_name":"Vampires","player_choice":"Became a vampire","floor":21.0,"gold_loss":0.0,"damage_taken":0.0,"cards_obtained":["Bite","Bite","Bite","Bite","Bite"]},{"damage_healed":0,"gold_gain":0,"player_choice":"Simplicity","damage_taken":0,"max_hp_gain":0,"max_hp_loss":0,"event_name":"Back to Basics","floor":25,"gold_loss":0,"cards_upgraded":["Defend_MRS","Defend_MRS","Defend_MRS"]}],"is_beta":false,"boss_relics":[{"not_picked":["Runic Pyramid","Calling Bell"],"picked":"Fusion Hammer"}],"items_purged_floors":[14,24],"is_endless":false,"potions_floor_spawned":[4,6,7,10,16,19,28,29,31],"killed_by":"Champ","ascension_level":8}}