{"host":"3zmssa4s99zhxek5","time":1613194676,"event":{"mods":["AchievementEnabler","BaseMod","Minty Spire (QoL Compilation)","Permanent Neow","Relic Stats"],"gold_per_floor":[15,15,35,51,51,95,95,133,133,133,133,133,147,166,166,260,260,280,280,126,139,139,139,180,230,230,230,230,230,230],"floor_reached":29,"language":"KOR","playtime":2180,"items_purged":[],"score":498,"play_id":"fdc9033c-9993-4d8b-b206-172df99a42d6","local_time":"20210213143756","is_ascension_mode":true,"campfire_choices":[{"floor":7.0,"key":"REST"},{"floor":11.0,"key":"REST"},{"data":"Rupture","floor":15.0,"key":"SMITH"},{"data":"Shockwave","floor":23.0,"key":"SMITH"},{"data":"Juggernaut","floor":28,"key":"SMITH"}],"circlet_count":0,"master_deck":["AscendersBane","Defend_R","Defend_R","Defend_R","Bash","Rupture+1","Juggernaut+1","Twin Strike","Iron Wave","Bloodletting","Offering","Spot Weakness","Sword Boomerang","Shockwave+1","Juggernaut+1","Evolve+1","Thunderclap+1","Wild Strike+1","Good Instincts","Shrug It Off","Combust+1","Perfected Strike"],"relics":["Burning Blood","Golden Idol","Kunai","Frozen Egg 2","Mummified Hand","Ancient Tea Set","Astrolabe","Blood Vial","Strawberry","Eternal Feather"],"acts_visited":["Exordium","TheCity"],"potions_floor_usage":[24,29],"damage_taken":[{"damage":8.0,"enemies":"2 Louse","floor":1.0,"turns":2.0},{"damage":14.0,"enemies":"Jaw Worm","floor":3.0,"turns":4.0},{"damage":7.0,"enemies":"Cultist","floor":4.0,"turns":4.0},{"damage":36.0,"enemies":"Gremlin Nob","floor":6.0,"turns":4.0},{"damage":29.0,"enemies":"3 Sentries","floor":8.0,"turns":7.0},{"damage":7.0,"enemies":"Looter","floor":13.0,"turns":2.0},{"damage":9.0,"enemies":"Large Slime","floor":14.0,"turns":2.0},{"damage":25.0,"enemies":"Hexaghost","floor":16.0,"turns":6.0},{"damage":14.0,"enemies":"3 Byrds","floor":18.0,"turns":5.0},{"damage":17.0,"enemies":"2 Thieves","floor":21.0,"turns":4.0},{"damage":20,"enemies":"Book of Stabbing","floor":24,"turns":4},{"damage":52,"enemies":"Slavers","floor":29,"turns":3}],"seed_played":"-8237040225693840355","potions_obtained":[{"floor":1.0,"key":"DistilledChaos"},{"floor":8.0,"key":"BlessingOfTheForge"},{"floor":14.0,"key":"Weak Potion"},{"floor":18.0,"key":"LiquidMemories"}],"is_trial":false,"path_per_floor":["M","?","M","M","?","E","R","E","T","?","R","T","M","M","R","B",null,"M","T","$","M","?","R","E","?","T","?","R","E"],"character_chosen":"IRONCLAD","items_purchased":["Good Instincts","Shrug It Off"],"campfire_rested":2,"item_purchase_floors":[20,20],"current_hp_per_floor":[66,66,58,57,50,20,40,17,17,17,37,37,36,33,33,14,55,47,47,47,38,38,38,33,33,33,33,45,0,0],"gold":230,"neow_bonus":"TRANSFORM_TWO_CARDS","is_daily":false,"chose_seed":false,"campfire_upgraded":3,"win_rate":0.0,"timestamp":1613194676,"path_taken":["M","?","M","M","?","E","R","E","T","?","R","?","M","M","R","BOSS","M","?","$","M","?","R","E","?","T","?","R","E"],"items_purchased_type":["Card","Card"],"build_version":"2020-12-22","purchased_purges":0,"victory":false,"max_hp_per_floor":[75,68,68,68,68,68,68,68,68,68,68,68,68,68,68,68,68,68,68,68,68,68,68,75,75,75,75,75,75,75],"relic_stats":{"Blood Vial":6,"counters":[12,47],"Golden Idol":65,"Mummified Hand":[26],"Astrolabe":["Evolve","Thunderclap","Wild Strike"],"Eternal Feather":12,"Kunai":[5],"obtain_stats":[{"Blood Vial":19,"Golden Idol":2,"Mummified Hand":9,"Astrolabe":17,"Strawberry":24,"Eternal Feather":26,"Kunai":6,"Frozen Egg 2":8,"Ancient Tea Set":12,"Burning Blood":0},{"Blood Vial":9,"Golden Idol":1,"Mummified Hand":5,"Astrolabe":8,"Strawberry":11,"Eternal Feather":11,"Kunai":4,"Frozen Egg 2":5,"Ancient Tea Set":5,"Burning Blood":0},{"Blood Vial":36,"Golden Idol":2,"Mummified Hand":21,"Astrolabe":31,"Strawberry":44,"Eternal Feather":44,"Kunai":14,"Frozen Egg 2":21,"Ancient Tea Set":21,"Burning Blood":0}],"Burning Blood":66},"card_choices":[{"not_picked":["Rampage","Pummel"],"picked":"Twin Strike","floor":1.0},{"not_picked":["Armaments","Headbutt"],"picked":"Iron Wave","floor":3.0},{"not_picked":["Searing Blow","Disarm"],"picked":"Bloodletting","floor":4.0},{"not_picked":["Clothesline","Wild Strike"],"picked":"Offering","floor":6.0},{"not_picked":["Infernal Blade","Havoc"],"picked":"Spot Weakness","floor":8.0},{"not_picked":["Power Through","Wild Strike"],"picked":"Sword Boomerang","floor":13.0},{"not_picked":["Cleave","Twin Strike"],"picked":"Shockwave","floor":14.0},{"not_picked":["Fiend Fire","Corruption+1"],"picked":"Juggernaut+1","floor":16.0},{"not_picked":["Pommel Strike","Thunderclap","Sentinel"],"picked":"SKIP","floor":18.0},{"not_picked":["Flame Barrier","Shrug It Off"],"picked":"Combust+1","floor":21.0},{"not_picked":["Pommel Strike","Clothesline","Heavy Blade"],"picked":"SKIP","floor":24}],"player_experience":1625396,"relics_obtained":[{"floor":6.0,"key":"Kunai"},{"floor":8.0,"key":"Frozen Egg 2"},{"floor":9.0,"key":"Mummified Hand"},{"floor":12.0,"key":"Ancient Tea Set"},{"floor":19.0,"key":"Blood Vial"},{"floor":24,"key":"Strawberry"},{"floor":26,"key":"Eternal Feather"}],"event_choices":[{"damage_healed":0.0,"max_hp_gain":0.0,"max_hp_loss":7.0,"gold_gain":0.0,"event_name":"Golden Idol","player_choice":"Lose Max HP","floor":2.0,"gold_loss":0.0,"damage_taken":0.0,"relics_obtained":["Golden Idol"]},{"cards_removed":["Strike_R"],"damage_healed":0.0,"max_hp_gain":0.0,"max_hp_loss":0.0,"gold_gain":0.0,"event_name":"Golden Wing","player_choice":"Card Removal","floor":5.0,"gold_loss":0.0,"damage_taken":7.0},{"damage_healed":0.0,"max_hp_gain":0.0,"max_hp_loss":0.0,"gold_gain":0.0,"event_name":"Shining Light","player_choice":"Ignored","floor":10.0,"gold_loss":0.0,"damage_taken":0.0},{"damage_healed":0.0,"max_hp_gain":0.0,"max_hp_loss":0.0,"gold_gain":0.0,"event_name":"Ghosts","player_choice":"Ignored","floor":22.0,"gold_loss":0.0,"damage_taken":0.0},{"damage_healed":0,"gold_gain":50,"player_choice":"Stole From Cult","damage_taken":0,"max_hp_gain":0,"max_hp_loss":0,"event_name":"Nest","floor":25,"gold_loss":0},{"damage_healed":0,"gold_gain":0,"player_choice":"1 cards matched","damage_taken":0,"max_hp_gain":0,"max_hp_loss":0,"event_name":"Match and Keep!","floor":27,"gold_loss":0,"cards_obtained":["Perfected Strike"]},{"damage_healed":0,"gold_gain":0,"player_choice":"1 cards matched","damage_taken":0,"max_hp_gain":0,"max_hp_loss":0,"event_name":"Match and Keep!","floor":27,"gold_loss":0,"cards_obtained":["Perfected Strike"]}],"is_beta":false,"boss_relics":[{"not_picked":["Pandora\u0027s Box","Calling Bell"],"picked":"Astrolabe"}],"items_purged_floors":[],"is_endless":false,"potions_floor_spawned":[1,8,14,18],"killed_by":"Slavers","ascension_level":20}}