{"host":"tr12w2fixbnujl15","time":1613246150,"event":{"mods":["100% Spire Juice","2.2 Compatiblity","A Penny For Your Troubles","BaseMod","Better Skull","Better Vampires","BetterRewards","CapriCore","Clockwork Mod","Colored Powertips","Evolution","Gremlin Skip","Hermit","Hubris","Infinite Spire","JesterMod","Kalas","KinomotoSakuraMod(????)","Koishi","Mad Scientist","Magitek Elite","Mathematician","Minty Spire (QoL Compilation)","Permanent Neow","Quick Restart","Reimu??????","Relic Filter","Remilia_Scarlet Moed?????·?????3.3.5","Replay The Spire","Shop Mod","StSLib","SuperFastMode","The Accelerator","The Bug Knight","The Construct","The Cursed","The Hayseed","The Hierophant","The Immortal","The Mystic","The Necromancer","The Runesmith","The Sage","The Senshi","The Servant 0.9.4","The Spell Scribe","The Vixen","TheFirefly","TheSwordswoman","TheVelvet","Transform Curses","WarShipGirlsR/????R mod","Yakumo Yukari mod","[IsaacMod]????"],"gold_per_floor":[114,114,74,94,113,143,143,0,46,46,46,59,59,71,71,169,169,187,187,205,224,224,224,241,241,241,241,241,253,253,266,266,370,370,380,380,390,410,410,410],"floor_reached":39,"language":"ENG","playtime":1231,"items_purged":[],"score":383,"play_id":"336703b8-366b-4b64-a88b-dbad4e24e142","local_time":"20210213145550","is_ascension_mode":false,"campfire_choices":[{"data":"SpellCardSeal","floor":7,"key":"SMITH"},{"data":"ClowCardTheSong","floor":11,"key":"SMITH"},{"data":"ClowCardThePower","floor":15,"key":"SMITH"},{"floor":23,"key":"REST"},{"data":"ReplayTheSpireMod:Black Plague","floor":25,"key":"SMITH"},{"data":"ClowCardTheShot","floor":32,"key":"SMITH"}],"circlet_count":0,"master_deck":["SakuraCardTheThunder+","SakuraCardTheShot+","ClowCardTheShot","ClowCardTheShot","ClowCardTheShot+1","ClowCardTheCloud","ClowCardTheCloud","ClowCardTheShield","ClowCardTheShield","SpellCardSeal+1","SpellCardRelease","ClowCardTheSong+1","ClowCardTheDream","ClowCardTheDream","ClowCardTheWindy","ClowCardTheWood","ClowCardThePower+1","ClowCardTheLight","ClowCardTheBubbles","ClowCardTheWindy+1","ClowCardTheDream+1","ReplayTheSpireMod:Black Plague+1","ClowCardTheErase+1","ClowCardTheErase","infinitespire:Oblivion","ClowCardTheFlower","ClowCardTheRain+1","ClowCardTheStorm","ClowCardThePower+1"],"relics":["KSMOD_SealedBook","KSMOD_SealedWand","EVO:Axolotl","HushsDoor","BelialBook","Blood Vial","PaintedHorse:ReiMu","ReplayTheSpireMod:Lightbulb","Orichalcum","hubris:SlimyHat","Meat on the Bone","construct:FoamFinger","Black Star","hubris:TenFootPole","SlaversCollar","Mirror","Ring of Panic","KSMOD_DarknessWand"],"acts_visited":["Exordium","TheCity","TheBeyond"],"potions_floor_usage":[16,16,16],"damage_taken":[{"damage":1,"enemies":"Small Slimes","floor":1,"turns":2},{"damage":1,"enemies":"Cultist","floor":4,"turns":3},{"damage":0,"enemies":"Jaw Worm","floor":5,"turns":3},{"damage":6,"enemies":"Lagavulin","floor":6,"turns":7},{"damage":13,"enemies":"3 Louse","floor":12,"turns":2},{"damage":0,"enemies":"Lots of Slimes","floor":14,"turns":2},{"damage":26,"enemies":"Hexaghost","floor":16,"turns":4},{"damage":5,"enemies":"Chosen","floor":18,"turns":4},{"damage":17,"enemies":"Spheric Guardian","floor":20,"turns":4},{"damage":22,"enemies":"Centurion and Healer","floor":21,"turns":4},{"damage":0,"enemies":"Snecko","floor":24,"turns":3},{"damage":3,"enemies":"Chosen and Byrds","floor":29,"turns":4},{"damage":8,"enemies":"3 Cultists","floor":31,"turns":3},{"damage":37,"enemies":"Collector","floor":33,"turns":4},{"damage":7,"enemies":"Orb Walker","floor":35,"turns":2},{"damage":7,"enemies":"3 Darklings","floor":37,"turns":4},{"damage":0,"enemies":"Writhing Mass","floor":38,"turns":2}],"seed_played":"139330025398603845","potions_obtained":[{"floor":1,"key":"Adrenaline Potion"},{"floor":5,"key":"Adrenaline Potion"},{"floor":12,"key":"Toxic Potion"},{"floor":20,"key":"PanachePotion"},{"floor":21,"key":"BlessingOfTheForge"},{"floor":24,"key":"Swift Potion"},{"floor":33,"key":"DuplicationPotion"}],"is_trial":false,"path_per_floor":["M","?","?","M","M","E","R","$","T","T","R","M","?","M","R","B",null,"M","?","M","M","AVR","R","M","R","T","?","?","M","?","M","R","B",null,"M","?","M","M","AVR"],"character_chosen":"KINOMOTOSAKURA","items_purchased":["Orichalcum"],"campfire_rested":1,"item_purchase_floors":[8],"current_hp_per_floor":[69,69,69,69,70,64,64,64,64,64,64,53,58,60,60,48,75,70,70,55,47,47,69,71,71,71,71,71,70,61,55,55,32,75,68,68,63,65,65,65],"gold":410,"neow_bonus":"RANDOM_COMMON_RELIC","is_daily":false,"chose_seed":false,"campfire_upgraded":5,"win_rate":0.0,"timestamp":1613246150,"path_taken":["M","?","?","M","?","E","R","$","T","?","R","?","?","M","R","BOSS","M","?","M","M","AVR","R","M","R","T","?","?","M","?","?","R","BOSS","M","?","M","M","AVR"],"items_purchased_type":["Relic"],"build_version":"2020-12-22","purchased_purges":0,"victory":false,"max_hp_per_floor":[70,70,70,70,70,70,70,70,70,70,70,70,75,75,75,75,75,75,75,75,75,75,75,75,75,75,75,75,75,75,75,75,75,75,75,75,75,75,75,75],"card_choices":[{"not_picked":["ClowCardTheFloat","ClowCardTheLock"],"picked":"ClowCardTheSong","floor":1},{"not_picked":["ClowCardTheSleep","ClowCardTheGlow"],"picked":"ClowCardTheDream","floor":4},{"not_picked":["ClowCardTheWave","ClowCardTheFloat"],"picked":"ClowCardTheDream","floor":5},{"not_picked":["ClowCardTheLibra","ClowCardTheArrow"],"picked":"ClowCardTheWindy","floor":6},{"not_picked":["ClowCardTheFirey","ClowCardTheSleep"],"picked":"ClowCardTheWood","floor":12},{"not_picked":["ClowCardTheSong","ClowCardTheFloat"],"picked":"ClowCardThePower","floor":14},{"not_picked":["ClowCardTheTwin","ClowCardTheTime"],"picked":"ClowCardTheLight","floor":16},{"not_picked":["ClowCardTheMove","ClowCardTheSnow"],"picked":"ClowCardTheBubbles","floor":18},{"not_picked":["ClowCardTheIllusion","ClowCardTheBubbles"],"picked":"ClowCardTheWindy+1","floor":20},{"not_picked":["ClowCardTheCloud","ClowCardTheEarthy"],"picked":"ClowCardTheDream+1","floor":21},{"not_picked":["ClowCardTheSilent","ClowCardTheFly"],"picked":"ClowCardTheErase+1","floor":24},{"not_picked":["ClowCardTheGlow+1","ClowCardTheCloud+1"],"picked":"ClowCardTheErase","floor":29},{"not_picked":["Replay:Fractal Strike","infinitespire:Menacing"],"picked":"infinitespire:Oblivion","floor":30},{"not_picked":["ClowCardTheVoice","ClowCardTheIllusion"],"picked":"ClowCardTheFlower","floor":31},{"not_picked":["ClowCardTheThrough","ClowCardTheDash"],"picked":"ClowCardTheThunder","floor":33},{"not_picked":["ClowCardThePower+1","ClowCardTheSleep"],"picked":"ClowCardTheRain+1","floor":35},{"not_picked":["ClowCardThePower","ClowCardTheErase+1"],"picked":"ClowCardTheStorm","floor":37},{"not_picked":["ClowCardTheChange+1","ClowCardTheShadow"],"picked":"ClowCardThePower+1","floor":38}],"player_experience":108531,"relics_obtained":[{"floor":6,"key":"ReplayTheSpireMod:Lightbulb"},{"floor":9,"key":"hubris:SlimyHat"},{"floor":10,"key":"Meat on the Bone"},{"floor":14,"key":"construct:FoamFinger"},{"floor":26,"key":"Mirror"},{"floor":28,"key":"Ring of Panic"}],"event_choices":[{"damage_healed":0,"gold_gain":0,"player_choice":"1 cards matched","damage_taken":0,"max_hp_gain":0,"max_hp_loss":0,"event_name":"Match and Keep!","floor":2,"gold_loss":0,"cards_obtained":["ClowCardTheCreate"]},{"damage_healed":0,"gold_gain":0,"player_choice":"Donate","damage_taken":0,"relics_obtained":["PaintedHorse:ReiMu"],"max_hp_gain":0,"max_hp_loss":0,"event_name":"yidonshenshe","floor":3,"gold_loss":40},{"damage_healed":0,"gold_gain":0,"player_choice":"Donut","damage_taken":0,"max_hp_gain":5,"max_hp_loss":0,"event_name":"Big Fish","floor":13,"gold_loss":0},{"damage_healed":0,"gold_gain":0,"player_choice":"Ignored","damage_taken":0,"max_hp_gain":0,"max_hp_loss":0,"event_name":"Vampires","floor":19,"gold_loss":0}],"is_beta":false,"boss_relics":[{"not_picked":["infinitespire:Cupcake","hubris:TerracottaHorce"],"picked":"Black Star"},{"not_picked":[]},{"not_picked":["Replay:Drink Me","Snecko Heart"],"picked":"KSMOD_DarknessWand"},{"not_picked":[]}],"items_purged_floors":[],"is_endless":false,"potions_floor_spawned":[1,5,12,20,21,24,33],"ascension_level":0}}