{"host":"3j24k6gtmfx6ynrk","time":1613227466,"event":{"mods":["AchievementEnabler","BaseMod","Block Reminder","Colored Powertips","Hermit","Highlight Path","Marisa????????","Minty Spire (QoL Compilation)","Quick Restart","Rare Cards Sparkle","StSLib","The Cursed","The Hierophant","The Servant 0.9.4"],"gold_per_floor":[115,134,134,150,3,3,78,78,78,122,145,145,158,6,6,126,126,145,169,194,217,251,251,264,116,116,166,166,189,208,222,222,222,222],"floor_reached":33,"language":"DEU","playtime":3100,"items_purged":["Strike_B","Defend_B"],"score":276,"play_id":"154686be-b31e-4bd3-ba74-ab995bb808be","local_time":"20210213154426","is_ascension_mode":false,"campfire_choices":[{"data":"Zap","floor":6,"key":"SMITH"},{"floor":8,"key":"REST"},{"floor":12,"key":"REST"},{"floor":15,"key":"REST"},{"floor":23,"key":"REST"},{"data":"Coolheaded","floor":28,"key":"SMITH"},{"floor":32,"key":"REST"}],"circlet_count":0,"master_deck":["Strike_B","Strike_B","Strike_B","Defend_B","Defend_B","Defend_B","Zap+1","Dualcast","Hologram","Coolheaded+1","Streamline","Lockon","Conserve Battery","Go for the Eyes","Coolheaded+1","Stack","Tempest","Coolheaded","Defragment","White Noise+1","Defragment+1","Coolheaded+1"],"relics":["Cracked Core","Happy Flower","Golden Idol","Orichalcum","Membership Card","Inserter","Red Mask","PreservedInsect","Pear"],"acts_visited":["Exordium","TheCity"],"potions_floor_usage":[21,31,31,33],"damage_taken":[{"damage":5,"enemies":"2 Louse","floor":1,"turns":2},{"damage":0,"enemies":"Jaw Worm","floor":2,"turns":4},{"damage":5,"enemies":"Small Slimes","floor":4,"turns":3},{"damage":16,"enemies":"3 Sentries","floor":10,"turns":9},{"damage":8,"enemies":"Red Slaver","floor":11,"turns":3},{"damage":9,"enemies":"2 Fungi Beasts","floor":13,"turns":5},{"damage":26,"enemies":"The Guardian","floor":16,"turns":12},{"damage":17,"enemies":"Shell Parasite","floor":18,"turns":6},{"damage":12,"enemies":"3 Byrds","floor":19,"turns":5},{"damage":10,"enemies":"Cultist and Chosen","floor":20,"turns":8},{"damage":10,"enemies":"Snake Plant","floor":21,"turns":5},{"damage":17,"enemies":"Masked Bandits","floor":22,"turns":6},{"damage":0,"enemies":"Centurion and Healer","floor":24,"turns":10},{"damage":17,"enemies":"Shelled Parasite and Fungi","floor":29,"turns":8},{"damage":6,"enemies":"Snecko","floor":30,"turns":5},{"damage":15,"enemies":"Snake Plant","floor":31,"turns":4},{"damage":32,"enemies":"Collector","floor":33,"turns":3}],"seed_played":"-3547919492688985685","potions_obtained":[{"floor":4,"key":"SteroidPotion"},{"floor":13,"key":"GamblersBrew"},{"floor":16,"key":"EssenceOfSteel"},{"floor":22,"key":"Strength Potion"},{"floor":29,"key":"FocusPotion"}],"is_trial":false,"path_per_floor":["M","M","?","M","$","R","?","R","T","E","M","R","M","$","R","B",null,"M","M","M","M","?","R","M","$","T","?","R","M","M","M","R","B"],"character_chosen":"DEFECT","items_purchased":["DuplicationPotion","Membership Card","Defragment","PreservedInsect"],"campfire_rested":5,"item_purchase_floors":[5,14,25,25],"current_hp_per_floor":[70,70,52,47,47,47,36,58,58,42,34,56,47,47,69,43,75,58,46,36,26,9,31,31,31,41,41,41,24,18,3,28,0,0],"gold":222,"neow_bonus":"RANDOM_COMMON_RELIC","is_daily":false,"chose_seed":false,"campfire_upgraded":2,"win_rate":0.0,"timestamp":1613227466,"path_taken":["M","M","?","M","$","R","?","R","T","E","M","R","M","$","R","BOSS","M","M","M","M","?","R","M","$","T","?","R","?","M","M","R","BOSS"],"items_purchased_type":["Potion","Relic","Card","Relic"],"build_version":"2020-12-22","purchased_purges":2,"victory":false,"max_hp_per_floor":[75,75,75,75,75,75,75,75,75,75,75,75,75,75,75,75,75,75,75,75,75,75,75,75,75,85,85,85,85,85,85,85,85,85],"card_choices":[{"not_picked":["Scrape","Steam"],"picked":"Hologram","floor":1},{"not_picked":["Sweeping Beam","Cold Snap"],"picked":"Coolheaded","floor":2},{"not_picked":["Ball Lightning","Hologram"],"picked":"Streamline","floor":4},{"not_picked":["Skim","Darkness"],"picked":"Lockon","floor":10},{"not_picked":["Streamline","Steam"],"picked":"Conserve Battery","floor":11},{"not_picked":["Rip and Tear","Hologram"],"picked":"Go for the Eyes","floor":13},{"not_picked":["Rebound","Reprogram+1"],"picked":"Coolheaded+1","floor":18},{"not_picked":["Rebound","Skim"],"picked":"Stack","floor":19},{"not_picked":["Streamline","Redo"],"picked":"Tempest","floor":20},{"not_picked":["Go for the Eyes","Ball Lightning+1"],"picked":"Coolheaded","floor":21},{"not_picked":["Double Energy+1","Cold Snap+1","Go for the Eyes+1"],"picked":"SKIP","floor":24},{"not_picked":["Force Field","Sweeping Beam"],"picked":"White Noise+1","floor":29},{"not_picked":["Heatsinks","Turbo"],"picked":"Defragment+1","floor":30},{"not_picked":["Rebound","Turbo+1"],"picked":"Coolheaded+1","floor":31}],"player_experience":78943,"relics_obtained":[{"floor":10,"key":"Orichalcum"},{"floor":22,"key":"Red Mask"},{"floor":26,"key":"Pear"}],"event_choices":[{"damage_healed":0,"gold_gain":0,"player_choice":"Take Damage","damage_taken":18,"relics_obtained":["Golden Idol"],"max_hp_gain":0,"max_hp_loss":0,"event_name":"Golden Idol","floor":3,"gold_loss":0},{"damage_healed":0,"gold_gain":75,"player_choice":"Gather Gold","damage_taken":11,"max_hp_gain":0,"max_hp_loss":0,"event_name":"World of Goop","floor":7,"gold_loss":0},{"damage_healed":0,"gold_gain":0,"player_choice":"Fought Bandits","damage_taken":0,"max_hp_gain":0,"max_hp_loss":0,"event_name":"Masked Bandits","floor":22,"gold_loss":0},{"damage_healed":0,"gold_gain":100,"player_choice":"Bet on Murderer","damage_taken":0,"max_hp_gain":0,"max_hp_loss":0,"event_name":"The Joust","floor":27,"gold_loss":50}],"is_beta":false,"boss_relics":[{"not_picked":["Empty Cage","Runic Dome"],"picked":"Inserter"}],"items_purged_floors":[5,25],"is_endless":false,"potions_floor_spawned":[4,13,16,22,24,29],"killed_by":"Collector","ascension_level":0}}