{"host":"9v3x998ddbx8o276","time":1613216140,"event":{"mods":["AchievementEnabler","BaseMod","Colored Map","Colored Powertips","Highlight Path","Minty Spire (QoL Compilation)","Quick Restart","Rare Cards Sparkle"],"gold_per_floor":[119,61,74,91,91,117,117,117,117,117,117,148,173,173,173,269,269,289,52,52,52,68,68,16,16,16,33,33,33],"floor_reached":28,"language":"ENG","playtime":705,"items_purged":["Strike_B"],"score":473,"play_id":"4075bdbd-29fc-445c-87ca-034b87154fe5","local_time":"20210213220540","is_ascension_mode":true,"campfire_choices":[{"floor":7,"key":"REST"},{"floor":11,"key":"REST"},{"floor":15,"key":"REST"},{"data":"Capacitor","floor":23,"key":"SMITH"},{"data":"Sunder","floor":25,"key":"SMITH"}],"circlet_count":0,"master_deck":["AscendersBane","Defend_B+1","Defend_B+1","Defend_B","Defend_B","Zap","Dualcast","Cold Snap","Sweeping Beam","Capacitor+1","Gash","Ball Lightning","Steam Power","Compile Driver","Electrodynamics","Sunder+1","Coolheaded","Stack","Multi-Cast","Doom and Gloom","Rip and Tear","Bite","Bite","Bite","Bite","Bite","Auto Shields","Conserve Battery","Streamline"],"relics":["Cracked Core","NeowsBlessing","Pear","Bloody Idol","Symbiotic Virus","Bag of Preparation","StoneCalendar","Snecko Eye","Orrery"],"acts_visited":["Exordium","TheCity"],"potions_floor_usage":[16,28,28],"damage_taken":[{"damage":0,"enemies":"Small Slimes","floor":1,"turns":1},{"damage":0,"enemies":"Jaw Worm","floor":3,"turns":1},{"damage":0,"enemies":"2 Louse","floor":4,"turns":1},{"damage":44,"enemies":"Lagavulin","floor":6,"turns":8},{"damage":34,"enemies":"3 Sentries","floor":12,"turns":8},{"damage":17,"enemies":"Gremlin Gang","floor":13,"turns":3},{"damage":14,"enemies":"Hexaghost","floor":16,"turns":8},{"damage":3,"enemies":"Spheric Guardian","floor":18,"turns":3},{"damage":0,"enemies":"3 Byrds","floor":22,"turns":1},{"damage":41,"enemies":"Snake Plant","floor":27,"turns":4},{"damage":22,"enemies":"Book of Stabbing","floor":28,"turns":3}],"seed_played":"8133930605668533072","potions_obtained":[{"floor":6,"key":"SpeedPotion"},{"floor":12,"key":"GamblersBrew"},{"floor":13,"key":"Swift Potion"},{"floor":16,"key":"PowerPotion"},{"floor":22,"key":"EssenceOfSteel"}],"is_trial":false,"path_per_floor":["M","$","M","M","?","E","R","?","T","?","R","E","M","T","R","B",null,"M","$","?","?","M","R","$","R","T","M","E"],"character_chosen":"DEFECT","items_purchased":["Sweeping Beam","Orrery","Conserve Battery"],"campfire_rested":3,"item_purchase_floors":[2,19,24],"current_hp_per_floor":[64,64,64,64,64,30,54,54,54,32,53,19,2,2,23,9,57,54,54,51,51,51,51,51,51,51,17,0,0],"gold":33,"neow_bonus":"THREE_ENEMY_KILL","is_daily":false,"chose_seed":false,"campfire_upgraded":2,"win_rate":0.0,"timestamp":1613216140,"path_taken":["M","$","M","M","?","E","R","?","T","?","R","E","?","?","R","BOSS","M","$","?","?","M","R","?","R","T","M","E"],"items_purchased_type":["Card","Relic","Card"],"build_version":"2020-12-22","purchased_purges":1,"victory":false,"max_hp_per_floor":[71,71,71,71,71,81,81,73,73,73,73,73,73,73,73,73,73,73,73,51,51,51,51,51,51,51,51,51,51],"card_choices":[{"not_picked":["Redo","Barrage"],"picked":"Cold Snap","floor":1},{"not_picked":["Darkness","Compile Driver"],"picked":"Capacitor","floor":3},{"not_picked":["Sweeping Beam","Streamline"],"picked":"Gash","floor":4},{"not_picked":["Cold Snap","Doom and Gloom"],"picked":"Ball Lightning","floor":6},{"not_picked":["Thunder Strike","Reprogram"],"picked":"Steam Power","floor":12},{"not_picked":["Go for the Eyes","Hologram"],"picked":"Compile Driver","floor":13},{"not_picked":["Rainbow","Creative AI"],"picked":"Electrodynamics","floor":16},{"not_picked":["Steam","Leap"],"picked":"Sunder","floor":18},{"not_picked":["Reboot","Cold Snap"],"picked":"Coolheaded","floor":19},{"not_picked":["Chaos+1","Steam"],"picked":"Stack","floor":19},{"not_picked":["Gash","Redo"],"picked":"Multi-Cast","floor":19},{"not_picked":["Hello World","Compile Driver"],"picked":"Doom and Gloom","floor":19},{"not_picked":["Blizzard","Redo+1"],"picked":"Rip and Tear","floor":19},{"not_picked":["Lockon","Steam"],"picked":"Auto Shields","floor":22},{"not_picked":["Go for the Eyes","Steam"],"picked":"Streamline","floor":27}],"player_experience":2244047,"relics_obtained":[{"floor":6,"key":"Pear"},{"floor":9,"key":"Symbiotic Virus"},{"floor":12,"key":"Bag of Preparation"},{"floor":14,"key":"StoneCalendar"}],"event_choices":[{"damage_healed":0,"gold_gain":0,"player_choice":"Ignored","damage_taken":0,"max_hp_gain":0,"max_hp_loss":0,"event_name":"Golden Wing","floor":5,"gold_loss":0},{"damage_healed":0,"gold_gain":0,"player_choice":"Lose Max HP","damage_taken":0,"relics_obtained":["Golden Idol"],"max_hp_gain":0,"max_hp_loss":8,"event_name":"Golden Idol","floor":8,"gold_loss":0},{"damage_healed":0,"gold_gain":0,"player_choice":"Entered Light","damage_taken":22,"max_hp_gain":0,"max_hp_loss":0,"event_name":"Shining Light","floor":10,"gold_loss":0,"cards_upgraded":["Defend_B","Defend_B"]},{"damage_healed":0,"gold_gain":0,"player_choice":"Became a vampire","damage_taken":0,"max_hp_gain":0,"max_hp_loss":22,"event_name":"Vampires","floor":20,"gold_loss":0,"cards_obtained":["Bite","Bite","Bite","Bite","Bite"]},{"damage_healed":0,"gold_gain":0,"player_choice":"Gave Idol","damage_taken":0,"relics_obtained":["Bloody Idol"],"max_hp_gain":0,"max_hp_loss":0,"event_name":"Forgotten Altar","floor":21,"relics_lost":["Golden Idol"],"gold_loss":0}],"is_beta":false,"boss_relics":[{"not_picked":["FrozenCore","Astrolabe"],"picked":"Snecko Eye"}],"items_purged_floors":[19],"is_endless":false,"potions_floor_spawned":[6,12,13,16,22],"killed_by":"Book of Stabbing","ascension_level":20}}