{"host":"sc0o2qwpf9j16a4i","time":1613213617,"event":{"mods":["AchievementEnabler","BaseMod","BetterRewards","Block Reminder","Colored Map","Colored Powertips","Custom Start","Highlight Path","Minty Spire (QoL Compilation)","Relic Stats"],"gold_per_floor":[112,112,129,204,281,281,31,31,31,31,49,49,49,59,59,156,156,173,190,190,190,190],"floor_reached":21,"language":"ENG","playtime":481,"items_purged":[],"score":267,"play_id":"a47caf40-b941-4ef1-9c05-56f169fd5498","local_time":"20210213125337","daily_mods":["Insanity","Green Cards","Lethality"],"is_ascension_mode":false,"campfire_choices":[{"data":"Footwork","floor":6,"key":"SMITH"},{"data":"Prepared","floor":8,"key":"SMITH"},{"data":"Leg Sweep","floor":15,"key":"SMITH"}],"circlet_count":0,"master_deck":["Bane","Fire Breathing","Cleave","Masterful Stab","Prepared+1","Disarm","Deflect","Dodge and Roll","Spot Weakness","Flex","Shrug It Off","Flex","Heavy Blade","Twin Strike","Poisoned Stab","Escape Plan","Flex","Cloak And Dagger","Flex","Bane","Accuracy","Distraction","Sentinel","Perfected Strike","Slice","Underhanded Strike","Clash","Prepared+1","Body Slam","Flex","Cleave","Quick Slash","Sword Boomerang","Heavy Blade","Blood for Blood","Ghostly Armor","Bane","Combust","Warcry","Leg Sweep+1","Evolve","Shrug It Off","Bloodletting","Deadly Poison","Poisoned Stab","Footwork+1","Perfected Strike","Clothesline","Bloodletting","Deflect","Deadly Poison","Pain","Battle Trance","Bane","Regret","Deadly Poison","Limit Break","Sentinel","Spot Weakness"],"relics":["Burning Blood","WarpedTongs","Ornamental Fan","Happy Flower","Blue Candle","Dream Catcher","SlaversCollar","CultistMask"],"acts_visited":["Exordium","TheCity"],"potions_floor_usage":[16,19],"damage_taken":[{"damage":0,"enemies":"Jaw Worm","floor":1,"turns":2},{"damage":3,"enemies":"2 Louse","floor":3,"turns":2},{"damage":0,"enemies":"Small Slimes","floor":11,"turns":1},{"damage":8,"enemies":"Red Slaver","floor":14,"turns":2},{"damage":15,"enemies":"The Guardian","floor":16,"turns":7},{"damage":26,"enemies":"2 Thieves","floor":18,"turns":3},{"damage":37,"enemies":"3 Byrds","floor":19,"turns":3},{"damage":29,"enemies":"Shelled Parasite and Fungi","floor":21,"turns":2}],"seed_played":"213492671852739680","potions_obtained":[{"floor":3,"key":"CultistPotion"},{"floor":11,"key":"SteroidPotion"},{"floor":16,"key":"LiquidBronze"}],"is_trial":true,"path_per_floor":["M","?","M","?","T","R","$","R","T","$","M","?","?","M","R","B",null,"M","M","?","M"],"character_chosen":"IRONCLAD","items_purchased":["Happy Flower","HeartOfIron"],"campfire_rested":0,"item_purchase_floors":[7,7],"current_hp_per_floor":[80,80,80,69,69,69,69,69,69,69,75,75,75,73,73,64,80,60,29,29,0,0],"gold":190,"neow_bonus":"","is_daily":false,"chose_seed":false,"campfire_upgraded":3,"win_rate":0.0,"timestamp":1613213617,"path_taken":["M","?","?","?","?","R","$","R","T","$","?","?","?","M","R","BOSS","M","M","?","M"],"items_purchased_type":["Relic","Potion"],"build_version":"2020-12-22","purchased_purges":0,"victory":false,"max_hp_per_floor":[80,80,80,80,80,80,80,80,80,80,80,80,80,80,80,80,80,80,80,80,80,80],"relic_stats":{"Dream Catcher":0,"Happy Flower":[6],"counters":[8,22],"Ornamental Fan":[8],"Blue Candle":[1],"obtain_stats":[{"SlaversCollar":17,"Dream Catcher":13,"Happy Flower":7,"Ornamental Fan":5,"Blue Candle":9,"CultistMask":20,"Burning Blood":0,"WarpedTongs":2},{"SlaversCollar":5,"Dream Catcher":3,"Happy Flower":2,"Ornamental Fan":2,"Blue Candle":2,"CultistMask":7,"Burning Blood":0,"WarpedTongs":1},{"SlaversCollar":14,"Dream Catcher":5,"Happy Flower":4,"Ornamental Fan":4,"Blue Candle":4,"CultistMask":20,"Burning Blood":0,"WarpedTongs":2}],"Burning Blood":33,"WarpedTongs":[20]},"card_choices":[{"not_picked":["Wild Strike","Dagger Throw"],"picked":"Deadly Poison","floor":1},{"not_picked":["Dagger Throw","Reckless Charge"],"picked":"Battle Trance","floor":3},{"not_picked":["Outmaneuver","Riddle With Holes"],"picked":"Bane","floor":11},{"not_picked":["Sentinel","Headbutt"],"picked":"Deadly Poison","floor":14},{"not_picked":["Demon Form","Brutality"],"picked":"Limit Break","floor":16},{"not_picked":["Pummel","Outmaneuver+1"],"picked":"Sentinel","floor":18},{"not_picked":["Anger+1","Prepared"],"picked":"Spot Weakness","floor":19}],"player_experience":1389932,"relics_obtained":[{"floor":5,"key":"Ornamental Fan"},{"floor":9,"key":"Blue Candle"}],"event_choices":[{"damage_healed":0,"gold_gain":0,"player_choice":"Rummage","damage_taken":0,"relics_obtained":["WarpedTongs"],"max_hp_gain":0,"max_hp_loss":0,"event_name":"Accursed Blacksmith","floor":2,"gold_loss":0,"cards_obtained":["Pain"]},{"damage_healed":0,"gold_gain":75,"player_choice":"Gather Gold","damage_taken":11,"max_hp_gain":0,"max_hp_loss":0,"event_name":"World of Goop","floor":4,"gold_loss":0},{"damage_healed":0,"gold_gain":0,"player_choice":"Grow","damage_taken":0,"max_hp_gain":0,"max_hp_loss":0,"event_name":"Living Wall","floor":12,"gold_loss":0,"cards_upgraded":["Prepared"]},{"damage_healed":0,"gold_gain":0,"player_choice":"Box","damage_taken":0,"relics_obtained":["Dream Catcher"],"max_hp_gain":0,"max_hp_loss":0,"event_name":"Big Fish","floor":13,"gold_loss":0,"cards_obtained":["Regret"]},{"damage_healed":0,"gold_gain":0,"player_choice":"Trade","damage_taken":0,"relics_obtained":["CultistMask"],"max_hp_gain":0,"max_hp_loss":0,"event_name":"FaceTrader","floor":20,"gold_loss":0}],"is_beta":false,"boss_relics":[{"not_picked":["Ectoplasm","Astrolabe"],"picked":"SlaversCollar"}],"items_purged_floors":[],"is_endless":false,"potions_floor_spawned":[3,11,16,18],"killed_by":"Shelled Parasite and Fungi","ascension_level":0}}