{"host":"ocll6kdfqxraqtza","time":1613203528,"event":{"mods":["2.2 Compatiblity","Act Like it!","Arknights","Aspiration","BaseMod","Better Third Choice","Gensokyo","Hallownest","Hermit","Hubris","Jorbs\u0027s Wanderer Trilogy","Luminous","Marisa（霧雨　魔理沙）","Minty Spire (QoL Compilation)","Reimu（博??梦）","Reliquary","Replay The Spire","Shade Mod","StSLib","The Alterego","The Bug Knight","The Cursed","The Hierophant","The Marked","The Runesmith","TheBandit","Wandering Minibosses"],"gold_per_floor":[118,118,134,149,149,149,74,104,130,148,148,148,148,160,160,255,255,275,275,275,286,206,237,249,249,249,459,73,124,124,154,154,154,154],"floor_reached":33,"language":"ENG","playtime":1068,"items_purged":["Defend_R"],"score":306,"play_id":"2386141c-fc7b-4937-bf13-62491f0a76f6","local_time":"20210213160528","is_ascension_mode":true,"campfire_choices":[{"data":"True Grit","floor":13,"key":"SMITH"},{"data":"Armaments","floor":15,"key":"SMITH"},{"data":"Metamorphosis","floor":30,"key":"SMITH"},{"data":"1","floor":32,"key":"LIFT"}],"circlet_count":0,"master_deck":["Strike_R+1","Bash","Headbutt","Cleave+1","Armaments+1","Unload","Sucker Punch","Outmaneuver","True Grit+1","Replay:Undeath\u0027s Touch","Thunderclap","Armaments+1","Barricade","Headbutt","Deadly Poison","aspiration:Lunge","Dagger Spray","ReplayTheSpireMod:Muscle Training+1","Hallownest:skillCityofTearsMap","Reaper","True Grit+1","Flex+1","Metamorphosis+1","Crow Ritual","Finesse","Warcry+1"],"relics":["Burning Blood","aspiration:Nostalgia","stsjorbsmod:GrimoireRelic","Hallownest:DreamNailRelic","Replay:Mystery Machine","hubris:ChampionShield","Happy Flower","Ring of Chaos","Tiny Chest","Gremlin Food","Replay:Ringing Soul","ReplayTheSpireMod:ShopPack","aspiration:HiddenCompartment","Girya"],"acts_visited":["Hallownest:Greenpath","Hallownest:CityofTears"],"potions_floor_usage":[33,33,33],"damage_taken":[{"damage":7,"enemies":"2_ Uuma","floor":1,"turns":7},{"damage":8,"enemies":"Hallownest:2_MossCreeps","floor":3,"turns":4},{"damage":9,"enemies":"Hallownest:2_Tiktiks_and_1_Crawlid","floor":4,"turns":3},{"damage":10,"enemies":"Hallownest:eliteMossKnight","floor":8,"turns":9},{"damage":28,"enemies":"Hallownest:2_Tiktiks_1_Baldur_1_Crawlid","floor":10,"turns":4},{"damage":6,"enemies":"Hallownest:monsterAspidMother","floor":11,"turns":3},{"damage":4,"enemies":"Hallownest:monsterFoolEater","floor":14,"turns":4},{"damage":23,"enemies":"Hallownest:BossBrokenVessel","floor":16,"turns":9},{"damage":42,"enemies":"Hallownest:3_Youths","floor":18,"turns":10},{"damage":13,"enemies":"Hallownest:Guard_and_Sentry","floor":21,"turns":3},{"damage":11,"enemies":"Hallownest:eliteSoulWarrior","floor":23,"turns":5},{"damage":13,"enemies":"Hallownest:2_Husk_Sentries","floor":24,"turns":2},{"damage":12,"enemies":"Hallownest:monsterMisterMushroom","floor":27,"turns":6},{"damage":2,"enemies":"Hallownest:Nosk","floor":31,"turns":5},{"damage":42,"enemies":"Hallownest:BossMantisLord","floor":33,"turns":3}],"seed_played":"9095786700349283647","potions_obtained":[{"floor":3,"key":"Elixir"},{"floor":10,"key":"Reflective Coating"},{"floor":14,"key":"Elixir"},{"floor":16,"key":"Swift Potion"},{"floor":23,"key":"ZuzhouPotion:ReiMu"},{"floor":27,"key":"AttackPotion"},{"floor":31,"key":"DuplicationPotion"}],"is_trial":false,"path_per_floor":["M","?","M","M","?","?","$","E","T","M","M","?","R","M","R","B",null,"M","?","?","M","?","E","M","?","T","M","$","T","R","E","R","B"],"character_chosen":"IRONCLAD","items_purchased":["Replay:Ringing Soul","ReplayTheSpireMod:ShopPack"],"campfire_rested":0,"item_purchase_floors":[28,28],"current_hp_per_floor":[79,79,77,74,74,74,74,70,70,48,48,38,38,40,40,23,80,44,44,44,37,37,32,25,25,25,31,34,34,34,41,41,0,0],"gold":154,"neow_bonus":"NOSTALGIA","is_daily":false,"chose_seed":false,"campfire_upgraded":3,"win_rate":0.0,"timestamp":1613203528,"path_taken":["M","?","?","M","?","?","$","E","T","?","M","?","R","M","R","BOSS","M","?","?","?","?","E","?","?","T","?","$","?","R","E","R","BOSS"],"items_purchased_type":["Relic","Relic"],"build_version":"2020-12-22","purchased_purges":1,"victory":false,"max_hp_per_floor":[80,80,80,80,80,80,80,80,80,80,80,80,80,80,80,80,80,80,80,80,80,80,80,80,80,80,80,83,83,83,86,86,86,86],"card_choices":[{"not_picked":["Wild Strike","Heavy Blade"],"picked":"Headbutt","floor":1},{"not_picked":["Pommel Strike","Hemokinesis"],"picked":"Cleave","floor":3},{"not_picked":["Replay:Undeath\u0027s Touch","Intimidate"],"picked":"Armaments","floor":4},{"not_picked":["Wild Strike","Twin Strike"],"picked":"True Grit","floor":8},{"not_picked":["Sword Boomerang","Brutality"],"picked":"Replay:Undeath\u0027s Touch","floor":10},{"not_picked":["Warcry","Clothesline"],"picked":"Thunderclap","floor":11},{"not_picked":["Replay:Undeath\u0027s Touch","Massacre"],"picked":"Armaments","floor":14},{"not_picked":["Demonic Infusion","Berserk"],"picked":"Barricade","floor":16},{"not_picked":["Combust","Sword Boomerang"],"picked":"Headbutt","floor":18},{"not_picked":["Ghostly Armor","Shockwave+1"],"picked":"ReplayTheSpireMod:Muscle Training+1","floor":21},{"not_picked":["Body Slam","Armaments"],"picked":"Reaper","floor":23},{"not_picked":["Dark Embrace","Perfected Strike"],"picked":"True Grit+1","floor":24},{"not_picked":["Seeing Red","Body Slam"],"picked":"Flex+1","floor":27},{"not_picked":["Transmutation","Violence"],"picked":"Metamorphosis","floor":28},{"not_picked":["hubris:Insight","Dramatic Entrance"],"picked":"Crow Ritual","floor":28},{"not_picked":["PanicButton","Forethought"],"picked":"Finesse","floor":28},{"not_picked":["Pommel Strike","ReplayTheSpireMod:LeadingStrike"],"picked":"Warcry+1","floor":31}],"player_experience":537370,"relics_obtained":[{"floor":8,"key":"Replay:Mystery Machine"},{"floor":23,"key":"Tiny Chest"},{"floor":26,"key":"Gremlin Food"},{"floor":29,"key":"aspiration:HiddenCompartment"},{"floor":31,"key":"Girya"}],"event_choices":[],"is_beta":false,"boss_relics":[{"not_picked":["ReplayTheSpireMod:DimensionalGlitch","Astrolabe"],"picked":"Ring of Chaos"}],"items_purged_floors":[7],"is_endless":false,"potions_floor_spawned":[3,10,14,16,21,23,27,31],"killed_by":"Hallownest:BossMantisLord","ascension_level":2}}