{"host":"awrw1gk2acwismlg","time":1613204381,"event":{"mods":["ATMod(°¢èªMod)","Aspiration","BaseMod","Bestiary","Bossed Relics","Challenge The Spire","Conspire","Downfall","Energized Spire","Hermit","Hubris","Jedi Mod","Lobotomy","Marked Mod","Minty Spire (QoL Compilation)","Morshu Shopkeeper","Morshu Shopkeeper - ENHANCED","Quarter Circle Forward PUNCH!","Reliquary","Remilia_Scarlet Moed£¨ÀÙÃ×ÀòÑÇ¡¤Ë¹¿¨À×ÌØ£©3.3.5","Replay The Spire","SIMod","Shop Mod","Small Relic Pack","StSLib","The Bug Knight","The Cursed","Warlord Emblem","Wide Potions","Yakumo Yukari mod","¡¾ÒÅÎï¿¨ÅÆ¡¿REMEMod","óô»ðÖ¸ÄÏ"],"gold_per_floor":[116,134,134,134,148,148,167,167,167,167,47,47,61,72,72,171,171,164,263,288,164,183,183,202,202,202,202,102,102,117,117,117,217,217,232,248,0,0,25,25,47,47,122,122,122,159,107,127,127,127],"floor_reached":51,"language":"ZHS","playtime":3449,"items_purged":["downfall:Icky","Strike_P"],"score":542,"play_id":"3a32d59e-14b9-499a-87a7-ab3fc9203443","local_time":"20210213161941","is_ascension_mode":false,"campfire_choices":[{"data":"MarkedMod:OneThousandNeedles","floor":6,"key":"SMITH"},{"data":"JustLucky","floor":10,"key":"SMITH"},{"data":"AT_FamilyPortrait","floor":12,"key":"SMITH"},{"data":"MarkedMod:OneThousandNeedles","floor":15,"key":"SMITH"},{"data":"MarkedMod:PinPointDefense","floor":23,"key":"SMITH"},{"data":"Defend_P","floor":27,"key":"SMITH"},{"floor":29,"key":"REST"},{"data":"MarkedMod:GentlePulse","floor":32,"key":"SMITH"},{"data":"MarkedMod:NorthStar","floor":40,"key":"SMITH"},{"data":"ThirdEye","floor":42,"key":"SMITH"},{"floor":49,"key":"REST"}],"circlet_count":0,"master_deck":["Strike_P","Defend_P","Defend_P","Defend_P","Defend_P","AT_FamilyPortrait+1","Stare","MarkedMod:OneThousandNeedles+1","JustLucky+1","MarkedMod:Acupuncture","MarkedMod:PinPointDefense+1","MarkedMod:OneThousandNeedles+1","hubris:Greed","ThirdEye","ThirdEye+1","MarkedMod:GentlePulse+1","MarkedMod:Acupuncture","MarkedMod:NorthStar+1","JustLucky","Regret","MarkedMod:GracefulMovements+1","MarkedMod:GentlePulse"],"relics":["PureWater","REME_ComplimentaryCards","AT_ATBox","Simple Rune","conspire:Boomerang","hubris:Metronome","Replay:Grab Bag","SlaversCollar","Philosopher\u0027s Stone","Kintsugi","MutagenicStrength","jedi:shrinkray","hubris:VirtuousBlindfold","Red Mask","Snack Pack","Ring of Misfortune","reliquary:WeakTea"],"acts_visited":["Exordium","TheCity","TheBeyond"],"potions_floor_usage":[16,22,22,33,48,50,50],"damage_taken":[{"damage":0,"enemies":"2 Louse","floor":1,"turns":2},{"damage":0,"enemies":"Cultist","floor":2,"turns":2},{"damage":1,"enemies":"Small Slimes","floor":5,"turns":2},{"damage":5,"enemies":"Looter","floor":7,"turns":3},{"damage":0,"enemies":"Blue Slaver","floor":13,"turns":3},{"damage":0,"enemies":"Exordium Thugs","floor":14,"turns":3},{"damage":25,"enemies":"Hexaghost","floor":16,"turns":4},{"damage":11,"enemies":"2 Thieves","floor":18,"turns":4},{"damage":11,"enemies":"Shell Parasite","floor":20,"turns":3},{"damage":20,"enemies":"3 Cultists","floor":22,"turns":7},{"damage":0,"enemies":"Centurion and Healer","floor":24,"turns":3},{"damage":9,"enemies":"conspire:HollyBat","floor":30,"turns":7},{"damage":0,"enemies":"Automaton","floor":33,"turns":5},{"damage":31,"enemies":"3 Darklings","floor":35,"turns":5},{"damage":8,"enemies":"Orb Walker","floor":36,"turns":3},{"damage":0,"enemies":"Spire Growth","floor":39,"turns":3},{"damage":7,"enemies":"Writhing Mass","floor":41,"turns":4},{"damage":10,"enemies":"Reptomancer","floor":46,"turns":5},{"damage":5,"enemies":"Jaw Worm Horde","floor":48,"turns":4},{"damage":35,"enemies":"Replay:Hell Engine","floor":50,"turns":6}],"seed_played":"1732624172918329396","potions_obtained":[{"floor":2,"key":"Fire Potion"},{"floor":5,"key":"Weak Potion"},{"floor":14,"key":"Strength Potion"},{"floor":18,"key":"SpeedPotion"},{"floor":30,"key":"EssenceOfSteel"},{"floor":33,"key":"Regen Potion"},{"floor":35,"key":"EssenceOfSteel"},{"floor":48,"key":"Weak Potion"}],"is_trial":false,"path_per_floor":["M","M","?","?","M","R","M","?","T","R","$","R","M","M","R","B",null,"M","?","M","$","M","R","M","?","T","R","$","R","M","$","R","B",null,"M","M","?","?","M","R","M","R","T","$","?","E","$","M","R","B",null],"character_chosen":"WATCHER","items_purchased":["MarkedMod:Acupuncture","MarkedMod:PinPointDefense","ThirdEye","MarkedMod:GentlePulse"],"campfire_rested":2,"item_purchase_floors":[11,11,21,47],"current_hp_per_floor":[72,72,60,60,65,65,60,82,82,82,82,82,82,82,82,57,82,74,74,63,63,43,43,43,43,43,43,43,67,58,58,58,58,82,51,43,43,43,43,43,36,36,36,36,36,30,30,27,51,30],"gold":127,"neow_bonus":"RANDOM_COMMON_RELIC","is_daily":false,"chose_seed":false,"campfire_upgraded":9,"win_rate":0.0,"timestamp":1613204381,"path_taken":["M","M","?","?","M","R","?","?","T","R","$","R","?","M","R","BOSS","M","?","M","$","M","R","M","?","T","R","$","R","M","?","R","BOSS","M","M","?","?","M","R","?","R","T","?","?","E","$","M","R","BOSS"],"items_purchased_type":["Card","Card","Card","Card"],"build_version":"2020-12-22","purchased_purges":2,"victory":true,"max_hp_per_floor":[72,72,72,72,72,72,72,82,82,82,82,82,82,82,82,82,82,82,82,82,82,82,82,82,82,82,82,82,82,82,82,82,82,82,82,82,82,82,82,82,82,82,82,82,82,82,82,82,82,82],"card_choices":[{"not_picked":["WheelKick","Halt","SashWhip"],"picked":"SKIP","floor":1},{"not_picked":["Indignation","FearNoEvil"],"picked":"MarkedMod:OneThousandNeedles","floor":2},{"not_picked":["FlurryOfBlows","Wallop","EmptyBody"],"picked":"SKIP","floor":5},{"not_picked":["ClearTheMind","Consecrate"],"picked":"JustLucky","floor":7},{"not_picked":["EmptyFist","Worship"],"picked":"MarkedMod:OneThousandNeedles","floor":13},{"not_picked":["CarveReality","Replay:BluntJabs","EmptyBody"],"picked":"SKIP","floor":14},{"not_picked":["Omniscience","Brilliance"],"picked":"jedi:nirvanicrebirth","floor":16},{"not_picked":["FollowUp+1","Replay:BluntJabs","Evaluate"],"picked":"SKIP","floor":18},{"not_picked":["Replay:Cycle+1","EmptyBody+1"],"picked":"ThirdEye","floor":20},{"not_picked":["Study","ClearTheMind"],"picked":"MarkedMod:GentlePulse","floor":22},{"not_picked":["Replay:AllIn","Tantrum","Evaluate+1"],"picked":"SKIP","floor":24},{"not_picked":["SandsOfTime","AT_ChampionStep"],"picked":"MarkedMod:Acupuncture","floor":30},{"not_picked":["AT_ChampionKick","DeusExMachina"],"picked":"MarkedMod:NorthStar","floor":33},{"not_picked":["EmptyBody+1","TalkToTheHand"],"picked":"JustLucky","floor":35},{"not_picked":["Evaluate","Consecrate+1","Protect+1"],"picked":"SKIP","floor":36},{"not_picked":["MarkedMod:SlowDance","Replay:BluntJabs+1","MarkedMod:Acupuncture"],"picked":"SKIP","floor":39},{"not_picked":["MarkedMod:Acupuncture+1","Halt+1","SandsOfTime+1"],"picked":"SKIP","floor":41},{"not_picked":["BowlingBash+1","FollowUp+1"],"picked":"MarkedMod:GracefulMovements+1","floor":46},{"not_picked":["Nirvana","Replay:BluntJabs","BowlingBash"],"picked":"SKIP","floor":48}],"player_experience":121585,"relics_obtained":[{"floor":9,"key":"hubris:Metronome"},{"floor":26,"key":"jedi:shrinkray"},{"floor":43,"key":"Snack Pack"},{"floor":45,"key":"Ring of Misfortune"},{"floor":46,"key":"reliquary:WeakTea"}],"event_choices":[{"damage_healed":0,"gold_gain":0,"player_choice":"Success","damage_taken":12,"relics_obtained":["conspire:Boomerang"],"max_hp_gain":0,"max_hp_loss":0,"event_name":"Scrap Ooze","floor":3,"gold_loss":0},{"damage_healed":0,"gold_gain":0,"player_choice":"2 cards matched","damage_taken":0,"max_hp_gain":0,"max_hp_loss":0,"event_name":"Match and Keep!","floor":4,"gold_loss":0,"cards_obtained":["ReachHeaven","MasterReality"]},{"damage_healed":0,"gold_gain":0,"player_choice":"2 cards matched","damage_taken":0,"max_hp_gain":0,"max_hp_loss":0,"event_name":"Match and Keep!","floor":4,"gold_loss":0,"cards_obtained":["ReachHeaven","MasterReality"]},{"cards_removed":["MasterReality"],"damage_healed":12,"gold_gain":0,"player_choice":"Offered Rare","damage_taken":0,"max_hp_gain":10,"max_hp_loss":0,"event_name":"Bonfire Elementals","floor":8,"gold_loss":0},{"damage_healed":0,"gold_gain":99,"player_choice":"Stole From Cult","damage_taken":0,"max_hp_gain":0,"max_hp_loss":0,"event_name":"Nest","floor":19,"gold_loss":0},{"damage_healed":0,"gold_gain":0,"player_choice":"Inject Mutagens","damage_taken":0,"relics_obtained":["MutagenicStrength"],"max_hp_gain":0,"max_hp_loss":0,"event_name":"Drug Dealer","floor":25,"gold_loss":0},{"damage_healed":0,"gold_gain":0,"player_choice":"Paid","damage_taken":0,"relics_obtained":["Red Mask"],"max_hp_gain":0,"max_hp_loss":0,"event_name":"Tomb of Lord Red Mask","floor":37,"gold_loss":248}],"is_beta":false,"boss_relics":[{"not_picked":["energizedSpire:DeadBattery","aspiration:SecretTechniqueScroll"],"picked":"Replay:Grab Bag"},{"not_picked":["energizedSpire:MagnifyingGlass","Runic Dome"],"picked":"SlaversCollar"},{"not_picked":["Velvet Choker","Coffee Dripper"],"picked":"Philosopher\u0027s Stone"},{"not_picked":["hubris:ScarierMask","aspiration:PoetsPen_weak"],"picked":"Kintsugi"},{"not_picked":["qcfpunch:Crimson_Sash","Empty Cage"],"picked":"hubris:VirtuousBlindfold"}],"items_purged_floors":[21,28],"is_endless":false,"potions_floor_spawned":[2,5,14,18,30,33,35,48],"ascension_level":0}}