{"host":"4gkev1dtxxhiue3x","time":1613213162,"event":{"mods":["AchievementEnabler","BaseMod","Colored Powertips","Minty Spire (QoL Compilation)","Relic Stats","StSLib"],"gold_per_floor":[117,117,131,150,36,36,63,63,63,96,96,117,158,212,212,337,337,362,22,22,43,43,76,76,92,92,92,217,217,231,247,247,376,376,412,438,360,372,405,417,23,59,82,106,106,106,150,150,150,150],"floor_reached":51,"language":"ENG","playtime":4783,"items_purged":["Defend_G","Strike_G"],"score":941,"play_id":"b63d7882-469e-4a14-8b8d-d105e0cc3851","local_time":"20210213114602","is_ascension_mode":true,"campfire_choices":[{"data":"Noxious Fumes","floor":6.0,"key":"SMITH"},{"data":"Crippling Poison","floor":8.0,"key":"SMITH"},{"floor":15.0,"key":"REST"},{"floor":24.0,"key":"REST"},{"floor":29.0,"key":"REST"},{"floor":32.0,"key":"REST"},{"floor":40,"key":"REST"},{"data":"After Image","floor":46,"key":"SMITH"},{"data":"Prepared","floor":49,"key":"SMITH"}],"circlet_count":0,"master_deck":["Strike_G","Defend_G","Defend_G+1","Defend_G","Survivor","Neutralize","Catalyst+1","Deflect+1","Tools of the Trade+1","Dagger Throw","Cloak And Dagger+1","Noxious Fumes+1","Crippling Poison+1","Crippling Poison+1","Bane","Prepared+1","Die Die Die","Infinite Blades","Terror+1","Well Laid Plans","After Image+1","CurseOfTheBell","Acrobatics","Madness","Finesse","Prepared+1","Accuracy","Accuracy","Envenom","Cloak And Dagger","Leg Sweep+1"],"relics":["Astrolabe","PreservedInsect","Odd Mushroom","Pear","Matryoshka","Golden Idol","Bronze Scales","War Paint","Juzu Bracelet","Philosopher\u0027s Stone","InkBottle","MealTicket","The Courier","Bottled Lightning","Gremlin Horn","Calipers","Ninja Scroll","Calling Bell","MawBank","Mummified Hand","Tingsha","Snake Skull","Blood Vial","Toy Ornithopter","Anchor"],"acts_visited":["Exordium","TheCity","TheBeyond"],"potions_floor_usage":[50],"damage_taken":[{"damage":0.0,"enemies":"Jaw Worm","floor":1.0,"turns":7.0},{"damage":0.0,"enemies":"Cultist","floor":3.0,"turns":5.0},{"damage":0.0,"enemies":"Small Slimes","floor":4.0,"turns":4.0},{"damage":10.0,"enemies":"The Mushroom Lair","floor":7.0,"turns":4.0},{"damage":13.0,"enemies":"Gremlin Nob","floor":10.0,"turns":3.0},{"damage":2.0,"enemies":"Exordium Wildlife","floor":12.0,"turns":3.0},{"damage":11.0,"enemies":"3 Sentries","floor":13.0,"turns":5.0},{"damage":26.0,"enemies":"Slime Boss","floor":16.0,"turns":7.0},{"damage":7.0,"enemies":"Chosen","floor":18.0,"turns":4.0},{"damage":4.0,"enemies":"Shell Parasite","floor":21.0,"turns":5.0},{"damage":25.0,"enemies":"Slavers","floor":23.0,"turns":2.0},{"damage":0.0,"enemies":"3 Cultists","floor":25.0,"turns":3.0},{"damage":17.0,"enemies":"Colosseum Slavers","floor":28.0,"turns":3.0},{"damage":6.0,"enemies":"Colosseum Nobs","floor":28.0,"turns":3.0},{"damage":5.0,"enemies":"Centurion and Healer","floor":30.0,"turns":4.0},{"damage":7.0,"enemies":"Shelled Parasite and Fungi","floor":31.0,"turns":4.0},{"damage":55.0,"enemies":"Automaton","floor":33.0,"turns":7.0},{"damage":9,"enemies":"3 Shapes","floor":35,"turns":3},{"damage":0,"enemies":"Orb Walker","floor":36,"turns":2},{"damage":34,"enemies":"Spire Growth","floor":39,"turns":4},{"damage":20,"enemies":"Reptomancer","floor":42,"turns":3},{"damage":22,"enemies":"4 Shapes","floor":44,"turns":2},{"damage":0,"enemies":"Giant Head","floor":47,"turns":4},{"damage":34,"enemies":"Awakened One","floor":50,"turns":10}],"seed_played":"-2022509935644780179","potions_obtained":[{"floor":1.0,"key":"Poison Potion"},{"floor":10.0,"key":"PowerPotion"},{"floor":12.0,"key":"ColorlessPotion"},{"floor":13.0,"key":"Strength Potion"},{"floor":28.0,"key":"AttackPotion"},{"floor":30.0,"key":"Energy Potion"},{"floor":35,"key":"GamblersBrew"},{"floor":44,"key":"Explosive Potion"}],"is_trial":false,"path_per_floor":["M","?","M","M","$","R","?","R","T","E","?","M","E","T","R","B",null,"M","$","?","M","?","E","R","M","T","?","?","R","M","M","R","B",null,"M","M","?","?","M","R","$","E","T","M","?","R","E","?","R","B",null],"character_chosen":"THE_SILENT","items_purchased":["Noxious Fumes","InkBottle","Snake Skull","Accuracy","Accuracy","Envenom","Cloak And Dagger"],"campfire_rested":5,"item_purchase_floors":[5,19,41,41,41,41,41],"current_hp_per_floor":[70,70,70,70,70,70,60,60,70,57,57,55,44,44,66,40,74,67,67,67,63,63,38,60,60,60,60,37,59,54,47,69,14,74,65,65,65,60,26,48,63,43,43,23,65,65,65,65,65,31],"gold":150,"neow_bonus":"BOSS_RELIC","is_daily":false,"chose_seed":false,"campfire_upgraded":4,"win_rate":0.0,"timestamp":1613213162,"path_taken":["M","?","M","?","?","R","?","R","T","E","?","?","E","?","R","BOSS","M","$","?","M","?","E","R","M","T","?","?","R","M","M","R","BOSS","M","M","?","?","M","R","$","E","T","M","?","R","E","?","R","BOSS"],"items_purchased_type":["Card","Relic","Relic","Card","Card","Card","Card"],"build_version":"2020-12-22","purchased_purges":2,"victory":true,"max_hp_per_floor":[70,70,70,70,70,70,70,70,80,80,74,74,74,74,74,74,74,74,74,74,74,74,74,74,74,74,74,74,74,74,74,74,74,74,74,74,74,74,74,74,74,74,74,74,65,65,65,65,65,65],"relic_stats":{"Gremlin Horn":[12,12],"counters":[24,101],"Golden Idol":171,"Astrolabe":["Catalyst","Deflect","Tools of the Trade"],"Tingsha":[161],"PreservedInsect":312,"Snake Skull":[67],"Juzu Bracelet":2,"War Paint":["Crippling Poison","Defend_G"],"MawBank":84,"Blood Vial":2,"Mummified Hand":[37],"Bronze Scales":[207],"MealTicket":15,"obtain_stats":[{"Calipers":28,"Gremlin Horn":27,"Snake Skull":41,"Juzu Bracelet":14,"Blood Vial":42,"Matryoshka":10,"Ninja Scroll":28,"Mummified Hand":34,"Philosopher\u0027s Stone":17,"MealTicket":23,"InkBottle":19,"Ring of the Snake":0,"Pear":9,"Golden Idol":11,"Astrolabe":0,"Tingsha":34,"PreservedInsect":2,"The Courier":26,"Odd Mushroom":7,"War Paint":14,"MawBank":34,"Calling Bell":34,"Anchor":47,"Bronze Scales":13,"Bottled Lightning":26,"Toy Ornithopter":43},{"Calipers":14,"Gremlin Horn":12,"Snake Skull":20,"Juzu Bracelet":7,"Blood Vial":21,"Matryoshka":5,"Ninja Scroll":14,"Mummified Hand":17,"Philosopher\u0027s Stone":8,"MealTicket":11,"InkBottle":9,"Ring of the Snake":0,"Pear":4,"Golden Idol":5,"Astrolabe":0,"Tingsha":17,"PreservedInsect":1,"The Courier":12,"Odd Mushroom":4,"War Paint":7,"MawBank":17,"Calling Bell":17,"Anchor":23,"Bronze Scales":7,"Bottled Lightning":12,"Toy Ornithopter":21},{"Calipers":58,"Gremlin Horn":52,"Snake Skull":82,"Juzu Bracelet":31,"Blood Vial":85,"Matryoshka":23,"Ninja Scroll":58,"Mummified Hand":73,"Philosopher\u0027s Stone":38,"MealTicket":49,"InkBottle":42,"Ring of the Snake":0,"Pear":20,"Golden Idol":23,"Astrolabe":0,"Tingsha":73,"PreservedInsect":7,"The Courier":52,"Odd Mushroom":20,"War Paint":31,"MawBank":73,"Calling Bell":73,"Anchor":91,"Bronze Scales":31,"Bottled Lightning":52,"Toy Ornithopter":85}],"InkBottle":[36],"Toy Ornithopter":0},"card_choices":[{"not_picked":["All Out Attack","Endless Agony"],"picked":"Dagger Throw","floor":1.0},{"not_picked":["Choke","PiercingWail"],"picked":"Cloak And Dagger","floor":3.0},{"not_picked":["Quick Slash","Escape Plan"],"picked":"Phantasmal Killer","floor":4.0},{"not_picked":["Outmaneuver","Deadly Poison"],"picked":"Crippling Poison","floor":7.0},{"not_picked":["Poisoned Stab","Endless Agony"],"picked":"Crippling Poison","floor":10.0},{"not_picked":["Cloak And Dagger","Deflect"],"picked":"Bane","floor":12.0},{"not_picked":["Dodge and Roll","Flying Knee"],"picked":"Prepared","floor":13.0},{"not_picked":["Unload","After Image"],"picked":"Die Die Die","floor":16.0},{"not_picked":["Dagger Throw","Flechettes+1"],"picked":"Infinite Blades","floor":18.0},{"not_picked":["Blade Dance","Dagger Throw","Flying Knee"],"picked":"SKIP","floor":21.0},{"not_picked":["Bullet Time","Deadly Poison"],"picked":"Terror+1","floor":23.0},{"not_picked":["Slice","Sucker Punch+1","Bane"],"picked":"SKIP","floor":25.0},{"not_picked":["Masterful Stab","PiercingWail","Slice+1"],"picked":"SKIP","floor":30.0},{"not_picked":["Blur","Backflip"],"picked":"Well Laid Plans","floor":31.0},{"not_picked":["Doppelganger","Phantasmal Killer"],"picked":"After Image","floor":33.0},{"not_picked":["Flying Knee","Slice+1","Blade Dance"],"picked":"SKIP","floor":35},{"not_picked":["After Image","Poisoned Stab+1"],"picked":"Acrobatics","floor":36},{"not_picked":["Dramatic Entrance","Finesse"],"picked":"Madness","floor":38},{"not_picked":["The Bomb","Discovery"],"picked":"Finesse","floor":38},{"not_picked":["Backstab","Blade Dance+1"],"picked":"Prepared+1","floor":39},{"not_picked":["Dash+1","PiercingWail"],"picked":"Leg Sweep+1","floor":42},{"not_picked":["Calculated Gamble","Dodge and Roll","Deflect"],"picked":"SKIP","floor":44},{"not_picked":["Storm of Steel","Dagger Throw+1","Backstab+1"],"picked":"SKIP","floor":47}],"player_experience":138952,"relics_obtained":[{"floor":7.0,"key":"Odd Mushroom"},{"floor":9.0,"key":"Pear"},{"floor":10.0,"key":"Matryoshka"},{"floor":13.0,"key":"Bronze Scales"},{"floor":14.0,"key":"War Paint"},{"floor":14.0,"key":"Juzu Bracelet"},{"floor":23.0,"key":"MealTicket"},{"floor":26.0,"key":"The Courier"},{"floor":26.0,"key":"Bottled Lightning"},{"floor":28.0,"key":"Calipers"},{"floor":28.0,"key":"Ninja Scroll"},{"floor":34,"key":"MawBank"},{"floor":34,"key":"Mummified Hand"},{"floor":34,"key":"Tingsha"},{"floor":42,"key":"Blood Vial"},{"floor":43,"key":"Toy Ornithopter"},{"floor":47,"key":"Anchor"}],"event_choices":[{"damage_healed":0.0,"max_hp_gain":0.0,"max_hp_loss":0.0,"gold_gain":0.0,"event_name":"WeMeetAgain","player_choice":"Gave Potion","floor":2.0,"gold_loss":0.0,"damage_taken":0.0,"relics_obtained":["PreservedInsect"]},{"damage_healed":0.0,"max_hp_gain":0.0,"max_hp_loss":0.0,"gold_gain":0.0,"event_name":"Mushrooms","player_choice":"Fought Mushrooms","floor":7.0,"gold_loss":0.0,"damage_taken":0.0},{"damage_healed":0.0,"max_hp_gain":0.0,"max_hp_loss":6.0,"gold_gain":0.0,"event_name":"Golden Idol","player_choice":"Lose Max HP","floor":11.0,"gold_loss":0.0,"damage_taken":0.0,"relics_obtained":["Golden Idol"]},{"damage_healed":0.0,"max_hp_gain":0.0,"max_hp_loss":0.0,"gold_gain":0.0,"event_name":"Vampires","player_choice":"Ignored","floor":20.0,"gold_loss":0.0,"damage_taken":0.0},{"damage_healed":0.0,"max_hp_gain":0.0,"max_hp_loss":0.0,"gold_gain":0.0,"event_name":"Ghosts","player_choice":"Ignored","floor":22.0,"gold_loss":0.0,"damage_taken":0.0},{"damage_healed":0.0,"max_hp_gain":0.0,"max_hp_loss":0.0,"gold_gain":0.0,"event_name":"The Mausoleum","player_choice":"Opened","floor":27.0,"gold_loss":0.0,"damage_taken":0.0,"relics_obtained":["Gremlin Horn"]},{"damage_healed":0.0,"max_hp_gain":0.0,"max_hp_loss":0.0,"gold_gain":0.0,"event_name":"Colosseum","player_choice":"Fight","floor":28.0,"gold_loss":0.0,"damage_taken":0.0},{"damage_healed":0.0,"max_hp_gain":0.0,"max_hp_loss":0.0,"gold_gain":0.0,"event_name":"Colosseum","player_choice":"Fought Nobs","floor":28.0,"gold_loss":0.0,"damage_taken":0.0},{"cards_removed":["Strike_G"],"damage_healed":0,"gold_gain":0,"player_choice":"Upgrade and Remove","damage_taken":0,"max_hp_gain":0,"max_hp_loss":0,"event_name":"Designer","floor":37,"gold_loss":90,"cards_upgraded":["Cloak And Dagger"]},{"damage_healed":0,"gold_gain":0,"player_choice":"Memory 2","damage_taken":5,"max_hp_gain":0,"max_hp_loss":0,"event_name":"SensoryStone","floor":38,"gold_loss":0},{"damage_healed":65,"gold_gain":0,"player_choice":"Heal","damage_taken":0,"max_hp_gain":0,"max_hp_loss":9,"event_name":"The Moai Head","floor":45,"gold_loss":0},{"cards_removed":["Phantasmal Killer"],"damage_healed":0,"gold_gain":0,"player_choice":"Removed Skill","damage_taken":0,"max_hp_gain":0,"max_hp_loss":0,"event_name":"Falling","floor":48,"gold_loss":0}],"is_beta":false,"boss_relics":[{"not_picked":["Snecko Eye","Runic Dome"],"picked":"Philosopher\u0027s Stone"},{"not_picked":["WristBlade","SlaversCollar"],"picked":"Calling Bell"}],"items_purged_floors":[5,19],"is_endless":false,"potions_floor_spawned":[1,10,12,13,28,28,30,31,35,44],"ascension_level":3}}