{"host":"k5fgrtcqzqosfxt0","time":1613212222,"event":{"mods":["Act Like it!","Aspiration","BaseMod","Downfall","Gensokyo","Minty Spire (QoL Compilation)","StSLib","TestMod","UnlockEverythingMod"],"gold_per_floor":[114,114,126,126,141,141,156,156,183,204,204,204],"floor_reached":11,"language":"ZHS","playtime":200,"items_purged":[],"score":130,"play_id":"262453e2-6f84-4d79-8efc-392e0825aa36","local_time":"20210213183022","is_ascension_mode":true,"campfire_choices":[{"data":"Reinforced Body","floor":6,"key":"SMITH"},{"data":"Reprogram","floor":8,"key":"SMITH"}],"circlet_count":0,"master_deck":["AscendersBane","Strike_B","Strike_B","Strike_B","Strike_B","Defend_B","Defend_B","Defend_B","Defend_B","Zap","Dualcast","Storm","Reinforced Body+1","Compile Driver","Reprogram+1"],"relics":["Cracked Core","testmod-TestBox","NeowsBlessing","testmod-TurbochargingSystem","aspiration:Lifesprig","Golden Idol"],"acts_visited":["Exordium"],"potions_floor_usage":[11],"damage_taken":[{"damage":0,"enemies":"Cultist","floor":1,"turns":1},{"damage":0,"enemies":"Jaw Worm","floor":3,"turns":1},{"damage":0,"enemies":"2 Louse","floor":5,"turns":1},{"damage":14,"enemies":"Blue Slaver","floor":7,"turns":5},{"damage":21,"enemies":"3 Louse","floor":10,"turns":3},{"damage":48,"enemies":"Gremlin Nob","floor":11,"turns":3}],"seed_played":"-314920281708842659","potions_obtained":[{"floor":1,"key":"SmokeBomb"},{"floor":3,"key":"BlessingOfTheForge"},{"floor":5,"key":"GamblersBrew"}],"is_trial":false,"path_per_floor":["M","?","M","?","M","R","M","R","T","M","E"],"character_chosen":"DEFECT","items_purchased":[],"campfire_rested":0,"item_purchase_floors":[],"current_hp_per_floor":[64,59,59,59,59,59,45,45,45,24,0,0],"gold":204,"neow_bonus":"THREE_ENEMY_KILL","is_daily":false,"chose_seed":false,"campfire_upgraded":2,"win_rate":0.0,"timestamp":1613212222,"path_taken":["M","?","M","?","?","R","M","R","T","M","E"],"items_purchased_type":[],"build_version":"2020-12-22","purchased_purges":0,"victory":false,"max_hp_per_floor":[71,71,71,64,64,64,64,64,64,64,64,64],"card_choices":[{"not_picked":["Static Discharge","Self Repair"],"picked":"Storm","floor":1},{"not_picked":["Turbo","FTL"],"picked":"Reinforced Body","floor":3},{"not_picked":["Steam","Conserve Battery"],"picked":"Compile Driver","floor":5},{"not_picked":["Streamline","Stack"],"picked":"Reprogram","floor":7},{"not_picked":["Go for the Eyes","Redo","Chaos"],"picked":"SKIP","floor":10}],"player_experience":652607,"relics_obtained":[],"event_choices":[{"damage_healed":0,"gold_gain":0,"player_choice":"Success","damage_taken":5,"relics_obtained":["aspiration:Lifesprig"],"max_hp_gain":0,"max_hp_loss":0,"event_name":"Scrap Ooze","floor":2,"gold_loss":0},{"damage_healed":0,"gold_gain":0,"player_choice":"Lose Max HP","damage_taken":0,"relics_obtained":["Golden Idol"],"max_hp_gain":0,"max_hp_loss":7,"event_name":"Golden Idol","floor":4,"gold_loss":0}],"is_beta":false,"boss_relics":[],"items_purged_floors":[],"is_endless":false,"potions_floor_spawned":[1,3,5],"killed_by":"Gremlin Nob","ascension_level":20}}