{"host":"sav7uxregyirlf69","time":1613227843,"event":{"mods":["AchievementEnabler","BaseMod","Colored Map","DeckTracker","Keyboard Shortcuts","Minty Spire (QoL Compilation)","READ ME - Guardian Mod","StSLib","SuperFastMode"],"gold_per_floor":[110,125,225,239,239,239,239,239,239,269,269,284,284,304,304,378,378,395,415,10,24,24,24,38,58,82,115,131,162,162,1,1,1,1],"floor_reached":33,"language":"KOR","playtime":680,"items_purged":["Strike_B"],"score":574,"play_id":"77b1b151-a54a-4cae-93ff-29819b8fa207","local_time":"20210213235043","is_ascension_mode":true,"campfire_choices":[{"data":"Zap","floor":6,"key":"SMITH"},{"data":"Reinforced Body","floor":15,"key":"SMITH"},{"data":"Buffer","floor":23,"key":"SMITH"},{"floor":30,"key":"REST"},{"data":"Defragment","floor":32,"key":"SMITH"}],"circlet_count":0,"master_deck":["AscendersBane","Strike_B","Strike_B","Defend_B","Defend_B","Defend_B","Defend_B","Zap+1","Dualcast+1","Sweeping Beam+1","Melter","Compile Driver+1","Machine Learning","Reinforced Body+1","Buffer+1","Stack","Aggregate+1","Glacier","Go for the Eyes","Defragment+1","Static Discharge+1","Seek","Recycle+1","Sunder","Leap"],"relics":["Cracked Core","NeowsBlessing","Happy Flower","Bronze Scales","Ginger","Philosopher\u0027s Stone","Lee\u0027s Waffle","Bag of Preparation","DataDisk","Meat on the Bone","Pocketwatch","Orrery"],"acts_visited":["Exordium","TheCity"],"potions_floor_usage":[10,16,16,16,24,27],"damage_taken":[{"damage":0,"enemies":"Jaw Worm","floor":1,"turns":1},{"damage":0,"enemies":"Cultist","floor":2,"turns":1},{"damage":0,"enemies":"Small Slimes","floor":4,"turns":1},{"damage":8,"enemies":"Gremlin Nob","floor":10,"turns":3},{"damage":1,"enemies":"2 Fungi Beasts","floor":12,"turns":3},{"damage":12,"enemies":"Lots of Slimes","floor":14,"turns":2},{"damage":7,"enemies":"Hexaghost","floor":16,"turns":9},{"damage":0,"enemies":"Chosen","floor":18,"turns":4},{"damage":14,"enemies":"2 Thieves","floor":19,"turns":4},{"damage":23,"enemies":"Snecko","floor":21,"turns":6},{"damage":15,"enemies":"Chosen and Byrds","floor":24,"turns":5},{"damage":0,"enemies":"Centurion and Healer","floor":25,"turns":6},{"damage":17,"enemies":"Book of Stabbing","floor":27,"turns":6},{"damage":7,"enemies":"Snake Plant","floor":28,"turns":5},{"damage":26,"enemies":"Gremlin Leader","floor":29,"turns":8},{"damage":56,"enemies":"Automaton","floor":33,"turns":10}],"seed_played":"-7314760811810251959","potions_obtained":[{"floor":1,"key":"SpeedPotion"},{"floor":4,"key":"DistilledChaos"},{"floor":10,"key":"EntropicBrew"},{"floor":16,"key":"SpeedPotion"},{"floor":18,"key":"LiquidBronze"},{"floor":25,"key":"SmokeBomb"},{"floor":29,"key":"GamblersBrew"}],"is_trial":false,"path_per_floor":["M","M","?","M","?","R","?","?","T","E","T","M","?","M","R","B",null,"M","M","$","M","T","R","M","M","T","E","M","E","R","$","R","B"],"character_chosen":"DEFECT","items_purchased":["Lee\u0027s Waffle","Bag of Preparation","Orrery"],"campfire_rested":1,"item_purchase_floors":[20,20,31],"current_hp_per_floor":[64,64,64,64,57,57,57,36,36,28,28,27,27,15,15,8,55,55,41,78,55,55,55,40,40,40,23,28,14,37,37,37,0,0],"gold":1,"neow_bonus":"THREE_ENEMY_KILL","is_daily":false,"chose_seed":false,"campfire_upgraded":4,"win_rate":0.0,"timestamp":1613227843,"path_taken":["M","M","?","?","?","R","?","?","T","E","?","M","?","M","R","BOSS","M","M","?","M","?","R","M","?","T","E","M","E","R","$","R","BOSS"],"items_purchased_type":["Relic","Relic","Relic"],"build_version":"2020-12-22","purchased_purges":1,"victory":false,"max_hp_per_floor":[71,71,71,71,71,71,71,71,71,71,71,71,71,71,71,71,71,71,71,78,78,78,78,78,78,78,78,78,78,78,78,78,78,78],"card_choices":[{"not_picked":["Melter","Heatsinks"],"picked":"Sweeping Beam","floor":1},{"not_picked":["Stack","Loop"],"picked":"Melter","floor":2},{"not_picked":["Leap","Redo"],"picked":"Compile Driver","floor":4},{"not_picked":["Turbo","Force Field"],"picked":"Machine Learning","floor":10},{"not_picked":["Leap","Steam Power","Consume"],"picked":"SKIP","floor":12},{"not_picked":["Stack","Compile Driver"],"picked":"Reinforced Body","floor":14},{"not_picked":["All For One","Hyperbeam"],"picked":"Buffer","floor":16},{"not_picked":["Hologram","Turbo"],"picked":"Stack","floor":18},{"not_picked":["Turbo","Gash"],"picked":"Aggregate+1","floor":19},{"not_picked":["Blizzard","Cold Snap"],"picked":"Glacier","floor":21},{"not_picked":["Storm","Sweeping Beam"],"picked":"Go for the Eyes","floor":24},{"not_picked":["Stack","Go for the Eyes","Rebound"],"picked":"SKIP","floor":25},{"not_picked":["Core Surge","Coolheaded+1"],"picked":"Defragment","floor":27},{"not_picked":["Rebound","Stack"],"picked":"Static Discharge+1","floor":28},{"not_picked":["Compile Driver","Barrage"],"picked":"Seek","floor":29},{"not_picked":["Leap","Seek"],"picked":"Recycle+1","floor":31},{"not_picked":["Steam","Gash"],"picked":"Sunder","floor":31},{"not_picked":["Tempest","Sweeping Beam"],"picked":"Leap","floor":31}],"player_experience":1565771,"relics_obtained":[{"floor":9,"key":"Happy Flower"},{"floor":10,"key":"Bronze Scales"},{"floor":11,"key":"Ginger"},{"floor":26,"key":"DataDisk"},{"floor":27,"key":"Meat on the Bone"},{"floor":29,"key":"Pocketwatch"}],"event_choices":[{"damage_healed":0,"gold_gain":100,"player_choice":"Gold","damage_taken":0,"max_hp_gain":0,"max_hp_loss":0,"event_name":"Wheel of Change","floor":3,"gold_loss":0},{"cards_removed":["Strike_B"],"damage_healed":0,"gold_gain":0,"player_choice":"Card Removal","damage_taken":7,"max_hp_gain":0,"max_hp_loss":0,"event_name":"Golden Wing","floor":5,"gold_loss":0},{"damage_healed":0,"gold_gain":0,"player_choice":"Ignored","damage_taken":0,"max_hp_gain":0,"max_hp_loss":0,"event_name":"Liars Game","floor":7,"gold_loss":0},{"damage_healed":0,"gold_gain":0,"player_choice":"Entered Light","damage_taken":21,"max_hp_gain":0,"max_hp_loss":0,"event_name":"Shining Light","floor":8,"gold_loss":0,"cards_upgraded":["Compile Driver","Sweeping Beam"]},{"damage_healed":0,"gold_gain":0,"player_choice":"Forge","damage_taken":0,"max_hp_gain":0,"max_hp_loss":0,"event_name":"Accursed Blacksmith","floor":13,"gold_loss":0,"cards_upgraded":["Dualcast"]}],"is_beta":false,"boss_relics":[{"not_picked":["FrozenCore","Busted Crown"],"picked":"Philosopher\u0027s Stone"}],"items_purged_floors":[20],"is_endless":false,"potions_floor_spawned":[1,4,10,16,18,25,29],"killed_by":"Automaton","ascension_level":20}}