{"host":"baymyijz6sxaqj5s","time":1613211877,"event":{"mods":["AchievementEnabler","BaseMod","Colored Map","Colored Powertips","DeckTracker","Highlight Path","KOR Keyword Fix","Keyboard Shortcuts","Minty Spire (QoL Compilation)","StSLib","SuperFastMode","everything is the same but u backflip on backflip"],"gold_per_floor":[117,26,26,37,37,37,53,17,17,29,39,58,77,92,92,192,192,210,224,234,234,234],"floor_reached":21,"language":"KOR","playtime":829,"items_purged":[],"score":204,"play_id":"cf859c61-b8ae-406e-8b79-e69215fa01b6","local_time":"20210213192437","is_ascension_mode":true,"campfire_choices":[{"data":"Heavy Blade","floor":6,"key":"SMITH"},{"floor":15,"key":"REST"}],"circlet_count":0,"master_deck":["Strike_R","Strike_R","Strike_R","Strike_R","Strike_R","Defend_R","Defend_R","Defend_R+1","Defend_R","Bash","Heavy Blade+1","Seeing Red+1","Armaments","Spot Weakness","Body Slam","Shrug It Off","Barricade"],"relics":["Burning Blood","Happy Flower","Runic Pyramid"],"acts_visited":["Exordium","TheCity"],"potions_floor_usage":[16,16,16,18,21,21],"damage_taken":[{"damage":1,"enemies":"Cultist","floor":1,"turns":4},{"damage":0,"enemies":"2 Louse","floor":4,"turns":2},{"damage":5,"enemies":"Small Slimes","floor":7,"turns":3},{"damage":13,"enemies":"Blue Slaver","floor":10,"turns":3},{"damage":11,"enemies":"Gremlin Gang","floor":11,"turns":5},{"damage":4,"enemies":"2 Fungi Beasts","floor":12,"turns":2},{"damage":20,"enemies":"Lots of Slimes","floor":13,"turns":5},{"damage":20,"enemies":"Gremlin Gang","floor":14,"turns":5},{"damage":49,"enemies":"Hexaghost","floor":16,"turns":11},{"damage":21,"enemies":"3 Byrds","floor":18,"turns":7},{"damage":28,"enemies":"2 Thieves","floor":19,"turns":5},{"damage":33,"enemies":"Centurion and Healer","floor":20,"turns":9},{"damage":45,"enemies":"Shelled Parasite and Fungi","floor":21,"turns":4}],"seed_played":"917235359672484832","potions_obtained":[{"floor":1,"key":"BlessingOfTheForge"},{"floor":7,"key":"DuplicationPotion"},{"floor":13,"key":"Block Potion"},{"floor":16,"key":"Fire Potion"},{"floor":18,"key":"BloodPotion"},{"floor":19,"key":"PowerPotion"}],"is_trial":false,"path_per_floor":["M","$","?","M","?","R","M","$","T","M","M","M","M","M","R","B",null,"M","M","M","M"],"character_chosen":"IRONCLAD","items_purchased":["Heavy Blade","Seeing Red","Spot Weakness"],"campfire_rested":1,"item_purchase_floors":[2,2,8],"current_hp_per_floor":[88,88,70,76,76,76,77,77,77,70,65,67,53,39,65,22,88,73,51,24,0,0],"gold":234,"neow_bonus":"TEN_PERCENT_HP_BONUS","is_daily":false,"chose_seed":false,"campfire_upgraded":1,"win_rate":0.0,"timestamp":1613211877,"path_taken":["M","?","?","M","?","R","M","?","T","M","M","M","?","M","R","BOSS","M","M","M","M"],"items_purchased_type":["Card","Card","Card"],"build_version":"2020-12-22","purchased_purges":0,"victory":false,"max_hp_per_floor":[88,88,88,88,88,88,88,88,88,88,88,88,88,88,88,88,88,88,88,88,88,88],"card_choices":[{"not_picked":["Uppercut","Headbutt","Havoc"],"picked":"SKIP","floor":1},{"not_picked":["Clash","Warcry","Dual Wield"],"picked":"SKIP","floor":4},{"not_picked":["Cleave","Anger"],"picked":"Armaments","floor":7},{"not_picked":["Shrug It Off","Sever Soul"],"picked":"Body Slam","floor":10},{"not_picked":["Entrench","Immolate"],"picked":"Shrug It Off","floor":11},{"not_picked":["Iron Wave","Rage","Pummel"],"picked":"SKIP","floor":12},{"not_picked":["Warcry","Cleave","Shockwave"],"picked":"SKIP","floor":13},{"not_picked":["Anger","Fire Breathing","Flex"],"picked":"SKIP","floor":14},{"not_picked":["Juggernaut","Reaper"],"picked":"Barricade","floor":16},{"not_picked":["Warcry","Heavy Blade","Perfected Strike"],"picked":"SKIP","floor":18},{"not_picked":["Metallicize","Thunderclap+1","Havoc+1"],"picked":"SKIP","floor":19},{"not_picked":["Rupture","Carnage","Clash+1"],"picked":"SKIP","floor":20}],"player_experience":88499,"relics_obtained":[{"floor":9,"key":"Happy Flower"}],"event_choices":[{"damage_healed":0,"gold_gain":0,"player_choice":"Entered Light","damage_taken":18,"max_hp_gain":0,"max_hp_loss":0,"event_name":"Shining Light","floor":3,"gold_loss":0,"cards_upgraded":["Defend_R","Seeing Red"]},{"damage_healed":0,"gold_gain":0,"player_choice":"Leave","damage_taken":0,"max_hp_gain":0,"max_hp_loss":0,"event_name":"The Cleric","floor":5,"gold_loss":0}],"is_beta":false,"boss_relics":[{"not_picked":["Busted Crown","Calling Bell"],"picked":"Runic Pyramid"}],"items_purged_floors":[],"is_endless":false,"potions_floor_spawned":[1,7,13,14,16,18,19],"killed_by":"Shelled Parasite and Fungi","ascension_level":3}}