{"host":"a5lz0e76zb3fcwkm","time":1613236482,"event":{"mods":["AchievementEnabler","BaseMod","Colored Map","Colored Powertips","Minty Spire (QoL Compilation)","StSLib","SuperFastMode"],"gold_per_floor":[116,191,191,191,30,30,58,58,84,109,124,124,158,178,178,251,251,270,270,270,270,270,270,296,296,296,309,334,334,661,677,677,751,751,768,840,489,500,520,551,551,567,567,577,213,213,238,264,264,264,264],"floor_reached":50,"language":"KOR","playtime":1348,"items_purged":["Defend_B","Doom and Gloom","Zap"],"score":1329,"play_id":"d102b05e-e5ea-4d50-aa0a-f7e99d94e0ff","local_time":"20210214021442","is_ascension_mode":true,"campfire_choices":[{"data":"White Noise","floor":6.0,"key":"SMITH"},{"data":"Dualcast","floor":8.0,"key":"SMITH"},{"data":"Defragment","floor":12.0,"key":"SMITH"},{"data":"White Noise","floor":15.0,"key":"SMITH"},{"data":"Seek","floor":23.0,"key":"SMITH"},{"data":"Aggregate","floor":25.0,"key":"SMITH"},{"data":"Turbo","floor":32.0,"key":"SMITH"},{"floor":41.0,"key":"RECALL"},{"data":"Coolheaded","floor":49,"key":"SMITH"}],"circlet_count":0,"master_deck":["AscendersBane","Dualcast+1","White Noise+1","Self Repair","Cold Snap","Sunder","Defragment+1","White Noise+1","Core Surge","Glacier","Ball Lightning","Undo","Seek+1","Aggregate+1","FTL","Turbo+1","Loop+1","Electrodynamics+1","Storm+1","Coolheaded+1","Hologram+1","Heatsinks+1"],"relics":["Cracked Core","NeowsBlessing","Bronze Scales","PreservedInsect","Letter Opener","Tiny Chest","Pandora\u0027s Box","Eternal Feather","Blood Vial","HornCleat","Frozen Egg 2","Red Mask","Old Coin","Busted Crown","Bottled Flame","DataDisk","Juzu Bracelet","Lantern","Thread and Needle","Singing Bowl"],"acts_visited":["Exordium","TheCity","TheBeyond"],"potions_floor_usage":[50,50],"damage_taken":[{"damage":0.0,"enemies":"2 Louse","floor":1.0,"turns":1.0},{"damage":0.0,"enemies":"3 Sentries","floor":7.0,"turns":1.0},{"damage":0.0,"enemies":"Gremlin Nob","floor":10.0,"turns":1.0},{"damage":5.0,"enemies":"Jaw Worm","floor":11.0,"turns":2.0},{"damage":5.0,"enemies":"Lagavulin","floor":13.0,"turns":7.0},{"damage":0.0,"enemies":"Small Slimes","floor":14.0,"turns":2.0},{"damage":27.0,"enemies":"The Guardian","floor":16.0,"turns":6.0},{"damage":0.0,"enemies":"Chosen","floor":18.0,"turns":3.0},{"damage":0.0,"enemies":"Gremlin Leader","floor":24.0,"turns":3.0},{"damage":0.0,"enemies":"Spheric Guardian","floor":27.0,"turns":3.0},{"damage":0.0,"enemies":"Masked Bandits","floor":28.0,"turns":3.0},{"damage":27.0,"enemies":"Slavers","floor":30.0,"turns":3.0},{"damage":20.0,"enemies":"Snecko","floor":31.0,"turns":6.0},{"damage":28.0,"enemies":"Collector","floor":33.0,"turns":8.0},{"damage":8.0,"enemies":"Orb Walker","floor":35.0,"turns":3.0},{"damage":0.0,"enemies":"3 Shapes","floor":38.0,"turns":3.0},{"damage":0.0,"enemies":"Spire Growth","floor":39.0,"turns":3.0},{"damage":0.0,"enemies":"Reptomancer","floor":40.0,"turns":3.0},{"damage":6.0,"enemies":"Sphere and 2 Shapes","floor":42.0,"turns":3.0},{"damage":9.0,"enemies":"4 Shapes","floor":44.0,"turns":2.0},{"damage":0,"enemies":"Mind Bloom Boss Battle","floor":47,"turns":3},{"damage":11,"enemies":"Nemesis","floor":48,"turns":3},{"damage":87,"enemies":"Awakened One","floor":50,"turns":11}],"seed_played":"2784300371886550739","potions_obtained":[{"floor":10.0,"key":"GamblersBrew"},{"floor":11.0,"key":"Fire Potion"},{"floor":16.0,"key":"Energy Potion"},{"floor":27.0,"key":"Swift Potion"},{"floor":30.0,"key":"Swift Potion"},{"floor":31.0,"key":"SkillPotion"},{"floor":35.0,"key":"PotionOfCapacity"},{"floor":40.0,"key":"EssenceOfDarkness"}],"is_trial":false,"path_per_floor":["M","?","?","?","$","R","E","R","T","E","M","R","E","M","R","B",null,"M","?","?","T","T","R","E","R","T","M","?","?","E","M","R","B",null,"M","T","$","M","M","E","R","M","T","M","$","?","?","E","R","B"],"character_chosen":"DEFECT","items_purchased":["Self Repair","DataDisk","Storm+1","Lantern","Heatsinks+1"],"campfire_rested":0,"item_purchase_floors":[5,37,37,45,45],"current_hp_per_floor":[64,53,58,51,51,51,51,51,51,51,46,46,48,55,55,35,66,66,66,44,44,44,53,62,71,71,80,81,81,61,43,52,33,69,63,63,63,72,81,81,81,81,81,72,72,72,81,79,83,0,0],"gold":264,"neow_bonus":"THREE_ENEMY_KILL","is_daily":false,"chose_seed":false,"campfire_upgraded":8,"win_rate":0.0,"timestamp":1613236482,"path_taken":["M","?","?","?","$","R","E","R","T","E","M","R","E","M","R","BOSS","M","?","?","?","?","R","E","R","T","?","?","?","E","M","R","BOSS","M","?","$","M","M","E","R","M","T","M","$","?","?","E","R","BOSS"],"items_purchased_type":["Card","Relic","Card","Relic","Card"],"build_version":"2020-12-22","purchased_purges":3,"victory":false,"max_hp_per_floor":[71,71,76,76,76,76,76,76,76,76,76,76,76,76,76,76,76,76,76,81,81,81,81,81,81,81,81,81,81,81,81,81,81,81,81,81,81,81,81,81,81,81,81,81,81,81,81,83,83,83,83],"card_choices":[{"not_picked":["Compile Driver","Ball Lightning"],"picked":"White Noise","floor":1.0},{"not_picked":["Ball Lightning","Auto Shields"],"picked":"Cold Snap","floor":7.0},{"not_picked":["Double Energy","Machine Learning"],"picked":"Sunder","floor":10.0},{"not_picked":["FTL","Coolheaded"],"picked":"Defragment","floor":11.0},{"not_picked":["Reprogram","Sweeping Beam","Hello World"],"picked":"SKIP","floor":13.0},{"not_picked":["Skim","Rebound"],"picked":"White Noise","floor":14.0},{"not_picked":["Machine Learning","Hyperbeam"],"picked":"Core Surge","floor":16.0},{"not_picked":["Go for the Eyes","Barrage"],"picked":"FTL","floor":18.0},{"not_picked":["Cold Snap+1","Coolheaded","Streamline"],"picked":"SKIP","floor":24.0},{"not_picked":["Stack","Compile Driver"],"picked":"Loop+1","floor":27.0},{"not_picked":["Double Energy","Conserve Battery","Steam"],"picked":"SKIP","floor":30.0},{"not_picked":["Redo","Sweeping Beam","Conserve Battery"],"picked":"SKIP","floor":31.0},{"not_picked":["Core Surge","Thunder Strike"],"picked":"Electrodynamics+1","floor":33.0},{"not_picked":["Ball Lightning"],"picked":"SKIP","floor":35.0},{"not_picked":["Gash"],"picked":"SKIP","floor":38.0},{"not_picked":["Cold Snap"],"picked":"SKIP","floor":39.0},{"not_picked":["Hyperbeam"],"picked":"SKIP","floor":40.0},{"not_picked":[],"picked":"Coolheaded","floor":42.0},{"not_picked":[],"picked":"Hologram+1","floor":44.0},{"not_picked":["Hologram"],"picked":"Singing Bowl","floor":48}],"player_experience":1886846,"relics_obtained":[{"floor":7.0,"key":"Bronze Scales"},{"floor":9.0,"key":"PreservedInsect"},{"floor":10.0,"key":"Letter Opener"},{"floor":13.0,"key":"Tiny Chest"},{"floor":21.0,"key":"Eternal Feather"},{"floor":22.0,"key":"Blood Vial"},{"floor":24.0,"key":"HornCleat"},{"floor":26.0,"key":"Frozen Egg 2"},{"floor":28.0,"key":"Red Mask"},{"floor":30.0,"key":"Old Coin"},{"floor":36.0,"key":"Bottled Flame"},{"floor":40.0,"key":"Juzu Bracelet"},{"floor":47,"key":"Thread and Needle"},{"floor":48,"key":"Singing Bowl"}],"event_choices":[{"damage_healed":0.0,"max_hp_gain":0.0,"max_hp_loss":0.0,"gold_gain":75.0,"event_name":"World of Goop","player_choice":"Gather Gold","floor":2.0,"gold_loss":0.0,"damage_taken":11.0},{"damage_healed":0.0,"max_hp_gain":5.0,"max_hp_loss":0.0,"gold_gain":0.0,"event_name":"Big Fish","player_choice":"Donut","floor":3.0,"gold_loss":0.0,"damage_taken":0.0},{"cards_removed":["Strike_B"],"damage_healed":0.0,"max_hp_gain":0.0,"max_hp_loss":0.0,"gold_gain":0.0,"event_name":"Golden Wing","player_choice":"Card Removal","floor":4.0,"gold_loss":0.0,"damage_taken":7.0},{"damage_healed":0.0,"max_hp_gain":0.0,"max_hp_loss":0.0,"gold_gain":0.0,"event_name":"The Library","player_choice":"Read","floor":19.0,"gold_loss":0.0,"damage_taken":0.0,"cards_obtained":["Turbo"]},{"damage_healed":0.0,"max_hp_gain":5.0,"max_hp_loss":0.0,"gold_gain":0.0,"event_name":"Forgotten Altar","player_choice":"Shed Blood","floor":20.0,"gold_loss":0.0,"damage_taken":27.0},{"damage_healed":0.0,"max_hp_gain":0.0,"max_hp_loss":0.0,"gold_gain":0.0,"event_name":"Masked Bandits","player_choice":"Fought Bandits","floor":28.0,"gold_loss":0.0,"damage_taken":0.0},{"damage_healed":0.0,"max_hp_gain":0.0,"max_hp_loss":0.0,"gold_gain":0.0,"event_name":"The Mausoleum","player_choice":"Ignored","floor":29.0,"gold_loss":0.0,"damage_taken":0.0},{"damage_healed":0,"gold_gain":0,"player_choice":"Ignored","damage_taken":0,"max_hp_gain":0,"max_hp_loss":0,"event_name":"SecretPortal","floor":46,"gold_loss":0},{"damage_healed":0,"gold_gain":0,"player_choice":"Fight","damage_taken":0,"max_hp_gain":0,"max_hp_loss":0,"event_name":"MindBloom","floor":47,"gold_loss":0}],"is_beta":false,"boss_relics":[{"not_picked":["Runic Pyramid","Philosopher\u0027s Stone"],"picked":"Pandora\u0027s Box"},{"not_picked":["Velvet Choker","SlaversCollar"],"picked":"Busted Crown"}],"items_purged_floors":[5,37,45],"is_endless":false,"potions_floor_spawned":[10,11,13,14,16,27,30,31,35,40,48],"killed_by":"Awakened One","ascension_level":20}}