{"host":"19r1ww88x2tc73i0","time":1613191663,"event":{"mods":["BaseMod","Bestiary","BetterRewards","Colored Map","Minty Spire (QoL Compilation)","Relic Stats","StSLib","SuperFastMode","slay the spire mod where everything is the same but ironclad has a cowboy hat"],"gold_per_floor":[365,377,14,37,52,52,85,85,108,108,150,150,178,199,199,286,286,300,329,352,116,166,202,222,222,222,258,258,267,293,336,336,336,336],"floor_reached":33,"language":"ENG","playtime":1587,"items_purged":["Strike_G","Strike_G"],"score":680,"play_id":"f3a6b48b-ff61-4e6a-8d5b-5696a53f409f","local_time":"25640213114743","is_ascension_mode":true,"campfire_choices":[{"data":"Glass Knife","floor":6.0,"key":"SMITH"},{"data":"Blade Dance","floor":10.0,"key":"SMITH"},{"data":"Neutralize","floor":15.0,"key":"SMITH"},{"data":"Accuracy","floor":28,"key":"SMITH"},{"floor":32,"key":"REST"}],"circlet_count":0,"master_deck":["AscendersBane","Strike_G+1","Strike_G+1","Strike_G+1","Defend_G+1","Defend_G+1","Defend_G+1","Defend_G+1","Defend_G+1","Survivor+1","Neutralize+1","Eviscerate","Dagger Throw","Glass Knife+1","Dagger Spray","Blade Dance+1","Malaise","Endless Agony","Outmaneuver","Burst+1","Choke","Terror+1","Eviscerate","Accuracy+1","Leg Sweep","Decay","Caltrops","Crippling Poison"],"relics":["Ring of the Snake","Membership Card","Pen Nib","Smiling Mask","Bottled Flame","CeramicFish","Gambling Chip","FaceOfCleric","Snecko Eye","HornCleat","Juzu Bracelet","Oddly Smooth Stone","War Paint","Art of War"],"acts_visited":["Exordium","TheCity"],"potions_floor_usage":[33,33],"damage_taken":[{"damage":3.0,"enemies":"Cultist","floor":1.0,"turns":6.0},{"damage":6.0,"enemies":"Small Slimes","floor":2.0,"turns":5.0},{"damage":0.0,"enemies":"2 Louse","floor":5.0,"turns":3.0},{"damage":11.0,"enemies":"Lagavulin","floor":7.0,"turns":5.0},{"damage":10.0,"enemies":"3 Sentries","floor":11.0,"turns":6.0},{"damage":0.0,"enemies":"Lots of Slimes","floor":13.0,"turns":1.0},{"damage":0.0,"enemies":"Large Slime","floor":14.0,"turns":2.0},{"damage":18.0,"enemies":"The Guardian","floor":16.0,"turns":13.0},{"damage":3.0,"enemies":"2 Thieves","floor":18.0,"turns":3.0},{"damage":9.0,"enemies":"Shell Parasite","floor":19.0,"turns":3.0},{"damage":9.0,"enemies":"Centurion and Healer","floor":20.0,"turns":3.0},{"damage":41,"enemies":"Slavers","floor":23,"turns":5},{"damage":0,"enemies":"Snecko","floor":24,"turns":2},{"damage":0,"enemies":"Gremlin Leader","floor":27,"turns":4},{"damage":0,"enemies":"3 Cultists","floor":30,"turns":3},{"damage":11,"enemies":"Book of Stabbing","floor":31,"turns":6},{"damage":14,"enemies":"Champ","floor":33,"turns":10}],"seed_played":"1815877854719935655","potions_obtained":[{"floor":5.0,"key":"GhostInAJar"},{"floor":11.0,"key":"Ancient Potion"},{"floor":13.0,"key":"Regen Potion"},{"floor":16.0,"key":"EssenceOfSteel"},{"floor":24,"key":"Explosive Potion"},{"floor":27,"key":"Dexterity Potion"},{"floor":30,"key":"DuplicationPotion"}],"is_trial":false,"path_per_floor":["M","M","$","T","M","R","E","?","T","R","E","?","M","M","R","B",null,"M","M","M","$","?","E","M","?","T","E","R","?","M","E","R","B"],"character_chosen":"THE_SILENT","items_purchased":["Membership Card","Pen Nib","Glass Knife","HornCleat","FairyPotion"],"campfire_rested":1,"item_purchase_floors":[3,3,3,21,21],"current_hp_per_floor":[41,35,35,35,35,35,24,24,24,24,14,14,15,16,16,14,55,53,45,37,37,37,22,23,23,23,24,24,24,25,15,38,24,24],"gold":336,"neow_bonus":"TWO_FIFTY_GOLD","is_daily":false,"chose_seed":false,"campfire_upgraded":4,"win_rate":0.0,"timestamp":1613191663,"path_taken":["M","?","$","?","M","R","E","?","T","R","E","?","?","M","R","BOSS","M","M","M","$","?","E","M","?","T","E","R","?","M","E","R","BOSS"],"items_purchased_type":["Relic","Relic","Card","Relic","Potion"],"build_version":"2020-12-22","purchased_purges":2,"victory":false,"max_hp_per_floor":[66,66,66,66,66,66,66,66,66,66,66,66,67,68,68,69,69,70,71,72,72,72,73,74,74,74,75,75,75,76,77,77,77,77],"relic_stats":{"FaceOfCleric":11,"counters":[17,80],"CeramicFish":108,"Gambling Chip":[56],"Snecko Eye":[85,80,76,68],"Pen Nib":[19],"Juzu Bracelet":1,"Art of War":[2],"War Paint":["Survivor","Burst"],"Smiling Mask":0,"obtain_stats":[{"CeramicFish":9,"Oddly Smooth Stone":26,"Pen Nib":3,"Juzu Bracelet":23,"War Paint":27,"Smiling Mask":4,"Bottled Flame":7,"HornCleat":21,"FaceOfCleric":12,"Gambling Chip":11,"Snecko Eye":17,"Art of War":31,"Membership Card":3,"Ring of the Snake":0},{"CeramicFish":4,"Oddly Smooth Stone":13,"Pen Nib":2,"Juzu Bracelet":12,"War Paint":14,"Smiling Mask":2,"Bottled Flame":4,"HornCleat":11,"FaceOfCleric":5,"Gambling Chip":5,"Snecko Eye":8,"Art of War":16,"Membership Card":2,"Ring of the Snake":0},{"CeramicFish":19,"Oddly Smooth Stone":57,"Pen Nib":11,"Juzu Bracelet":55,"War Paint":61,"Smiling Mask":11,"Bottled Flame":19,"HornCleat":50,"FaceOfCleric":25,"Gambling Chip":25,"Snecko Eye":41,"Art of War":70,"Membership Card":11,"Ring of the Snake":0}],"Ring of the Snake":[34]},"card_choices":[{"not_picked":["Deflect","Cloak And Dagger"],"picked":"Eviscerate","floor":1.0},{"not_picked":["Distraction","Dodge and Roll"],"picked":"Dagger Throw","floor":2.0},{"not_picked":["PiercingWail","Cloak And Dagger"],"picked":"Dagger Spray","floor":5.0},{"not_picked":["Deflect","Bane"],"picked":"Blade Dance","floor":7.0},{"not_picked":["Underhanded Strike","Expertise"],"picked":"Malaise","floor":11.0},{"not_picked":["Bane","Catalyst"],"picked":"Endless Agony","floor":13.0},{"not_picked":["Endless Agony","Flechettes"],"picked":"Outmaneuver","floor":14.0},{"not_picked":["Corpse Explosion","Doppelganger"],"picked":"Burst","floor":16.0},{"not_picked":["Masterful Stab","Distraction","Sucker Punch+1"],"picked":"SKIP","floor":18.0},{"not_picked":["Backflip","Masterful Stab+1"],"picked":"Choke","floor":19.0},{"not_picked":["Flying Knee","Backflip"],"picked":"Terror+1","floor":20.0},{"not_picked":["Deadly Poison","Doppelganger"],"picked":"Eviscerate","floor":23},{"not_picked":["Underhanded Strike+1","Blade Dance"],"picked":"Accuracy","floor":24},{"not_picked":["Adrenaline","Prepared"],"picked":"Leg Sweep","floor":27},{"not_picked":["Underhanded Strike","Flechettes"],"picked":"Caltrops","floor":30},{"not_picked":["Quick Slash","Slice"],"picked":"Crippling Poison","floor":31}],"player_experience":1066473,"relics_obtained":[{"floor":4.0,"key":"Smiling Mask"},{"floor":7.0,"key":"Bottled Flame"},{"floor":9.0,"key":"CeramicFish"},{"floor":11.0,"key":"Gambling Chip"},{"floor":23,"key":"Juzu Bracelet"},{"floor":26,"key":"Oddly Smooth Stone"},{"floor":27,"key":"War Paint"},{"floor":31,"key":"Art of War"}],"event_choices":[{"damage_healed":0.0,"max_hp_gain":0.0,"max_hp_loss":0.0,"gold_gain":0.0,"event_name":"Liars Game","player_choice":"Ignored","floor":8.0,"gold_loss":0.0,"damage_taken":0.0},{"damage_healed":0.0,"max_hp_gain":0.0,"max_hp_loss":0.0,"gold_gain":0.0,"event_name":"FaceTrader","player_choice":"Trade","floor":12.0,"gold_loss":0.0,"damage_taken":0.0,"relics_obtained":["FaceOfCleric"]},{"damage_healed":0,"gold_gain":100,"player_choice":"Bet on Murderer","damage_taken":0,"max_hp_gain":0,"max_hp_loss":0,"event_name":"The Joust","floor":22,"gold_loss":50},{"damage_healed":0,"gold_gain":0,"player_choice":"Simplicity","damage_taken":0,"max_hp_gain":0,"max_hp_loss":0,"event_name":"Back to Basics","floor":25,"gold_loss":0,"cards_upgraded":["Strike_G","Strike_G","Strike_G","Defend_G","Defend_G","Defend_G","Defend_G","Defend_G"]},{"damage_healed":0,"gold_gain":0,"player_choice":"Smashed Altar","damage_taken":0,"max_hp_gain":0,"max_hp_loss":0,"event_name":"Forgotten Altar","floor":29,"gold_loss":0,"cards_obtained":["Decay"]}],"is_beta":false,"boss_relics":[{"not_picked":["Tiny House","Runic Dome"],"picked":"Snecko Eye"}],"items_purged_floors":[3,21],"is_endless":false,"potions_floor_spawned":[5,11,13,16,24,27,30],"killed_by":"Champ","ascension_level":20}}