{"host":"mnljlkge2zm8bbif","time":1613206700,"event":{"mods":["Aspiration","BaseMod","Beaked The Cultist","Better Third Choice","BetterRewards","CCEM2","Challenge The Spire","Displayed Cursed Tome","Gremlin Mod","Hubris","Minty Spire (QoL Compilation)","Relic Stats","Replay The Spire","Robot Space Explorer","Shop Mod","Spicy Shops","StSLib","The Marked"],"gold_per_floor":[110,110,110,120,136,136,167,167,167,197,209,236,236,250,250,346,346,366,366,386,60,72,104,116,127,127,127,183,183,197,222,222,320,320,330,347,647,664,664,664,683,698,780,791,791,818,828,72,72,72,72],"floor_reached":50,"language":"ENG","playtime":2967,"items_purged":["Amnesia"],"score":1349,"play_id":"3a0474f8-65fa-40a6-a8d9-6f4f3f9b3b3b","local_time":"20210213035820","is_ascension_mode":true,"campfire_choices":[{"data":"Bash","floor":6,"key":"SMITH"},{"floor":8,"key":"REST"},{"floor":15,"key":"RECALL"},{"floor":29,"key":"REST"},{"floor":32,"key":"REST"},{"floor":40,"key":"REST"},{"floor":49,"key":"REST"}],"circlet_count":0,"master_deck":["Strike_R+1","Strike_R","Strike_R+1","Defend_R","Defend_R","Defend_R","Defend_R+1","Bash+1","Ghostly Armor","Bash","Clash","Immolate","Iron Wave","Run Through","Demon Form","Iron Wave+1","Double Tap","Flame Barrier","Heavy Blade+1","Sword Boomerang+1","ReplayTheSpireMod:Muscle Training","Feed","Dark Shackles","beaked:Resilience","Bludgeon"],"relics":["Burning Blood","Thread and Needle","hubris:HerbalPaste","Incense Burner","Ornamental Fan","CCEMRelics:ImbuedSpirit","CCEMRelics:MissingSock","StoneCalendar","Pet Ghost","Fusion Hammer","ReplayTheSpireMod:Ring of Collecting","CCEMRelics:BundleOfChain","Onion Ring","Ring of Fury","Garlic","CCEMRelics:DerglesHeadphones","CCEMRelics:IronFruit","aspiration:BeakedSkillbook","Gremlin Horn","Pear","Omamori","Simple Rune","CCEMRelics:Sandal","ClockworkSouvenir","TheAbacus"],"acts_visited":["Exordium","TheCity","TheBeyond"],"potions_floor_usage":[7,14,22,23,38,46,50,50],"damage_taken":[{"damage":3,"enemies":"Small Slimes","floor":1,"turns":4},{"damage":0,"enemies":"Jaw Worm","floor":4,"turns":5},{"damage":0,"enemies":"Cultist","floor":5,"turns":4},{"damage":56,"enemies":"Lagavulin","floor":7,"turns":8},{"damage":13,"enemies":"3 Sentries","floor":10,"turns":7},{"damage":4,"enemies":"Blue Slaver","floor":11,"turns":4},{"damage":3,"enemies":"Lagavulin","floor":12,"turns":6},{"damage":0,"enemies":"Lots of Slimes","floor":14,"turns":2},{"damage":54,"enemies":"Fading Forest","floor":16,"turns":11},{"damage":0,"enemies":"Shell Parasite","floor":18,"turns":4},{"damage":2,"enemies":"2 Thieves","floor":20,"turns":3},{"damage":12,"enemies":"Chosen and Byrds","floor":22,"turns":4},{"damage":0,"enemies":"Gremlin Leader","floor":23,"turns":3},{"damage":5,"enemies":"Snecko","floor":24,"turns":4},{"damage":0,"enemies":"Shelled Parasite and Fungi","floor":25,"turns":4},{"damage":0,"enemies":"3 Cultists","floor":30,"turns":3},{"damage":0,"enemies":"Slavers","floor":31,"turns":4},{"damage":29,"enemies":"Pondfish","floor":33,"turns":7},{"damage":0,"enemies":"Orb Walker","floor":35,"turns":1},{"damage":10,"enemies":"3 Shapes","floor":36,"turns":3},{"damage":16,"enemies":"Writhing Mass","floor":38,"turns":4},{"damage":5,"enemies":"4 Shapes","floor":41,"turns":2},{"damage":0,"enemies":"Spire Growth","floor":42,"turns":2},{"damage":1,"enemies":"Jaw Worm Horde","floor":44,"turns":2},{"damage":83,"enemies":"Giant Head","floor":46,"turns":7},{"damage":8,"enemies":"Maw","floor":47,"turns":7},{"damage":109,"enemies":"Donu and Deca","floor":50,"turns":8}],"seed_played":"2346248625451498075","potions_obtained":[{"floor":4,"key":"Toxic Potion"},{"floor":12,"key":"AttackPotion"},{"floor":18,"key":"Death Potion"},{"floor":22,"key":"DistilledChaos"},{"floor":25,"key":"Ancient Potion"},{"floor":28,"key":"CultistPotion"},{"floor":38,"key":"Toxic Potion"},{"floor":42,"key":"BloodPotion"}],"is_trial":false,"path_per_floor":["M","?","?","M","M","R","E","R","T","E","M","E","?","M","R","B",null,"M","?","M","$","M","E","M","M","T","?","?","R","M","E","R","B",null,"M","M","?","M","?","R","M","M","T","M","?","E","M","$","R","B"],"character_chosen":"IRONCLAD","items_purchased":["Thread and Needle","hubris:HerbalPaste","Incense Burner","Ornamental Fan","CCEMRelics:BundleOfChain","Simple Rune","CCEMRelics:Sandal","ClockworkSouvenir","ElixirPotion","EssenceOfSteel","TheAbacus"],"campfire_rested":5,"item_purchase_floors":[0,0,0,0,21,48,48,48,48,48,48],"current_hp_per_floor":[45,38,38,50,62,62,18,42,42,41,49,58,58,67,67,33,68,80,80,80,80,74,80,80,80,80,80,48,72,80,85,85,63,80,85,83,83,76,76,85,85,85,85,88,98,62,67,67,96,0,0],"gold":72,"neow_bonus":"","is_daily":false,"chose_seed":false,"campfire_upgraded":1,"win_rate":0.0,"timestamp":1613206700,"path_taken":["M","?","?","M","M","R","E","R","T","E","?","E","?","?","R","BOSS","M","?","M","$","M","E","M","M","T","?","?","R","M","E","R","BOSS","M","M","?","?","?","R","M","M","T","M","?","E","?","$","R","BOSS"],"items_purchased_type":["Relic","Relic","Relic","Relic","Relic","Relic","Relic","Relic","Potion","Potion","Relic"],"build_version":"2020-12-22","purchased_purges":1,"victory":false,"max_hp_per_floor":[80,80,80,80,80,80,80,80,80,80,80,80,80,80,80,80,80,80,80,80,80,80,80,80,80,80,80,80,80,80,85,85,85,85,85,85,85,85,85,85,85,85,85,88,98,98,98,98,98,98,98],"relic_stats":{"TheAbacus":[6],"Gremlin Horn":[3,3],"counters":[236,1098],"Ornamental Fan":[152],"StoneCalendar":[208],"obtain_stats":[{"TwistedFunnel":0,"Replay:Accelerometer":10,"CCEMRelics:PorcelainBowl":19,"Spirit Poop":11,"Whetstone":0,"hubris:MysteriousPyramids":0,"Boot":9,"Old Coin":6,"CCEMRelics:DerglesHeadphones":28,"Blood Vial":26,"Replay:Ringing Soul":41,"hubris:HerbalPaste":0,"hubris:AstralHammer":0,"Replay:Bronze Core":17,"beaked:SacredDeck":17,"CCEMRelics:DissonantTune":9,"MealTicket":41,"CCEMRelics:Sandal":8,"Fusion Hammer":34,"Replay:Wax Seal":53,"CCEMRelics:FiftyFTOfRope":28,"MerchantsRug":0,"Pear":45,"hubris:SphereOfDissonance":43,"Eternal Feather":23,"Paper Crane":3,"CCEMRelics:FestiveHat":9,"ReplayTheSpireMod:Ring of Collecting":19,"CCEMRelics:PocketTank":0,"CCEMRelics:BundleOfChain":21,"hubris:TenFootPole":24,"Kintsugi":34,"hubris:Reverence":4,"Regal Pillow":0,"Lantern":53,"Singing Bowl":0,"CCEMRelics:WrappedPresent":11,"StoneCalendar":42,"Blue Doll":0,"Bag of Preparation":7,"Replay:Multitool":6,"hubris:EmptyBottle":0,"Smiling Mask":31,"Pet Ghost":54,"Burning Blood":0,"Replay:Rubber Ducky":13,"Matryoshka":6,"Shovel":34,"hubris:FunFungus":11,"Chemical X":0,"aspiration:FutureDiary":17,"CCEMRelics:PaperClip":0,"CCEMRelics:JestersCrown":12,"Ring of the Snake":0,"aspiration:ChemicalBlood":38,"hubris:GlazedTorus":0,"aspiration:VileToxins":5,"Lee\u0027s Waffle":19,"NeowsBlessing":0,"CCEMRelics:ImbuedSpirit":0,"hubris:64BitClover":29,"Golden Idol":14,"Thread and Needle":0,"PreservedInsect":9,"The Courier":34,"beaked:SacredNecklace":34,"Omamori":46,"hubris:Towel":21,"MawBank":7,"hubris:Spice":0,"Ornamental Fan":27,"CCEMRelics:FryingPan":9,"Durian":12,"Garlic":26,"Bottled Lightning":28,"hubris:BottledRain":0,"Calipers":0,"hubris:CrystalStatue":43,"Gremlin Horn":43,"Vajra":23,"HoveringKite":17,"hubris:VirtuousBlindfold":34,"CCEMRelics:SoftDrink":11,"aspiration:Stabinomicon":24,"Lizard Tail":9,"Centennial Puzzle":41,"HornCleat":14,"FaceOfCleric":4,"DollysMirror":42,"Strawberry":26,"Honey Jar":0,"Philosopher\u0027s Stone":17,"Iron Hammer":5,"Toxic Egg 2":4,"Byrd Skull":0,"Girya":4,"Ring of Hypnosis":4,"Happy Flower":0,"hubris:DuctTape":53,"aspiration:Nostalgia":0,"ReplayTheSpireMod:CursedCoin":5,"Replay:Grab Bag":34,"Oddly Smooth Stone":54,"aspiration:SeaSaltIceCream":0,"War Paint":38,"aspiration:HiddenCompartment":34,"hubris:Zylophone":10,"Replay:Baseball":3,"Bronze Scales":32,"Onion Ring":9,"Molten Egg 2":5,"hubris:PeanutButter":4,"Simple Rune":7,"ReplayTheSpireMod:TigerMarble":53,"Grinning Jar":41,"Mirror":29,"aspiration:HatOfInfinitePower":9,"aspiration:BeakedSkillbook":34,"NlothsMask":24,"ReplayFunnel":8,"Iron Core":38,"beaked:ShinyBauble":28,"Enchiridion":21,"Mango":0,"Snake Skull":12,"Juzu Bracelet":0,"Incense Burner":10,"hubris:SlimyHat":13,"PrismaticShard":5,"ClockworkSouvenir":48,"Dream Catcher":0,"Replay:Bandana":20,"hubris:Icosahedron":21,"Chameleon Ring":0,"CCEMRelics:OldTooth":12,"TheAbacus":48,"Gambling Chip":27,"Pantograph":0,"Red Mask":19,"CCEMRelics:LagavulinClaw":9,"Gremlin Food":9,"CCEMRelics:Barrel":7,"Quantum Egg":7,"aspiration:RunicSpoon":0,"aspiration:HummingbirdHeart":27,"CCEMRelics:MissingSock":7,"White Beast Statue":0,"CCEMRelics:SpiritsEdge":0,"Calling Bell":34,"CCEMRelics:IronFruit":9,"Anchor":12,"CaptainsWheel":21,"Ring of Fury":4,"ChewingGum":34,"aspiration:KaomsHeart":36,"hubris:BundleOfHerbs":10,"CCEMRelics:TinyMinotavrHorn":11,"Snack Pack":9,"hubris:GrandSneckoEye":34,"Bag of Marbles":31,"Membership Card":0,"FossilizedHelix":38,"hubris:AncientText":25},{"TwistedFunnel":0,"Replay:Accelerometer":58,"CCEMRelics:PorcelainBowl":167,"Spirit Poop":87,"Whetstone":16,"hubris:MysteriousPyramids":108,"Boot":57,"Old Coin":20,"CCEMRelics:DerglesHeadphones":224,"Blood Vial":12,"Replay:Ringing Soul":36,"hubris:HerbalPaste":209,"hubris:AstralHammer":84,"Replay:Bronze Core":91,"beaked:SacredDeck":23,"CCEMRelics:DissonantTune":126,"MealTicket":78,"CCEMRelics:Sandal":117,"Fusion Hammer":145,"Replay:Wax Seal":82,"CCEMRelics:FiftyFTOfRope":192,"MerchantsRug":84,"Pear":233,"hubris:SphereOfDissonance":36,"Eternal Feather":95,"Paper Crane":18,"CCEMRelics:FestiveHat":64,"ReplayTheSpireMod:Ring of Collecting":219,"CCEMRelics:PocketTank":194,"CCEMRelics:BundleOfChain":220,"hubris:TenFootPole":12,"Kintsugi":100,"hubris:Reverence":62,"Regal Pillow":0,"Lantern":155,"Singing Bowl":194,"CCEMRelics:WrappedPresent":134,"StoneCalendar":36,"Blue Doll":179,"Bag of Preparation":46,"Replay:Multitool":51,"hubris:EmptyBottle":0,"Smiling Mask":15,"Pet Ghost":41,"Burning Blood":42,"Replay:Rubber Ducky":60,"Matryoshka":63,"Shovel":175,"hubris:FunFungus":134,"Chemical X":84,"aspiration:FutureDiary":9,"CCEMRelics:PaperClip":42,"CCEMRelics:JestersCrown":65,"Ring of the Snake":0,"aspiration:ChemicalBlood":76,"hubris:GlazedTorus":108,"aspiration:VileToxins":55,"Lee\u0027s Waffle":167,"NeowsBlessing":53,"CCEMRelics:ImbuedSpirit":209,"hubris:64BitClover":13,"Golden Idol":208,"Thread and Needle":209,"PreservedInsect":51,"The Courier":175,"beaked:SacredNecklace":100,"Omamori":234,"hubris:Towel":11,"MawBank":125,"hubris:Spice":0,"Ornamental Fan":142,"CCEMRelics:FryingPan":133,"Durian":21,"Garlic":224,"Bottled Lightning":171,"hubris:BottledRain":157,"Calipers":42,"hubris:CrystalStatue":150,"Gremlin Horn":232,"Vajra":27,"HoveringKite":67,"hubris:VirtuousBlindfold":100,"CCEMRelics:SoftDrink":183,"aspiration:Stabinomicon":70,"Lizard Tail":64,"Centennial Puzzle":149,"HornCleat":121,"FaceOfCleric":110,"DollysMirror":36,"Strawberry":71,"Honey Jar":122,"Philosopher\u0027s Stone":166,"Iron Hammer":85,"Toxic Egg 2":49,"Byrd Skull":157,"Girya":204,"Ring of Hypnosis":18,"Happy Flower":42,"hubris:DuctTape":82,"aspiration:Nostalgia":42,"ReplayTheSpireMod:CursedCoin":55,"Replay:Grab Bag":100,"Oddly Smooth Stone":83,"aspiration:SeaSaltIceCream":42,"War Paint":76,"aspiration:HiddenCompartment":175,"hubris:Zylophone":21,"Replay:Baseball":62,"Bronze Scales":174,"Onion Ring":46,"Molten Egg 2":124,"hubris:PeanutButter":131,"Simple Rune":161,"ReplayTheSpireMod:TigerMarble":82,"Grinning Jar":177,"Mirror":29,"aspiration:HatOfInfinitePower":117,"aspiration:BeakedSkillbook":227,"NlothsMask":27,"ReplayFunnel":64,"Iron Core":76,"beaked:ShinyBauble":171,"Enchiridion":139,"Mango":108,"Snake Skull":21,"Juzu Bracelet":16,"Incense Burner":134,"hubris:SlimyHat":200,"PrismaticShard":196,"ClockworkSouvenir":235,"Dream Catcher":0,"Replay:Bandana":11,"hubris:Icosahedron":69,"Chameleon Ring":84,"CCEMRelics:OldTooth":184,"TheAbacus":235,"Gambling Chip":72,"Pantograph":157,"Red Mask":25,"CCEMRelics:LagavulinClaw":182,"Gremlin Food":5,"CCEMRelics:Barrel":56,"Quantum Egg":86,"aspiration:RunicSpoon":202,"aspiration:HummingbirdHeart":171,"CCEMRelics:MissingSock":213,"White Beast Statue":157,"CCEMRelics:SpiritsEdge":84,"Calling Bell":175,"CCEMRelics:IronFruit":198,"Anchor":21,"CaptainsWheel":93,"Ring of Fury":18,"ChewingGum":31,"aspiration:KaomsHeart":101,"hubris:BundleOfHerbs":21,"CCEMRelics:TinyMinotavrHorn":207,"Snack Pack":21,"hubris:GrandSneckoEye":74,"Bag of Marbles":99,"Membership Card":157,"FossilizedHelix":34,"hubris:AncientText":97},{"TwistedFunnel":0,"Replay:Accelerometer":218,"CCEMRelics:PorcelainBowl":784,"Spirit Poop":409,"Whetstone":52,"hubris:MysteriousPyramids":480,"Boot":214,"Old Coin":66,"CCEMRelics:DerglesHeadphones":1048,"Blood Vial":35,"Replay:Ringing Soul":126,"hubris:HerbalPaste":975,"hubris:AstralHammer":402,"Replay:Bronze Core":418,"beaked:SacredDeck":81,"CCEMRelics:DissonantTune":556,"MealTicket":350,"CCEMRelics:Sandal":521,"Fusion Hammer":663,"Replay:Wax Seal":384,"CCEMRelics:FiftyFTOfRope":892,"MerchantsRug":402,"Pear":1076,"hubris:SphereOfDissonance":126,"Eternal Feather":430,"Paper Crane":61,"CCEMRelics:FestiveHat":243,"ReplayTheSpireMod:Ring of Collecting":1030,"CCEMRelics:PocketTank":902,"CCEMRelics:BundleOfChain":1033,"hubris:TenFootPole":35,"Kintsugi":444,"hubris:Reverence":241,"Regal Pillow":0,"Lantern":717,"Singing Bowl":902,"CCEMRelics:WrappedPresent":594,"StoneCalendar":126,"Blue Doll":841,"Bag of Preparation":168,"Replay:Multitool":199,"hubris:EmptyBottle":0,"Smiling Mask":46,"Pet Ghost":150,"Burning Blood":156,"Replay:Rubber Ducky":237,"Matryoshka":242,"Shovel":822,"hubris:FunFungus":594,"Chemical X":402,"aspiration:FutureDiary":26,"CCEMRelics:PaperClip":156,"CCEMRelics:JestersCrown":260,"Ring of the Snake":0,"aspiration:ChemicalBlood":338,"hubris:GlazedTorus":480,"aspiration:VileToxins":210,"Lee\u0027s Waffle":784,"NeowsBlessing":208,"CCEMRelics:ImbuedSpirit":975,"hubris:64BitClover":38,"Golden Idol":968,"Thread and Needle":975,"PreservedInsect":199,"The Courier":822,"beaked:SacredNecklace":444,"Omamori":1083,"hubris:Towel":31,"MawBank":554,"hubris:Spice":0,"Ornamental Fan":642,"CCEMRelics:FryingPan":588,"Durian":69,"Garlic":1048,"Bottled Lightning":802,"hubris:BottledRain":734,"Calipers":156,"hubris:CrystalStatue":695,"Gremlin Horn":1074,"Vajra":88,"HoveringKite":281,"hubris:VirtuousBlindfold":444,"CCEMRelics:SoftDrink":854,"aspiration:Stabinomicon":298,"Lizard Tail":243,"Centennial Puzzle":688,"HornCleat":535,"FaceOfCleric":489,"DollysMirror":126,"Strawberry":304,"Honey Jar":540,"Philosopher\u0027s Stone":781,"Iron Hammer":404,"Toxic Egg 2":179,"Byrd Skull":734,"Girya":950,"Ring of Hypnosis":61,"Happy Flower":156,"hubris:DuctTape":384,"aspiration:Nostalgia":156,"ReplayTheSpireMod:CursedCoin":210,"Replay:Grab Bag":444,"Oddly Smooth Stone":392,"aspiration:SeaSaltIceCream":156,"War Paint":338,"aspiration:HiddenCompartment":822,"hubris:Zylophone":69,"Replay:Baseball":241,"Bronze Scales":814,"Onion Ring":168,"Molten Egg 2":549,"hubris:PeanutButter":580,"Simple Rune":748,"ReplayTheSpireMod:TigerMarble":384,"Grinning Jar":834,"Mirror":96,"aspiration:HatOfInfinitePower":521,"aspiration:BeakedSkillbook":1062,"NlothsMask":88,"ReplayFunnel":243,"Iron Core":338,"beaked:ShinyBauble":802,"Enchiridion":624,"Mango":480,"Snake Skull":69,"Juzu Bracelet":52,"Incense Burner":594,"hubris:SlimyHat":923,"PrismaticShard":908,"ClockworkSouvenir":1090,"Dream Catcher":0,"Replay:Bandana":31,"hubris:Icosahedron":292,"Chameleon Ring":402,"CCEMRelics:OldTooth":860,"TheAbacus":1090,"Gambling Chip":311,"Pantograph":734,"Red Mask":84,"CCEMRelics:LagavulinClaw":849,"Gremlin Food":10,"CCEMRelics:Barrel":211,"Quantum Egg":406,"aspiration:RunicSpoon":940,"aspiration:HummingbirdHeart":802,"CCEMRelics:MissingSock":996,"White Beast Statue":734,"CCEMRelics:SpiritsEdge":402,"Calling Bell":822,"CCEMRelics:IronFruit":915,"Anchor":69,"CaptainsWheel":423,"Ring of Fury":61,"ChewingGum":105,"aspiration:KaomsHeart":446,"hubris:BundleOfHerbs":69,"CCEMRelics:TinyMinotavrHorn":965,"Snack Pack":69,"hubris:GrandSneckoEye":331,"Bag of Marbles":438,"Membership Card":734,"FossilizedHelix":114,"hubris:AncientText":433}],"Burning Blood":114},"card_choices":[{"not_picked":["Havoc","Armaments"],"picked":"Ghostly Armor","floor":1},{"not_picked":["Anger","Havoc","Rupture"],"picked":"SKIP","floor":4},{"not_picked":["Sword Boomerang","Heavy Blade"],"picked":"Clash","floor":5},{"not_picked":["Body Slam","Thunderclap"],"picked":"Immolate","floor":7},{"not_picked":["Second Wind","Replay:Undeath\u0027s Touch"],"picked":"Iron Wave","floor":10},{"not_picked":["Clothesline","Pommel Strike"],"picked":"Run Through","floor":11},{"not_picked":["hubris:ReadiedAction","Body Slam","Headbutt"],"picked":"SKIP","floor":12},{"not_picked":["Anger","Wild Strike","ReplayTheSpireMod:Strike From Hell"],"picked":"SKIP","floor":14},{"not_picked":["Limit Break","Offering"],"picked":"Demon Form","floor":16},{"not_picked":["Abandon","Body Slam","Fire Breathing+1"],"picked":"SKIP","floor":18},{"not_picked":["True Grit","Cleave","Sentinel"],"picked":"SKIP","floor":20},{"not_picked":["Metallicize+1","ReplayTheSpireMod:Limb From Limb"],"picked":"Iron Wave+1","floor":22},{"not_picked":["Clash","Bloodletting"],"picked":"Double Tap","floor":23},{"not_picked":["hubris:CleavingFinish","Wild Strike"],"picked":"Flame Barrier","floor":24},{"not_picked":["Infernal Blade","Rage"],"picked":"Heavy Blade+1","floor":25},{"not_picked":["Searing Blow","ReplayTheSpireMod:Strike From Hell+1"],"picked":"Sword Boomerang+1","floor":28},{"not_picked":["Headbutt","Clothesline","Iron Wave"],"picked":"SKIP","floor":30},{"not_picked":["Clash+1","hubris:SharpeningStone"],"picked":"ReplayTheSpireMod:Muscle Training","floor":31},{"not_picked":["Hemogenesis","Brutality"],"picked":"Feed","floor":33},{"not_picked":["beaked:Overpower","beaked:Poke","beaked:BounceBack+1","Rage+1"],"picked":"SKIP","floor":35},{"not_picked":["Headbutt","Warcry","Infernal Blade+1","Replay:Undeath\u0027s Touch"],"picked":"SKIP","floor":36},{"not_picked":["Cleave","beaked:Redirect+1","Headbutt","Shockwave"],"picked":"SKIP","floor":38},{"not_picked":["Sadistic Nature","Panacea","Transmutation"],"picked":"Dark Shackles","floor":39},{"not_picked":["beaked:Pecker","beaked:Mantra+1","beaked:DigDeep+1","Dropkick+1"],"picked":"SKIP","floor":41},{"not_picked":["Run Through+1","Replay:Undeath\u0027s Touch","beaked:Flinch"],"picked":"beaked:Resilience","floor":42},{"not_picked":["beaked:Foresight","beaked:Tweet+1","beaked:HuntressSpirit","Disarm+1"],"picked":"SKIP","floor":44},{"not_picked":["beaked:Hexing+1","hubris:ReadiedAction","beaked:MimicWarrior+1"],"picked":"Bludgeon","floor":46},{"not_picked":["Bloodletting+1","beaked:TuckingFeathers+1","beaked:WarriorSpirit+1","beaked:WindBringer"],"picked":"SKIP","floor":47}],"player_experience":502950,"relics_obtained":[{"floor":7,"key":"CCEMRelics:MissingSock"},{"floor":10,"key":"StoneCalendar"},{"floor":12,"key":"Pet Ghost"},{"floor":19,"key":"ReplayTheSpireMod:Ring of Collecting"},{"floor":23,"key":"Onion Ring"},{"floor":26,"key":"Ring of Fury"},{"floor":26,"key":"Garlic"},{"floor":28,"key":"CCEMRelics:DerglesHeadphones"},{"floor":31,"key":"CCEMRelics:IronFruit"},{"floor":43,"key":"Gremlin Horn"},{"floor":46,"key":"Omamori"}],"event_choices":[{"cards_removed":["Strike_R"],"damage_healed":0,"gold_gain":0,"player_choice":"Card Removal","damage_taken":7,"max_hp_gain":0,"max_hp_loss":0,"event_name":"Golden Wing","floor":2,"gold_loss":0},{"damage_healed":0,"gold_gain":0,"player_choice":"1 cards matched","damage_taken":0,"max_hp_gain":0,"max_hp_loss":0,"event_name":"Match and Keep!","floor":3,"gold_loss":0,"cards_obtained":["Bash"]},{"cards_removed":["Strike_R"],"damage_healed":0,"gold_gain":0,"player_choice":"Purged","damage_taken":0,"max_hp_gain":0,"max_hp_loss":0,"event_name":"Purifier","floor":13,"gold_loss":0},{"damage_healed":0,"gold_gain":300,"player_choice":"Gold","damage_taken":0,"max_hp_gain":0,"max_hp_loss":0,"event_name":"Wheel of Change","floor":37,"gold_loss":0},{"damage_healed":0,"gold_gain":0,"player_choice":"Memory 1","damage_taken":0,"max_hp_gain":0,"max_hp_loss":0,"event_name":"SensoryStone","floor":39,"gold_loss":0},{"damage_healed":0,"gold_gain":0,"player_choice":"Gave Potion","damage_taken":0,"relics_obtained":["Pear"],"max_hp_gain":0,"max_hp_loss":0,"event_name":"WeMeetAgain","floor":45,"gold_loss":0}],"is_beta":false,"boss_relics":[{"not_picked":["hubris:Stopwatch","aspiration:RunicSpoon"],"picked":"Fusion Hammer"},{"not_picked":["Snecko Eye","Electric Blood"],"picked":"aspiration:BeakedSkillbook"}],"items_purged_floors":[21],"is_endless":false,"potions_floor_spawned":[4,12,18,22,25,31,38,41,42,44],"killed_by":"Donu and Deca","ascension_level":6}}