{"host":"zlryddw6xv0ljf8b","time":1613190849,"event":{"mods":["AchievementEnabler","BaseMod","Colored Map","Colored Powertips","Highlight Path","Minty Spire (QoL Compilation)","Permanent Neow","Quick Restart","StSLib"],"gold_per_floor":[219,219,219,169,169,169,183,201,252,252,268,278,295,106,106,201,201,221,50,50,50,67,96,96,96,122,134,164,176,188,211,223,235,235],"floor_reached":33,"language":"ENG","playtime":1823,"items_purged":["Strike_R","Strike_R"],"score":255,"play_id":"f75391fc-115c-4fa9-86c5-bea4c4540284","local_time":"20210212223409","is_ascension_mode":false,"campfire_choices":[{"data":"Bash","floor":6.0,"key":"SMITH"},{"data":"True Grit","floor":15.0,"key":"SMITH"},{"data":"Feel No Pain","floor":25.0,"key":"SMITH"},{"data":"Feel No Pain","floor":27.0,"key":"SMITH"},{"data":"Metallicize","floor":32,"key":"SMITH"}],"circlet_count":0,"master_deck":["Strike_R","Strike_R","Defend_R","Defend_R","Defend_R","Bash+1","Metallicize+1","Pommel Strike","True Grit+1","Power Through","Second Wind","Feel No Pain+1","Body Slam+1","Feed","Feel No Pain+1","Whirlwind+1","Decay"],"relics":["Burning Blood","Letter Opener","Mummified Hand","Toy Ornithopter","Cursed Key","MealTicket","MawBank"],"acts_visited":["Exordium","TheCity"],"potions_floor_usage":[33,33],"damage_taken":[{"damage":1.0,"enemies":"Cultist","floor":1.0,"turns":3.0},{"damage":1.0,"enemies":"Jaw Worm","floor":7.0,"turns":4.0},{"damage":2.0,"enemies":"Small Slimes","floor":8.0,"turns":3.0},{"damage":7.0,"enemies":"3 Louse","floor":11.0,"turns":4.0},{"damage":2.0,"enemies":"Looter","floor":12.0,"turns":3.0},{"damage":0.0,"enemies":"2 Fungi Beasts","floor":13.0,"turns":4.0},{"damage":65.0,"enemies":"Slime Boss","floor":16.0,"turns":23.0},{"damage":0.0,"enemies":"Chosen","floor":18.0,"turns":7.0},{"damage":20.0,"enemies":"3 Byrds","floor":22.0,"turns":8.0},{"damage":54.0,"enemies":"Gremlin Leader","floor":23.0,"turns":6.0},{"damage":17.0,"enemies":"Snake Plant","floor":28.0,"turns":4.0},{"damage":0,"enemies":"Centurion and Healer","floor":31,"turns":8},{"damage":80,"enemies":"Champ","floor":33,"turns":17}],"seed_played":"972264468916171410","potions_obtained":[{"floor":1.0,"key":"BloodPotion"},{"floor":7.0,"key":"SpeedPotion"},{"floor":11.0,"key":"Strength Potion"},{"floor":12.0,"key":"Regen Potion"},{"floor":22.0,"key":"SpeedPotion"},{"floor":28.0,"key":"Energy Potion"}],"is_trial":false,"path_per_floor":["M","T","?","?","?","R","M","M","T","$","M","M","M","$","R","B",null,"M","$","?","$","M","E","?","R","T","R","M","$","?","M","R","B"],"character_chosen":"IRONCLAD","items_purchased":["Feel No Pain","Body Slam","Feel No Pain"],"campfire_rested":0,"item_purchase_floors":[14,14,19],"current_hp_per_floor":[80,80,73,73,66,66,71,75,75,75,74,78,80,80,80,26,80,83,83,83,83,69,24,24,24,24,24,49,64,64,70,70,0,0],"gold":235,"neow_bonus":"HUNDRED_GOLD","is_daily":false,"chose_seed":false,"campfire_upgraded":5,"win_rate":0.0,"timestamp":1613190849,"path_taken":["M","?","?","?","?","R","M","M","T","?","M","M","M","$","R","BOSS","M","$","?","?","M","E","?","R","T","R","?","$","?","?","R","BOSS"],"items_purchased_type":["Card","Card","Card"],"build_version":"2020-12-22","purchased_purges":2,"victory":false,"max_hp_per_floor":[80,80,80,80,80,80,80,80,80,80,80,80,80,80,80,80,80,83,83,83,83,83,86,86,86,86,86,86,86,86,86,86,86,86],"card_choices":[{"not_picked":["Heavy Blade","Rampage"],"picked":"Metallicize","floor":1.0},{"not_picked":["Clash","Anger"],"picked":"Pommel Strike","floor":7.0},{"not_picked":["Sever Soul","Warcry","Blood for Blood"],"picked":"SKIP","floor":8.0},{"not_picked":["Sword Boomerang","Perfected Strike"],"picked":"True Grit","floor":11.0},{"not_picked":["Perfected Strike","Armaments"],"picked":"Power Through","floor":12.0},{"not_picked":["Feed","Entrench"],"picked":"Second Wind","floor":13.0},{"not_picked":["Limit Break","Brutality"],"picked":"Feed","floor":16.0},{"not_picked":["Sword Boomerang","Blood for Blood","Twin Strike+1"],"picked":"SKIP","floor":18.0},{"not_picked":["Havoc+1","Iron Wave+1","Carnage"],"picked":"SKIP","floor":22.0},{"not_picked":["Iron Wave+1","Headbutt"],"picked":"Whirlwind","floor":23.0},{"not_picked":["Blood for Blood","Thunderclap","Cleave"],"picked":"SKIP","floor":28.0},{"not_picked":["Searing Blow","Body Slam+1","Rupture+1"],"picked":"SKIP","floor":31}],"player_experience":84475,"relics_obtained":[{"floor":2.0,"key":"Letter Opener"},{"floor":9.0,"key":"Toy Ornithopter"},{"floor":23.0,"key":"MealTicket"},{"floor":26.0,"key":"MawBank"}],"event_choices":[{"cards_removed":["Strike_R"],"damage_healed":0.0,"max_hp_gain":0.0,"max_hp_loss":0.0,"gold_gain":0.0,"event_name":"Golden Wing","player_choice":"Card Removal","floor":3.0,"gold_loss":0.0,"damage_taken":7.0},{"cards_removed":["Defend_R"],"damage_healed":0.0,"max_hp_gain":0.0,"max_hp_loss":0.0,"gold_gain":0.0,"event_name":"The Cleric","player_choice":"Card Removal","floor":4.0,"gold_loss":50.0,"damage_taken":0.0},{"damage_healed":0.0,"max_hp_gain":0.0,"max_hp_loss":0.0,"gold_gain":0.0,"event_name":"Scrap Ooze","player_choice":"Success","floor":5.0,"gold_loss":0.0,"damage_taken":7.0,"relics_obtained":["Mummified Hand"]},{"damage_healed":0.0,"max_hp_gain":0.0,"max_hp_loss":0.0,"gold_gain":0.0,"event_name":"Upgrade Shrine","player_choice":"Upgraded","floor":20.0,"gold_loss":0.0,"damage_taken":0.0,"cards_upgraded":["Body Slam"]},{"damage_healed":0.0,"max_hp_gain":0.0,"max_hp_loss":0.0,"gold_gain":0.0,"event_name":"Accursed Blacksmith","player_choice":"Forge","floor":24.0,"gold_loss":0.0,"damage_taken":0.0,"cards_upgraded":["Whirlwind"]},{"damage_healed":0,"gold_gain":0,"player_choice":"Bought 0 Potions","damage_taken":0,"max_hp_gain":0,"max_hp_loss":0,"event_name":"The Woman in Blue","floor":30,"gold_loss":0}],"is_beta":false,"boss_relics":[{"not_picked":["Runic Pyramid","Ectoplasm"],"picked":"Cursed Key"}],"items_purged_floors":[14,19],"is_endless":false,"potions_floor_spawned":[1,7,11,12,22,28],"killed_by":"Champ","ascension_level":0}}