{"host":"7yuv8uj1t8ip67ez","time":1613186150,"event":{"mods":["BaseMod","Best Route Mod","Bestiary","Block Reminder","Colored Map","Colored Powertips","Curses Come First","DeckTracker","Keyboard Shortcuts","Minty Spire (QoL Compilation)","Potion Indicator Mod","Quick Restart","Random Character Button","Relic Sorter","StSLib","Together in Spire"],"gold_per_floor":[110,110,131,144,219,219,253,253,253,253,293,305,336,25,25,149,149,149],"floor_reached":17,"language":"ENG","playtime":827,"items_purged":[],"score":263,"play_id":"0d4a8c41-ba3e-4eb7-b25e-33367df4764c","local_time":"20210212191550","is_ascension_mode":false,"campfire_choices":[{"data":"SashWhip","floor":6,"key":"SMITH"},{"data":"Eruption","floor":8,"key":"SMITH"},{"data":"CutThroughFate","floor":10,"key":"SMITH"},{"data":"Vault","floor":15,"key":"SMITH"}],"circlet_count":0,"master_deck":["Strike_P","Strike_P","Strike_P+1","Strike_P","Defend_P","Defend_P","Defend_P","Defend_P","Eruption+1","Vigilance","SashWhip+1","Consecrate","BowlingBash","CutThroughFate+1","Vault+1","Regret","CrushJoints","LessonLearned","Establishment"],"relics":["PureWater","Juzu Bracelet","Golden Idol","Letter Opener","Eternal Feather","MawBank","Blue Candle","StrikeDummy","Black Star"],"acts_visited":["Exordium","TheCity"],"potions_floor_usage":[16],"damage_taken":[{"damage":0,"enemies":"Small Slimes","floor":1,"turns":1},{"damage":4,"enemies":"2 Louse","floor":3,"turns":2},{"damage":0,"enemies":"Cultist","floor":4,"turns":2},{"damage":0,"enemies":"Gremlin Nob","floor":7,"turns":2},{"damage":0,"enemies":"Lagavulin","floor":11,"turns":2},{"damage":1,"enemies":"Large Slime","floor":13,"turns":1},{"damage":1,"enemies":"Slime Boss","floor":16,"turns":4}],"seed_played":"-5994759074225651367","potions_obtained":[{"floor":4,"key":"FearPotion"},{"floor":7,"key":"SteroidPotion"},{"floor":13,"key":"Explosive Potion"}],"is_trial":false,"path_per_floor":["M","?","M","M","?","R","E","R","T","R","E","?","M","$","R","B",null],"character_chosen":"WATCHER","items_purchased":["LessonLearned","StrikeDummy"],"campfire_rested":0,"item_purchase_floors":[14,14],"current_hp_per_floor":[72,54,50,50,39,39,39,39,39,45,45,45,44,44,53,52,72,72],"gold":149,"neow_bonus":"RANDOM_COMMON_RELIC","is_daily":false,"chose_seed":false,"campfire_upgraded":4,"win_rate":0.0,"timestamp":1613186150,"path_taken":["M","?","M","M","?","R","E","R","T","R","E","?","M","?","R","BOSS"],"items_purchased_type":["Card","Relic"],"build_version":"2020-12-22","purchased_purges":0,"victory":false,"max_hp_per_floor":[72,72,72,72,72,72,72,72,72,72,72,72,72,72,72,72,72,72],"card_choices":[{"not_picked":["Halt","ClearTheMind"],"picked":"SashWhip","floor":1},{"not_picked":["LikeWater","FlyingSleeves"],"picked":"Consecrate","floor":3},{"not_picked":["CrushJoints","Prostrate"],"picked":"BowlingBash","floor":4},{"not_picked":["Devotion","Crescendo"],"picked":"CutThroughFate","floor":7},{"not_picked":["Protect","FlurryOfBlows"],"picked":"Vault","floor":11},{"not_picked":["EmptyFist","JustLucky"],"picked":"CrushJoints","floor":13},{"not_picked":["MasterReality","ConjureBlade"],"picked":"Establishment","floor":16}],"player_experience":486480,"relics_obtained":[{"floor":7,"key":"Letter Opener"},{"floor":9,"key":"Eternal Feather"},{"floor":11,"key":"MawBank"}],"event_choices":[{"damage_healed":0,"gold_gain":0,"player_choice":"Take Damage","damage_taken":18,"relics_obtained":["Golden Idol"],"max_hp_gain":0,"max_hp_loss":0,"event_name":"Golden Idol","floor":2,"gold_loss":0},{"damage_healed":0,"gold_gain":75,"player_choice":"Gather Gold","damage_taken":11,"max_hp_gain":0,"max_hp_loss":0,"event_name":"World of Goop","floor":5,"gold_loss":0},{"damage_healed":0,"gold_gain":0,"player_choice":"Box","damage_taken":0,"relics_obtained":["Blue Candle"],"max_hp_gain":0,"max_hp_loss":0,"event_name":"Big Fish","floor":12,"gold_loss":0,"cards_obtained":["Regret"]}],"is_beta":false,"boss_relics":[{"not_picked":["Tiny House","Pandora\u0027s Box"],"picked":"Black Star"}],"items_purged_floors":[],"is_endless":false,"potions_floor_spawned":[4,7,13],"ascension_level":0}}