{"host":"onfdonezo2qmaex3","time":1613221166,"event":{"mods":["2.2 Compatiblity","AchievementEnabler","Act Like it!","Aspiration","BaseMod","Colored Powertips","Downfall","Friendly Minions","Gensokyo","Hallownest","Hermit","Highlight Path","Jorbs\u0027s Wanderer Trilogy","Marisa????????","Marked Mod","Minty Spire (QoL Compilation)","Quick Restart","Reliquary","Shop Mod","StSLib","The Disciple","The Hayseed","The Marked","The Runesmith"],"gold_per_floor":[116,46,46,46,59,59,59,94,94,110,30,45,371,384,384,486,486,505,516,529,529,529],"floor_reached":21,"language":"ENG","playtime":945,"items_purged":[],"score":236,"play_id":"191d042e-f8d8-4db7-b43c-8e9849246912","local_time":"20210213135926","is_ascension_mode":true,"campfire_choices":[{"data":"Accuracy","floor":7.0,"key":"SMITH"},{"data":"Cloak And Dagger","floor":15.0,"key":"SMITH"}],"circlet_count":0,"master_deck":["Strike_G","Strike_G","Strike_G","Strike_G","Strike_G","Defend_G","Defend_G","Defend_G","Defend_G","Defend_G","Survivor","Neutralize","Blade Dance","Accuracy+1","Outmaneuver+1","A Thousand Cuts","Cloak And Dagger+1","Die Die Die","Gensokyo:SummonJeweledCobra","Cloak And Dagger"],"relics":["Ring of the Snake","NeowsBlessing","Art of War","Lizard Tail","Pen Nib","expansioncontent:StudyCardRelic","Gensokyo:Companionship"],"acts_visited":["Gensokyo:Gensokyo","TheCity"],"potions_floor_usage":[],"damage_taken":[{"damage":0.0,"enemies":"Gensokyo:2_Kodama","floor":1.0,"turns":1.0},{"damage":0.0,"enemies":"Gensokyo:Python","floor":5.0,"turns":1.0},{"damage":0.0,"enemies":"Gensokyo:Cirno","floor":8.0,"turns":2.0},{"damage":0.0,"enemies":"Gensokyo:3_Fairies","floor":10.0,"turns":3.0},{"damage":0.0,"enemies":"Gensokyo:LivingMonolith","floor":12.0,"turns":3.0},{"damage":4.0,"enemies":"Gensokyo:Mamizou","floor":13.0,"turns":9.0},{"damage":1.0,"enemies":"Gensokyo:Kitsune","floor":14.0,"turns":2.0},{"damage":36.0,"enemies":"Gensokyo:Yukari","floor":16.0,"turns":8.0},{"damage":9.0,"enemies":"3 Byrds","floor":18.0,"turns":4.0},{"damage":17.0,"enemies":"2 Thieves","floor":19.0,"turns":3.0},{"damage":0.0,"enemies":"Cultist and Chosen","floor":20.0,"turns":3.0}],"seed_played":"-3015829655500558593","potions_obtained":[{"floor":5.0,"key":"GhostInAJar"},{"floor":8.0,"key":"GamblersBrew"},{"floor":12.0,"key":"SkillPotion"},{"floor":13.0,"key":"Block Potion"},{"floor":16.0,"key":"Ancient Potion"},{"floor":19.0,"key":"PowerPotion"},{"floor":20.0,"key":"Strength Potion"}],"is_trial":false,"path_per_floor":["M","$","?","?","M","$","R","E","T","M","COS","M","E","M","R","B",null,"M","M","M","$"],"character_chosen":"THE_SILENT","items_purchased":["Accuracy"],"campfire_rested":0,"item_purchase_floors":[2],"current_hp_per_floor":[70,70,70,70,70,70,70,70,70,70,70,70,66,65,65,29,70,61,44,44,44,44],"gold":529,"neow_bonus":"THREE_ENEMY_KILL","is_daily":false,"chose_seed":false,"campfire_upgraded":2,"win_rate":0.0,"timestamp":1613221166,"path_taken":["M","$","?","?","?","?","R","E","T","?","COS","M","E","M","R","BOSS","M","M","M","$"],"items_purchased_type":["Card"],"build_version":"2020-12-22","purchased_purges":0,"victory":false,"max_hp_per_floor":[70,70,70,70,70,70,70,70,70,70,70,70,70,70,70,70,70,70,70,70,70,70],"card_choices":[{"not_picked":["Backflip","Predator"],"picked":"Blade Dance","floor":1.0},{"not_picked":["Deflect","Leg Sweep","Dodge and Roll"],"picked":"SKIP","floor":5.0},{"not_picked":["Dagger Spray","Dagger Throw","Reflex"],"picked":"SKIP","floor":8.0},{"not_picked":["Well Laid Plans","Caltrops","Poisoned Stab"],"picked":"SKIP","floor":10.0},{"not_picked":["Slice","Dagger Throw","Expertise"],"picked":"SKIP","floor":12.0},{"not_picked":["Concentrate","Deflect"],"picked":"A Thousand Cuts","floor":13.0},{"not_picked":["Bane","All Out Attack"],"picked":"Cloak And Dagger","floor":14.0},{"not_picked":["Tools of the Trade","A Thousand Cuts"],"picked":"Die Die Die","floor":16.0},{"not_picked":["Predator","Dagger Spray","Masterful Stab"],"picked":"SKIP","floor":18.0},{"not_picked":["Dodge and Roll+1","PiercingWail"],"picked":"Cloak And Dagger","floor":19.0},{"not_picked":["Dagger Spray","Deadly Poison+1","Underhanded Strike"],"picked":"SKIP","floor":20.0}],"player_experience":174433,"relics_obtained":[{"floor":8.0,"key":"Art of War"},{"floor":9.0,"key":"Lizard Tail"},{"floor":13.0,"key":"Pen Nib"}],"event_choices":[],"is_beta":false,"boss_relics":[{"not_picked":["reliquary:Ember","Empty Cage"],"picked":"expansioncontent:StudyCardRelic"}],"items_purged_floors":[],"is_endless":false,"potions_floor_spawned":[5,8,12,13,16,19,20],"ascension_level":2}}