{"host":"p8bnstsjdxjza4jm","time":1613256349,"event":{"mods":["BaseMod","Colored Powertips","Marisa£¨Ùöéë¡¡Øª×âÞÞ£©","Minty Spire (QoL Compilation)","Quick Restart","StSLib","Together in Spire"],"gold_per_floor":[113,41,60,60,60,60,94,113,137,137,148,167,167,181,181,280,280,297,312,343,343,268,268,268,268],"floor_reached":24,"language":"KOR","playtime":811,"items_purged":["Strike_R"],"score":254,"play_id":"cee2829f-cd87-4d37-a6e7-8d2126366d9d","local_time":"20210214074549","is_ascension_mode":true,"campfire_choices":[{"data":"Hemokinesis","floor":6.0,"key":"SMITH"},{"data":"Rupture","floor":13,"key":"SMITH"},{"floor":15,"key":"REST"},{"floor":23,"key":"REST"}],"circlet_count":0,"master_deck":["Strike_R","Strike_R","Strike_R","Strike_R","Defend_R","Defend_R","Defend_R","Defend_R","Bash","Heavy Blade","Rupture+1","Hemokinesis+1","Combust","Rage","Offering"],"relics":["Burning Blood","NeowsBlessing","Dream Catcher","Bottled Flame","Art of War","Red Mask","MutagenicStrength"],"acts_visited":["Exordium","TheCity"],"potions_floor_usage":[16,16,20,20,24],"damage_taken":[{"damage":0.0,"enemies":"Small Slimes","floor":1.0,"turns":1.0},{"damage":0.0,"enemies":"Jaw Worm","floor":3.0,"turns":1.0},{"damage":2.0,"enemies":"3 Sentries","floor":7.0,"turns":2.0},{"damage":2,"enemies":"Cultist","floor":8,"turns":2},{"damage":13,"enemies":"Looter","floor":11,"turns":2},{"damage":10,"enemies":"Exordium Wildlife","floor":12,"turns":3},{"damage":12,"enemies":"2 Fungi Beasts","floor":14,"turns":3},{"damage":45,"enemies":"Slime Boss","floor":16,"turns":7},{"damage":12,"enemies":"Chosen","floor":18,"turns":4},{"damage":28,"enemies":"Shell Parasite","floor":19,"turns":3},{"damage":48,"enemies":"Masked Bandits","floor":20,"turns":5},{"damage":34,"enemies":"Slavers","floor":24,"turns":2}],"seed_played":"4387253857474429031","potions_obtained":[{"floor":1.0,"key":"Swift Potion"},{"floor":11,"key":"ElixirPotion"},{"floor":14,"key":"Regen Potion"},{"floor":16,"key":"DuplicationPotion"},{"floor":19,"key":"SpeedPotion"},{"floor":20,"key":"Block Potion"}],"is_trial":false,"path_per_floor":["M","$","M","$","?","R","E","M","T","?","M","M","R","M","R","B",null,"M","M","?","?","$","R","E"],"character_chosen":"IRONCLAD","items_purchased":["Rupture"],"campfire_rested":2,"item_purchase_floors":[2],"current_hp_per_floor":[80,80,80,80,68,68,72,76,76,76,69,65,65,59,80,46,80,74,52,10,10,10,34,0,0],"gold":268,"neow_bonus":"THREE_ENEMY_KILL","is_daily":false,"chose_seed":false,"campfire_upgraded":2,"win_rate":0.0,"timestamp":1613256349,"path_taken":["M","$","M","$","?","R","E","M","T","?","?","M","R","M","R","BOSS","M","M","?","?","$","R","E"],"items_purchased_type":["Card"],"build_version":"2020-12-22","purchased_purges":1,"victory":false,"max_hp_per_floor":[80,80,80,80,80,80,80,80,80,80,80,80,80,80,80,80,80,80,80,80,80,80,80,80,80],"card_choices":[{"not_picked":["Battle Trance","Headbutt"],"picked":"Heavy Blade","floor":1.0},{"not_picked":["Heavy Blade","Pommel Strike"],"picked":"Hemokinesis","floor":3.0},{"not_picked":["Sever Soul","Uppercut","Armaments"],"picked":"SKIP","floor":7},{"not_picked":["Body Slam","Second Wind"],"picked":"Combust","floor":8},{"not_picked":["Evolve","Body Slam","Sword Boomerang"],"picked":"SKIP","floor":11},{"not_picked":["Havoc","Battle Trance","Feel No Pain"],"picked":"SKIP","floor":12},{"not_picked":["Dropkick","Shockwave","Twin Strike"],"picked":"SKIP","floor":14},{"not_picked":["Twin Strike","Burning Pact"],"picked":"Rage","floor":15},{"not_picked":["Reaper","Exhume"],"picked":"Offering","floor":16},{"not_picked":["Pommel Strike","Twin Strike+1","Intimidate"],"picked":"SKIP","floor":18},{"not_picked":["Fire Breathing","True Grit","Flex"],"picked":"SKIP","floor":19}],"player_experience":104008,"relics_obtained":[{"floor":7,"key":"Bottled Flame"},{"floor":9,"key":"Art of War"},{"floor":20,"key":"Red Mask"}],"event_choices":[{"damage_healed":0.0,"max_hp_gain":0.0,"max_hp_loss":0.0,"gold_gain":0.0,"event_name":"Scrap Ooze","player_choice":"Success","floor":5.0,"gold_loss":0.0,"damage_taken":12.0,"relics_obtained":["Dream Catcher"]},{"damage_healed":0,"gold_gain":0,"player_choice":"0 cards matched","damage_taken":0,"max_hp_gain":0,"max_hp_loss":0,"event_name":"Match and Keep!","floor":10,"gold_loss":0,"cards_obtained":[]},{"damage_healed":0,"gold_gain":0,"player_choice":"Fought Bandits","damage_taken":0,"max_hp_gain":0,"max_hp_loss":0,"event_name":"Masked Bandits","floor":20,"gold_loss":0},{"damage_healed":0,"gold_gain":0,"player_choice":"Inject Mutagens","damage_taken":0,"relics_obtained":["MutagenicStrength"],"max_hp_gain":0,"max_hp_loss":0,"event_name":"Drug Dealer","floor":21,"gold_loss":0}],"is_beta":false,"boss_relics":[{"not_picked":["Snecko Eye","Ectoplasm","Cursed Key"]}],"items_purged_floors":[22],"is_endless":false,"potions_floor_spawned":[1,11,14,16,19,20],"killed_by":"Slavers","ascension_level":3}}