{"host":"684z1xpuwaoqmmh1","time":1613225393,"event":{"mods":["A Magickal Journey","BaseMod","Downfall","Hermit","Jorbs\u0027s Wanderer Trilogy","Marisa????????","Minty Spire (QoL Compilation)","Robot Space Explorer","Shade Mod","StSLib","The Bug Knight","The Dragon Tamer","The Elementalist","The Hayseed","The Hierophant","The Marked","The Mystic","The Runesmith","The Saiyan","The Senshi","The Spell Scribe","The Vixen","TheBandit","TheFirefly"],"gold_per_floor":[91,110,122,137,148,148,181,181,181,213,227,227,257,25,25,129,129,147,165,176,194,209,237,237,267,318,346,346,375,375,375,375,475,475,490,505,505,555,575,575,601,601,601,629,646,663,690,701,701,701,701,701,256,285,285],"floor_reached":56,"language":"ENG","playtime":5160,"items_purged":["Saiyan:SAIYA_Strike+1"],"score":2523,"play_id":"d5a4742d-e8e8-43ce-9a6d-9100c2a6f398","local_time":"20210213160953","is_ascension_mode":true,"campfire_choices":[{"data":"Saiyan:SuperSaiyanForm","floor":6.0,"key":"SMITH"},{"data":"Saiyan:SuperSaiyanThree","floor":8.0,"key":"SMITH"},{"floor":12.0,"key":"REST"},{"data":"Saiyan:SenzuBean","floor":15.0,"key":"SMITH"},{"data":"Saiyan:GenkiDama","floor":24.0,"key":"SMITH"},{"data":"Saiyan:PlotArmor","floor":30,"key":"SMITH"},{"data":"Saiyan:WarmUp","floor":32,"key":"SMITH"},{"floor":40,"key":"RECALL"},{"data":"Saiyan:MajinSeal","floor":42,"key":"SMITH"},{"data":"Saiyan:Momentum","floor":49,"key":"SMITH"},{"data":"Saiyan:CCCapsule","floor":52,"key":"SMITH"}],"circlet_count":0,"master_deck":["Saiyan:SAIYA_Strike+1","Saiyan:SAIYA_Strike+1","Saiyan:SAIYA_Defend+1","Saiyan:SAIYA_Defend+1","Saiyan:SAIYA_Defend+1","Saiyan:EnergyBlast","Saiyan:KaioKen","Saiyan:RuthlessBlow","Saiyan:SuperSaiyanForm+1","Saiyan:PowerUp","Saiyan:Quickening+1","Saiyan:WarmUp+1","Saiyan:SuperSaiyanThree+1","Saiyan:AugmentedBlast","Saiyan:PowerStance","Saiyan:UltraInstinct+1","Saiyan:CCCapsule+1","Saiyan:Fly","Saiyan:Teleport","Saiyan:SenzuBean+1","Saiyan:GenkiDama+1","Saiyan:ConcussiveBlow+1","Saiyan:TurtleShell","Saiyan:KiStrike","Saiyan:BurningSoul","Saiyan:Fly","Saiyan:PlotArmor+1","Saiyan:TurtleShell","Saiyan:Overexert","Saiyan:FinalFlash","Saiyan:KiExplosion","Saiyan:MajinSeal+1","CurseOfTheBell","Saiyan:RemoveWeights+1","Saiyan:ThirstForFight+1","Saiyan:PlotArmor+1","Saiyan:GhostAttack+1","Saiyan:PressOn+1","Saiyan:SoulSpice+1","Saiyan:WarmUp+1","Saiyan:TurtleShell+1","Saiyan:FinalFlash+1","Parasite","Saiyan:Momentum+1","Saiyan:TurtleShell","Saiyan:TurtleShell+1"],"relics":["SaiyanSoul","SaiyanHeart","FossilizedHelix","Prayer Wheel","Letter Opener","Torii","HollowMod:JonisBlessing","hexamod:BolsterEngine","Sozu","Guardian:PocketSentry","Juzu Bracelet","theSenshi:SailorFukuRelic","Ancient Tea Set","Bag of Marbles","theSenshi:SuperSailorFukuRelic","PreservedInsect","Bronze Scales","Toy Ornithopter","Meat on the Bone","Boot","Calling Bell","Pen Nib","Mercury Hourglass","Mango","Centennial Puzzle","War Paint","MealTicket","Dream Catcher","Darkstone Periapt","Orichalcum","Bottled Lightning","Regal Pillow","Membership Card","Ice Cream","Whetstone","Guardian:GemstoneGun"],"acts_visited":["Exordium","TheCity","TheBeyond","TheEnding"],"potions_floor_usage":[55,55],"damage_taken":[{"damage":0.0,"enemies":"Cultist","floor":1.0,"turns":5.0},{"damage":6.0,"enemies":"Small Slimes","floor":2.0,"turns":4.0},{"damage":0.0,"enemies":"2 Louse","floor":3.0,"turns":4.0},{"damage":20.0,"enemies":"Lots of Slimes","floor":4.0,"turns":6.0},{"damage":0.0,"enemies":"3 Louse","floor":5.0,"turns":4.0},{"damage":3.0,"enemies":"Lagavulin","floor":7.0,"turns":10.0},{"damage":10.0,"enemies":"Gremlin Nob","floor":10.0,"turns":4.0},{"damage":0.0,"enemies":"2 Fungi Beasts","floor":11.0,"turns":3.0},{"damage":0.0,"enemies":"3 Sentries","floor":13.0,"turns":10.0},{"damage":0.0,"enemies":"Slime Boss","floor":16.0,"turns":15.0},{"damage":0.0,"enemies":"3 Byrds","floor":18.0,"turns":6.0},{"damage":0.0,"enemies":"2 Thieves","floor":19.0,"turns":2.0},{"damage":0.0,"enemies":"Snecko","floor":20.0,"turns":5.0},{"damage":0.0,"enemies":"Cultist and Chosen","floor":21.0,"turns":11.0},{"damage":0.0,"enemies":"3 Cultists","floor":22.0,"turns":8.0},{"damage":0.0,"enemies":"Book of Stabbing","floor":23.0,"turns":7.0},{"damage":0.0,"enemies":"Slavers","floor":25.0,"turns":10.0},{"damage":0,"enemies":"Gremlin Leader","floor":27,"turns":17},{"damage":0,"enemies":"Slavers","floor":29,"turns":3},{"damage":0,"enemies":"Automaton","floor":33,"turns":23},{"damage":0,"enemies":"Orb Walker","floor":35,"turns":5},{"damage":0,"enemies":"3 Darklings","floor":36,"turns":4},{"damage":1,"enemies":"Spire Growth","floor":39,"turns":9},{"damage":0,"enemies":"Giant Head","floor":41,"turns":13},{"damage":0,"enemies":"Nemesis","floor":44,"turns":8},{"damage":0,"enemies":"Writhing Mass","floor":45,"turns":6},{"damage":0,"enemies":"Transient","floor":46,"turns":5},{"damage":0,"enemies":"Giant Head","floor":47,"turns":13},{"damage":0,"enemies":"Writhing Mass","floor":48,"turns":10},{"damage":0,"enemies":"Time Eater","floor":50,"turns":11},{"damage":0,"enemies":"Shield and Spear","floor":54,"turns":2},{"damage":0,"enemies":"The Heart","floor":55,"turns":10}],"seed_played":"4720379600711190262","potions_obtained":[{"floor":1.0,"key":"GamblersBrew"},{"floor":5.0,"key":"DuplicationPotion"},{"floor":10.0,"key":"GamblersBrew"},{"floor":11.0,"key":"sneckomod:MuddlingPotion"},{"floor":16.0,"key":"Strength Potion"}],"is_trial":false,"path_per_floor":["M","M","M","M","M","R","E","R","T","E","M","R","E","$","R","B",null,"M","M","M","M","M","E","R","E","T","E","?","E","R","?","R","B",null,"M","M","?","?","M","R","E","R","T","E","M","M","E","M","R","B",null,"R","$","E","B",null],"character_chosen":"SAIYAJIN","items_purchased":["Saiyan:SenzuBean","HollowMod:JonisBlessing","Membership Card","Ice Cream","Whetstone","Saiyan:TurtleShell"],"campfire_rested":1,"item_purchase_floors":[14,14,53,53,53,53],"current_hp_per_floor":[55,52,54,35,38,38,36,36,36,28,30,52,54,54,54,54,72,72,72,72,72,72,72,72,72,72,72,72,72,72,72,72,72,104,104,104,104,104,103,103,103,103,103,103,103,103,103,103,103,103,119,119,124,124,124],"gold":285,"neow_bonus":"THREE_CARDS","is_daily":false,"chose_seed":false,"campfire_upgraded":9,"win_rate":0.0,"timestamp":1613225393,"path_taken":["M","M","M","?","M","R","E","R","T","E","M","R","E","?","R","BOSS","M","M","M","M","M","E","R","E","T","E","?","E","R","?","R","BOSS","M","M","?","?","M","R","E","R","T","E","M","M","E","M","R","BOSS","R","$","E","BOSS"],"items_purchased_type":["Card","Relic","Relic","Relic","Relic","Card"],"build_version":"2020-12-22","purchased_purges":1,"victory":true,"max_hp_per_floor":[61,64,66,67,70,70,71,71,71,73,75,75,77,77,77,78,78,79,81,84,84,86,87,87,91,91,93,93,96,96,96,96,96,110,112,112,112,112,112,112,113,113,113,114,114,116,116,122,122,124,124,124,124,127,130],"card_choices":[{"not_picked":["Saiyan:RemoveWeights","Saiyan:PowerUp"],"picked":"Saiyan:SuperSaiyanForm","floor":0.0},{"not_picked":["Saiyan:BigBangAttack","Saiyan:RemoveWeights"],"picked":"Saiyan:PowerUp","floor":1.0},{"not_picked":["Saiyan:TurtleShell","Saiyan:ExpandingShockwave"],"picked":"Saiyan:Quickening","floor":2.0},{"not_picked":["Saiyan:RemoveWeights","Saiyan:Pacing"],"picked":"Saiyan:WarmUp","floor":3.0},{"not_picked":["Saiyan:RemoveWeights","Saiyan:DoubleMasenko"],"picked":"Saiyan:SuperSaiyanThree","floor":4.0},{"not_picked":["Saiyan:Expend","Saiyan:FingerParry"],"picked":"Saiyan:AugmentedBlast","floor":5.0},{"not_picked":["Saiyan:KameHameHa","Saiyan:RemoveWeights"],"picked":"Saiyan:PowerStance","floor":7.0},{"not_picked":["Saiyan:PowerPole","Saiyan:ExpandingShockwave"],"picked":"Saiyan:UltraInstinct","floor":10.0},{"not_picked":["Saiyan:KameHameHa","Saiyan:Planning"],"picked":"Saiyan:CCCapsule","floor":11.0},{"not_picked":["Saiyan:Planning","Saiyan:KiExplosion"],"picked":"Saiyan:Fly","floor":11.0},{"not_picked":["Saiyan:KameHameHa","Saiyan:PressOn"],"picked":"Saiyan:Teleport","floor":13.0},{"not_picked":["Saiyan:MindBoom","Saiyan:TransfigurationBeam"],"picked":"Saiyan:GenkiDama","floor":16.0},{"not_picked":["Saiyan:Scouter","Saiyan:Endure"],"picked":"Saiyan:ConcussiveBlow","floor":18.0},{"not_picked":["Saiyan:SpiritSword","Saiyan:Quickening+1","Saiyan:DoubleMasenko+1"],"picked":"SKIP","floor":18.0},{"not_picked":["Saiyan:BackAttack","Saiyan:PowerPole"],"picked":"Saiyan:TurtleShell","floor":19.0},{"not_picked":["Saiyan:MeteorDash","Saiyan:DragonRadar"],"picked":"Saiyan:KiStrike","floor":19.0},{"not_picked":["Saiyan:SenzuBean","Saiyan:BigBangAttack"],"picked":"Saiyan:BurningSoul","floor":20.0},{"not_picked":["Saiyan:PowerStance","Saiyan:Quickening","Saiyan:MeteorDash"],"picked":"SKIP","floor":20.0},{"not_picked":["Saiyan:KiStrike","Saiyan:DragonFist+1"],"picked":"Saiyan:Fly","floor":21.0},{"not_picked":["Saiyan:KiExplosion","Saiyan:BackAttack","Saiyan:SenzuBean"],"picked":"SKIP","floor":21.0},{"not_picked":["Saiyan:DragonFist","Saiyan:BigBangAttack+1"],"picked":"Saiyan:PlotArmor","floor":22.0},{"not_picked":["Saiyan:MeteorDash+1","Saiyan:Teleport"],"picked":"Saiyan:TurtleShell","floor":22.0},{"not_picked":["Saiyan:DoubleMasenko","Saiyan:PowerPole","Saiyan:DrainingStrike+1"],"picked":"SKIP","floor":23.0},{"not_picked":["Saiyan:Flurry","Saiyan:Quickening"],"picked":"Saiyan:Overexert","floor":25.0},{"not_picked":["Saiyan:TurtleShell+1","Saiyan:ThirstForFight"],"picked":"Saiyan:FinalFlash","floor":27},{"not_picked":["Saiyan:Planning","Saiyan:TurtleShell","Saiyan:MeteorDash+1"],"picked":"SKIP","floor":29},{"not_picked":["Saiyan:SuperSaiyanThree","Saiyan:TransfigurationBeam"],"picked":"Saiyan:MajinSeal","floor":33},{"not_picked":["Saiyan:BurningSoul+1","Saiyan:LastResort","Saiyan:DrainingStrike"],"picked":"SKIP","floor":35},{"not_picked":["Saiyan:BurningSoul","Saiyan:MeteorDash","Saiyan:Honing"],"picked":"SKIP","floor":35},{"not_picked":["Saiyan:ExpandingShockwave+1","Saiyan:DoubleMasenko"],"picked":"Saiyan:RemoveWeights+1","floor":36},{"not_picked":["Saiyan:Planning+1","Saiyan:DrainingStrike"],"picked":"Saiyan:ThirstForFight+1","floor":36},{"not_picked":["Saiyan:DoubleMasenko","Saiyan:KiExplosion+1"],"picked":"Saiyan:PlotArmor+1","floor":39},{"not_picked":["Saiyan:BigBangAttack","Saiyan:DoubleMasenko+1"],"picked":"Saiyan:GhostAttack","floor":39},{"not_picked":["Saiyan:TurtleShell+1","Saiyan:CCCapsule"],"picked":"Saiyan:PressOn+1","floor":41},{"not_picked":["Saiyan:WarmUp","Saiyan:ConcussiveBlow+1"],"picked":"Saiyan:SoulSpice+1","floor":44},{"not_picked":["Saiyan:RemoveWeights+1","Saiyan:ConcussiveBlow+1"],"picked":"Saiyan:WarmUp+1","floor":45},{"not_picked":["Saiyan:SaiyanHubris+1","Saiyan:KiExplosion+1","Saiyan:KameHameHa"],"picked":"SKIP","floor":45},{"not_picked":["Saiyan:Quickening","Saiyan:KiStrike+1"],"picked":"Saiyan:TurtleShell+1","floor":46},{"not_picked":["Saiyan:TurtleShell+1","Saiyan:ReverberatingForce","Saiyan:Kienzan"],"picked":"SKIP","floor":46},{"not_picked":["Saiyan:RemoveWeights+1","Saiyan:AugmentedBlast"],"picked":"Saiyan:FinalFlash+1","floor":47},{"not_picked":["Saiyan:PowerUp","Saiyan:UltraInstinct"],"picked":"Saiyan:Momentum","floor":48},{"not_picked":["Saiyan:SpiritSword+1","Saiyan:BackAttack","Saiyan:ExpandingShockwave+1"],"picked":"SKIP","floor":48},{"not_picked":["Saiyan:ReverberatingForce","Saiyan:MeteorDash+1"],"picked":"Saiyan:TurtleShell+1","floor":54}],"player_experience":3267931,"relics_obtained":[{"floor":7.0,"key":"FossilizedHelix"},{"floor":9.0,"key":"Prayer Wheel"},{"floor":10.0,"key":"Letter Opener"},{"floor":13.0,"key":"Torii"},{"floor":16.0,"key":"hexamod:BolsterEngine"},{"floor":18.0,"key":"Guardian:PocketSentry"},{"floor":21.0,"key":"Juzu Bracelet"},{"floor":22.0,"key":"theSenshi:SailorFukuRelic"},{"floor":23.0,"key":"Ancient Tea Set"},{"floor":25.0,"key":"Bag of Marbles"},{"floor":25.0,"key":"theSenshi:SuperSailorFukuRelic"},{"floor":26.0,"key":"PreservedInsect"},{"floor":27,"key":"Bronze Scales"},{"floor":27,"key":"Toy Ornithopter"},{"floor":29,"key":"Meat on the Bone"},{"floor":33,"key":"Boot"},{"floor":34,"key":"Pen Nib"},{"floor":34,"key":"Mercury Hourglass"},{"floor":34,"key":"Mango"},{"floor":39,"key":"Centennial Puzzle"},{"floor":41,"key":"War Paint"},{"floor":41,"key":"MealTicket"},{"floor":44,"key":"Dream Catcher"},{"floor":44,"key":"Darkstone Periapt"},{"floor":47,"key":"Orichalcum"},{"floor":47,"key":"Bottled Lightning"},{"floor":48,"key":"Regal Pillow"},{"floor":54,"key":"Guardian:GemstoneGun"}],"event_choices":[{"damage_healed":0,"gold_gain":0,"cards_transformed":["Saiyan:SAIYA_Strike"],"player_choice":"Transformed","damage_taken":0,"max_hp_gain":0,"max_hp_loss":0,"event_name":"Transmorgrifier","floor":28,"gold_loss":0,"cards_obtained":["Saiyan:KiExplosion"]},{"damage_healed":0,"gold_gain":0,"player_choice":"Simplicity","damage_taken":0,"max_hp_gain":0,"max_hp_loss":0,"event_name":"Back to Basics","floor":31,"gold_loss":0,"cards_upgraded":["Saiyan:SAIYA_Strike","Saiyan:SAIYA_Strike","Saiyan:SAIYA_Strike","Saiyan:SAIYA_Defend","Saiyan:SAIYA_Defend","Saiyan:SAIYA_Defend","Saiyan:SAIYA_Defend"]},{"cards_removed":["Saiyan:SAIYA_Defend"],"damage_healed":0,"gold_gain":0,"player_choice":"Offered Basic","damage_taken":0,"max_hp_gain":0,"max_hp_loss":0,"event_name":"Bonfire Elementals","floor":37,"gold_loss":0}],"is_beta":false,"boss_relics":[{"not_picked":["bronze:MakeshiftBattery","Fusion Hammer"],"picked":"Sozu"},{"not_picked":["Empty Cage","Pandora\u0027s Box"],"picked":"Calling Bell"}],"items_purged_floors":[53],"is_endless":false,"potions_floor_spawned":[1,5,10,11,16,18,21,25,29,36,46,47],"ascension_level":9}}