{"host":"oigynbtg272c19pw","time":1613209193,"event":{"mods":["BaseMod","Colored Map","Minty Spire (QoL Compilation)","Relic Stats","Slay the Relics Exporter","StSLib"],"gold_per_floor":[115,40,54,72,85,117,117,152,178,178,178],"floor_reached":10,"playtime":531,"items_purged":["Strike_P"],"score":156,"play_id":"49d025cd-f8f4-420f-97e8-6a371544783b","local_time":"20210213103953","is_ascension_mode":true,"campfire_choices":[{"data":"CutThroughFate","floor":7.0,"key":"SMITH"}],"circlet_count":0,"master_deck":["AscendersBane","Strike_P","Strike_P","Strike_P","Defend_P","Defend_P","Defend_P","Defend_P","Eruption","Vigilance","CutThroughFate+1","Prostrate","Wireheading","MentalFortress","DevaForm","Prostrate"],"relics":["PureWater","Bronze Scales","Pear","Blood Vial","Happy Flower"],"acts_visited":["Exordium"],"potions_floor_usage":[8,8],"damage_taken":[{"damage":1.0,"enemies":"Small Slimes","floor":1.0,"turns":3.0},{"damage":1.0,"enemies":"2 Louse","floor":3.0,"turns":2.0},{"damage":0.0,"enemies":"Cultist","floor":4.0,"turns":4.0},{"damage":11.0,"enemies":"Gremlin Gang","floor":5.0,"turns":4.0},{"damage":3.0,"enemies":"Lagavulin","floor":6.0,"turns":7.0},{"damage":37,"enemies":"3 Sentries","floor":8,"turns":12},{"damage":12,"enemies":"Gremlin Nob","floor":10,"turns":3}],"seed_played":"-7177102982377695177","potions_obtained":[{"floor":1.0,"key":"LiquidBronze"},{"floor":4.0,"key":"ColorlessPotion"},{"floor":5.0,"key":"Fire Potion"}],"is_trial":false,"path_per_floor":["M","$","M","M","M","E","R","E","T","E"],"character_chosen":"WATCHER","items_purchased":[],"campfire_rested":0,"item_purchase_floors":[],"current_hp_per_floor":[60,60,59,59,48,55,55,18,18,8,8],"gold":178,"neow_bonus":"RANDOM_COMMON_RELIC","is_daily":false,"chose_seed":false,"campfire_upgraded":1,"win_rate":0.0,"timestamp":1613209193,"path_taken":["M","$","M","M","M","E","R","E","T","E"],"items_purchased_type":[],"build_version":"2020-12-13","purchased_purges":1,"victory":false,"max_hp_per_floor":[68,68,68,68,68,78,78,78,78,78,78],"relic_stats":{"Blood Vial":2,"Happy Flower":[1],"counters":[7,35],"Bronze Scales":[69],"obtain_stats":[{"Blood Vial":8,"Pear":6,"Happy Flower":9,"Bronze Scales":0,"PureWater":0},{"Blood Vial":6,"Pear":5,"Happy Flower":6,"Bronze Scales":0,"PureWater":0},{"Blood Vial":32,"Pear":20,"Happy Flower":32,"Bronze Scales":0,"PureWater":0}]},"card_choices":[{"not_picked":["PathToVictory","BowlingBash"],"picked":"CutThroughFate","floor":1.0},{"not_picked":["EmptyBody","Crescendo"],"picked":"Prostrate","floor":3.0},{"not_picked":["WaveOfTheHand","InnerPeace"],"picked":"Wireheading","floor":4.0},{"not_picked":["Evaluate","PathToVictory"],"picked":"MentalFortress","floor":5.0},{"not_picked":["Protect","WaveOfTheHand"],"picked":"DevaForm","floor":6.0},{"not_picked":["CutThroughFate","Protect"],"picked":"Prostrate","floor":8}],"player_experience":1590689,"relics_obtained":[{"floor":6.0,"key":"Pear"},{"floor":8,"key":"Blood Vial"},{"floor":9,"key":"Happy Flower"}],"event_choices":[],"is_beta":false,"boss_relics":[],"items_purged_floors":[2],"is_endless":false,"potions_floor_spawned":[1,4,5],"killed_by":"Gremlin Nob","ascension_level":20}}