{"host":"i7jfea87xc8lz16p","time":1613215071,"event":{"mods":["AchievementEnabler","BaseMod","Colored Powertips","Minty Spire (QoL Compilation)","Relic Stats"],"gold_per_floor":[119,119,132,146,164,164,204,228,279,279,295,308,308,308,308,407,407,426,133,152,173,198,198,198,198],"floor_reached":24,"language":"ENG","playtime":919,"items_purged":["Strike_G"],"score":404,"play_id":"b6ed0abc-8f75-4a94-9dc7-7fd849f9ff3c","local_time":"20210213121751","is_ascension_mode":true,"campfire_choices":[{"data":"Bouncing Flask","floor":6,"key":"SMITH"},{"floor":10,"key":"REST"},{"floor":13,"key":"REST"},{"floor":15,"key":"REST"},{"floor":23,"key":"REST"}],"circlet_count":0,"master_deck":["AscendersBane","Strike_G","Strike_G","Strike_G","Strike_G","Defend_G","Defend_G","Defend_G","Defend_G","Defend_G","Survivor","Neutralize","Crippling Poison","Riddle With Holes","Bouncing Flask+1","Noxious Fumes","Calculated Gamble","Catalyst+1","Burst","PiercingWail","Dodge and Roll","Blur","Leg Sweep","Deadly Poison+1"],"relics":["Ring of the Snake","Golden Idol","Darkstone Periapt","Nunchaku","Velvet Choker","Oddly Smooth Stone"],"acts_visited":["Exordium","TheCity"],"potions_floor_usage":[16,24],"damage_taken":[{"damage":0,"enemies":"2 Louse","floor":1,"turns":5},{"damage":19,"enemies":"Jaw Worm","floor":3,"turns":9},{"damage":0,"enemies":"Cultist","floor":4,"turns":4},{"damage":6,"enemies":"2 Fungi Beasts","floor":5,"turns":4},{"damage":21,"enemies":"Lagavulin","floor":7,"turns":6},{"damage":3,"enemies":"Looter","floor":8,"turns":3},{"damage":16,"enemies":"Exordium Thugs","floor":11,"turns":6},{"damage":3,"enemies":"Blue Slaver","floor":12,"turns":6},{"damage":29,"enemies":"Slime Boss","floor":16,"turns":8},{"damage":3,"enemies":"Spheric Guardian","floor":18,"turns":3},{"damage":5,"enemies":"3 Byrds","floor":20,"turns":5},{"damage":9,"enemies":"Centurion and Healer","floor":21,"turns":6},{"damage":20,"enemies":"Snake Plant","floor":22,"turns":5},{"damage":41,"enemies":"Gremlin Leader","floor":24,"turns":5}],"seed_played":"-4816734339364237441","potions_obtained":[{"floor":1,"key":"EssenceOfSteel"},{"floor":8,"key":"PowerPotion"},{"floor":11,"key":"Energy Potion"},{"floor":21,"key":"Poison Potion"}],"is_trial":false,"path_per_floor":["M","?","M","M","M","R","E","M","T","R","M","M","R","?","R","B",null,"M","$","M","M","M","R","E"],"character_chosen":"THE_SILENT","items_purchased":["Oddly Smooth Stone","Dodge and Roll"],"campfire_rested":4,"item_purchase_floors":[19,19],"current_hp_per_floor":[65,65,46,46,40,40,19,16,16,35,19,16,35,35,54,25,55,52,52,47,38,18,37,0,0],"gold":198,"neow_bonus":"TEN_PERCENT_HP_BONUS","is_daily":false,"chose_seed":false,"campfire_upgraded":1,"win_rate":0.0,"timestamp":1613215071,"path_taken":["M","?","M","M","M","R","E","M","T","R","M","M","R","?","R","BOSS","M","$","M","?","M","R","E"],"items_purchased_type":["Relic","Card"],"build_version":"2020-12-22","purchased_purges":1,"victory":false,"max_hp_per_floor":[72,65,65,65,65,65,65,65,65,65,65,65,65,65,65,65,65,65,65,65,65,65,65,65,65],"relic_stats":{"Darkstone Periapt":0,"Nunchaku":[4],"counters":[14,75],"Golden Idol":66,"obtain_stats":[{"Darkstone Periapt":7,"Nunchaku":9,"Golden Idol":2,"Velvet Choker":17,"Oddly Smooth Stone":19,"Ring of the Snake":0},{"Darkstone Periapt":5,"Nunchaku":6,"Golden Idol":1,"Velvet Choker":9,"Oddly Smooth Stone":10,"Ring of the Snake":0},{"Darkstone Periapt":28,"Nunchaku":31,"Golden Idol":5,"Velvet Choker":51,"Oddly Smooth Stone":54,"Ring of the Snake":0}],"Ring of the Snake":[28]},"card_choices":[{"not_picked":["Backflip","Blade Dance"],"picked":"Crippling Poison","floor":1},{"not_picked":["Dodge and Roll","Choke"],"picked":"Riddle With Holes","floor":3},{"not_picked":["Slice","Sucker Punch"],"picked":"Bouncing Flask","floor":4},{"not_picked":["Setup","Slice","Prepared"],"picked":"SKIP","floor":5},{"not_picked":["Underhanded Strike","Deflect"],"picked":"Noxious Fumes","floor":7},{"not_picked":["Crippling Poison","Caltrops"],"picked":"Calculated Gamble","floor":8},{"not_picked":["Dagger Throw","Riddle With Holes","Terror"],"picked":"SKIP","floor":11},{"not_picked":["Endless Agony","Deflect"],"picked":"Catalyst","floor":12},{"not_picked":["Glass Knife","Night Terror"],"picked":"Burst","floor":16},{"not_picked":["Backstab","Dagger Throw+1"],"picked":"PiercingWail","floor":18},{"not_picked":["Backflip","Eviscerate"],"picked":"Blur","floor":20},{"not_picked":["Acrobatics","Concentrate"],"picked":"Leg Sweep","floor":21},{"not_picked":["Noxious Fumes","Backflip"],"picked":"Deadly Poison+1","floor":22}],"player_experience":1847923,"relics_obtained":[{"floor":7,"key":"Darkstone Periapt"},{"floor":9,"key":"Nunchaku"}],"event_choices":[{"damage_healed":0,"gold_gain":0,"player_choice":"Lose Max HP","damage_taken":0,"relics_obtained":["Golden Idol"],"max_hp_gain":0,"max_hp_loss":7,"event_name":"Golden Idol","floor":2,"gold_loss":0},{"damage_healed":0,"gold_gain":0,"player_choice":"Upgraded","damage_taken":0,"max_hp_gain":0,"max_hp_loss":0,"event_name":"Upgrade Shrine","floor":14,"gold_loss":0,"cards_upgraded":["Catalyst"]}],"is_beta":false,"boss_relics":[{"not_picked":["Fusion Hammer","Philosopher\u0027s Stone"],"picked":"Velvet Choker"}],"items_purged_floors":[19],"is_endless":false,"potions_floor_spawned":[1,8,11,12,21],"killed_by":"Gremlin Leader","ascension_level":20}}