{"host":"vfg9szunmpjwj08o","time":1613258031,"event":{"mods":["Act Like it!","BaseMod","BetterRewards","Bossed Relics","Challenge The Spire","Colored Map","Colored Powertips","Dark Map","Highlight Path","Minty Spire (QoL Compilation)","Quick Restart","Relic Stats","StSLib","Waifu the Spire","everything is the same but u backflip on backflip"],"gold_per_floor":[118,133,151,162,237,237,263,24,24,24,24,24,56,71,71,71,71],"floor_reached":16,"language":"ENG","playtime":464,"items_purged":["Strike_R"],"score":220,"play_id":"e7e7afa8-f577-4aa6-9256-130119cc7a25","local_time":"20210214001351","is_ascension_mode":true,"campfire_choices":[{"data":"Armaments","floor":6,"key":"SMITH"},{"data":"Flex","floor":11,"key":"SMITH"},{"floor":15,"key":"RECALL"}],"circlet_count":0,"master_deck":["AscendersBane","Strike_R","Strike_R","Strike_R","Defend_R","Defend_R","Defend_R","Defend_R","Bash","Cleave","Inflame","Flex+1","Armaments+1","Dropkick","Impervious"],"relics":["Burning Blood","Frozen Egg 2","ClockworkSouvenir","Sundial"],"acts_visited":["Exordium"],"potions_floor_usage":[7,13,16],"damage_taken":[{"damage":5,"enemies":"2 Louse","floor":1,"turns":3},{"damage":5,"enemies":"Small Slimes","floor":2,"turns":3},{"damage":9,"enemies":"Jaw Worm","floor":3,"turns":4},{"damage":16,"enemies":"Looter","floor":4,"turns":4},{"damage":35,"enemies":"3 Sentries","floor":7,"turns":7},{"damage":1,"enemies":"Gremlin Nob","floor":13,"turns":3},{"damage":9,"enemies":"Exordium Wildlife","floor":14,"turns":3},{"damage":27,"enemies":"Hexaghost","floor":16,"turns":9}],"seed_played":"-2950254360583342695","potions_obtained":[{"floor":2,"key":"Strength Potion"},{"floor":7,"key":"Energy Potion"},{"floor":14,"key":"SteroidPotion"}],"is_trial":false,"path_per_floor":["M","M","M","M","?","R","E","$","T","?","R","$","E","M","R","B"],"character_chosen":"IRONCLAD","items_purchased":["ClockworkSouvenir"],"campfire_rested":0,"item_purchase_floors":[8],"current_hp_per_floor":[76,77,74,64,53,53,24,24,24,24,24,24,29,26,26,0,0],"gold":71,"neow_bonus":"TEN_PERCENT_HP_BONUS","is_daily":false,"chose_seed":false,"campfire_upgraded":2,"win_rate":0.0,"timestamp":1613258031,"path_taken":["M","M","M","M","?","R","E","$","T","?","R","$","E","M","R","BOSS"],"items_purchased_type":["Relic"],"build_version":"2020-12-22","purchased_purges":1,"victory":false,"max_hp_per_floor":[82,82,82,82,82,82,82,82,82,82,82,82,82,82,82,82,82],"relic_stats":{"counters":[8,36],"Sundial":[2],"obtain_stats":[{"Sundial":13,"Frozen Egg 2":7,"Burning Blood":0,"ClockworkSouvenir":8},{"Sundial":6,"Frozen Egg 2":5,"Burning Blood":0,"ClockworkSouvenir":5},{"Sundial":24,"Frozen Egg 2":21,"Burning Blood":0,"ClockworkSouvenir":21}],"Burning Blood":42},"card_choices":[{"not_picked":["Iron Wave","Clothesline"],"picked":"Cleave","floor":1},{"not_picked":["Fire Breathing","Sword Boomerang"],"picked":"Inflame","floor":2},{"not_picked":["Wild Strike","Perfected Strike"],"picked":"Flex","floor":3},{"not_picked":["Hemokinesis","Clothesline"],"picked":"Armaments","floor":4},{"not_picked":["Bloodletting","Iron Wave"],"picked":"Dropkick","floor":7},{"not_picked":["Disarm","Evolve+1"],"picked":"Impervious","floor":13},{"not_picked":["True Grit","Cleave","Second Wind"],"picked":"SKIP","floor":14}],"player_experience":1112410,"relics_obtained":[{"floor":7,"key":"Frozen Egg 2"},{"floor":13,"key":"Sundial"}],"event_choices":[{"damage_healed":0,"gold_gain":75,"player_choice":"Gather Gold","damage_taken":11,"max_hp_gain":0,"max_hp_loss":0,"event_name":"World of Goop","floor":5,"gold_loss":0},{"cards_removed":["Strike_R"],"damage_healed":0,"gold_gain":0,"player_choice":"Forget","damage_taken":0,"max_hp_gain":0,"max_hp_loss":0,"event_name":"Living Wall","floor":10,"gold_loss":0}],"is_beta":false,"boss_relics":[],"items_purged_floors":[8],"is_endless":false,"potions_floor_spawned":[2,7,14],"killed_by":"Hexaghost","ascension_level":20}}