{"host":"mrldknoj69ilw4kk","time":1613244635,"event":{"mods":["BaseMod","Downfall","Minty Spire (QoL Compilation)","Practice Mode","StSLib","The Servant 0.9.4"],"gold_per_floor":[117,42,42,142,158,158,188,188,233,248,248,276,276,296,296,296,296],"floor_reached":16,"language":"ENG","playtime":402,"items_purged":["Defend_R"],"score":158,"play_id":"6b886124-f58f-4201-b6b4-5e30b3d6e71d","local_time":"20210213193035","is_ascension_mode":false,"campfire_choices":[{"data":"Strike_R","floor":6,"key":"SMITH"},{"data":"Bash","floor":8,"key":"SMITH"},{"data":"downfall:Aged","floor":13,"key":"PURGE"},{"floor":15,"key":"REST"}],"circlet_count":0,"master_deck":["Strike_R","Strike_R","Strike_R","Strike_R","Strike_R+1","Defend_R","Defend_R","Defend_R","Bash+1","Blind","downfall:Haunted","Injury","Corruption","downfall:Haunted","Flex","Parasite"],"relics":["Burning Blood","Darkstone Periapt","Torii","Potion Belt","Peace Pipe"],"acts_visited":["Exordium"],"potions_floor_usage":[7,14,16],"damage_taken":[{"damage":6,"enemies":"Small Slimes","floor":1,"turns":4},{"damage":16,"enemies":"Jaw Worm","floor":5,"turns":4},{"damage":32,"enemies":"Gremlin Nob","floor":7,"turns":5},{"damage":0,"enemies":"Cultist","floor":10,"turns":3},{"damage":58,"enemies":"Lagavulin","floor":12,"turns":8},{"damage":31,"enemies":"Gremlin Gang","floor":14,"turns":5},{"damage":70,"enemies":"Slime Boss","floor":16,"turns":8}],"seed_played":"8826607651482072796","potions_obtained":[{"floor":1,"key":"BlessingOfTheForge"},{"floor":12,"key":"Regen Potion"},{"floor":14,"key":"Dexterity Potion"}],"is_trial":false,"path_per_floor":["M","$","?","?","M","R","E","R","T","M","?","E","R","M","R","B"],"character_chosen":"IRONCLAD","items_purchased":[],"campfire_rested":1,"item_purchase_floors":[],"current_hp_per_floor":[80,80,85,120,110,110,84,84,84,90,96,44,44,31,68,0,0],"gold":296,"neow_bonus":"RANDOM_COLORLESS","is_daily":false,"chose_seed":false,"campfire_upgraded":2,"win_rate":0.0,"timestamp":1613244635,"path_taken":["M","$","?","?","?","R","E","R","T","M","?","E","R","M","R","BOSS"],"items_purchased_type":[],"build_version":"2020-12-22","purchased_purges":1,"victory":false,"max_hp_per_floor":[80,80,85,120,120,120,120,120,120,120,126,126,126,126,126,126,126],"card_choices":[{"not_picked":["Dark Shackles","Mind Blast"],"picked":"Blind","floor":0},{"not_picked":["Wild Strike","Warcry","Sword Boomerang"],"picked":"SKIP","floor":1},{"not_picked":["Shrug It Off","Pommel Strike"],"picked":"Flex","floor":5},{"not_picked":["Dark Embrace","Second Wind","Fire Breathing"],"picked":"SKIP","floor":7},{"not_picked":["Wild Strike","Dual Wield","Battle Trance"],"picked":"SKIP","floor":10},{"not_picked":["Pummel","Second Wind","Immolate"],"picked":"SKIP","floor":12},{"not_picked":["Pommel Strike","Flame Barrier","Twin Strike"],"picked":"SKIP","floor":14}],"player_experience":177671,"relics_obtained":[{"floor":7,"key":"Torii"},{"floor":9,"key":"Potion Belt"},{"floor":12,"key":"Peace Pipe"}],"event_choices":[{"damage_healed":0,"gold_gain":0,"player_choice":"Donut","damage_taken":0,"max_hp_gain":5,"max_hp_loss":0,"event_name":"Big Fish","floor":3,"gold_loss":0},{"cards_removed":["downfall:Haunted"],"damage_healed":0,"gold_gain":0,"player_choice":"Took Card","damage_taken":0,"max_hp_gain":0,"max_hp_loss":0,"event_name":"NoteForYourself","floor":11,"gold_loss":0,"cards_obtained":["Parasite"]}],"is_beta":false,"boss_relics":[],"items_purged_floors":[2],"is_endless":false,"potions_floor_spawned":[1,12,14],"killed_by":"Slime Boss","ascension_level":0}}