{"host":"5z7rhcocprldured","time":1613187072,"event":{"mods":["2.2 Compatiblity","AchievementEnabler","BaseMod","Best Route Mod","Better Altar","Better Match","Better Note","Better Sensory Stone","Better Skull","Better Third Choice","BetterRewards","Block Reminder","Colored Map","Colored Powertips","Emptier Cage","Googly Eyes","Hermit","Marisa????????","Minty Spire (QoL Compilation)","Permanent Neow","Potionbrewer","Rare Cards Sparkle","StSLib","Synergy Search","The Cursed","The Hierophant","The Runesmith","Unceasing Turn Reminder"],"gold_per_floor":[112,129,141,141,156,182,182,182,209,239,414,237,170,170,170,268,268,283,283,283,283,283,283,294,309,309,309,343,360,376,171,171,270,270,283,301,301,301,301],"floor_reached":38,"language":"ENG","playtime":1696,"items_purged":["Strike_G","Strike_G","Strike_G"],"score":577,"play_id":"21d405a9-b72c-4d39-8188-79b46e696c3e","local_time":"20210213033112","is_ascension_mode":false,"campfire_choices":[{"data":"Apotheosis","floor":8,"key":"SMITH"},{"floor":15,"key":"REST"},{"floor":23,"key":"RECALL"},{"floor":27,"key":"REST"},{"floor":32,"key":"REST"}],"circlet_count":0,"master_deck":["Strike_G","Strike_G","Defend_G","Defend_G","Defend_G","Defend_G","Defend_G","Survivor","Neutralize","Infinite Blades","Accuracy","Apotheosis+1","Noxious Fumes","Footwork","Cloak And Dagger","Terror","Quick Slash","Outmaneuver","After Image","Bouncing Flask","Footwork","Echo Form","Adrenaline","Flying Knee","J.A.X.","Insight+1","Leg Sweep","Dash","Blade Dance","Deadly Poison","Deadly Poison","Caltrops","Envenom"],"relics":["Ring of the Serpent","Oddly Smooth Stone","potionbrewer:Keyblade","Art of War","Juzu Bracelet","Omamori","StrikeDummy","SlaversCollar","Boot"],"acts_visited":["Exordium","TheCity","TheBeyond"],"potions_floor_usage":[6,25,28,28,29,33],"damage_taken":[{"damage":4,"enemies":"Small Slimes","floor":1,"turns":3},{"damage":0,"enemies":"Cultist","floor":2,"turns":5},{"damage":0,"enemies":"Jaw Worm","floor":3,"turns":4},{"damage":8,"enemies":"Blue Slaver","floor":5,"turns":4},{"damage":7,"enemies":"Lagavulin","floor":6,"turns":6},{"damage":3,"enemies":"Gremlin Nob","floor":10,"turns":4},{"damage":24,"enemies":"Hexaghost","floor":16,"turns":6},{"damage":9,"enemies":"Shell Parasite","floor":18,"turns":5},{"damage":17,"enemies":"Spheric Guardian","floor":24,"turns":5},{"damage":8,"enemies":"Chosen and Byrds","floor":25,"turns":7},{"damage":0,"enemies":"Gremlin Leader","floor":28,"turns":7},{"damage":10,"enemies":"Cultist and Chosen","floor":29,"turns":4},{"damage":3,"enemies":"Snake Plant","floor":30,"turns":5},{"damage":29,"enemies":"Collector","floor":33,"turns":7},{"damage":48,"enemies":"3 Darklings","floor":35,"turns":7},{"damage":3,"enemies":"3 Shapes","floor":36,"turns":5},{"damage":71,"enemies":"Transient","floor":38,"turns":4}],"seed_played":"481769194219172018","potions_obtained":[{"floor":1,"key":"GhostInAJar"},{"floor":4,"key":"potionbrewer:DiscountPotion"},{"floor":4,"key":"potionbrewer:QuicksilverPotion"},{"floor":4,"key":"Explosive Potion"},{"floor":6,"key":"potionbrewer:ToxicPotion"},{"floor":18,"key":"EssenceOfSteel"},{"floor":25,"key":"Weak Potion"},{"floor":28,"key":"Poison Potion"}],"is_trial":false,"path_per_floor":["M","M","M","?","M","E","?","R","T","E","?","$","$","?","R","B",null,"M","?","?","?","?","R","M","M","T","R","E","M","M","$","R","B",null,"M","M","?","M"],"character_chosen":"THE_SILENT","items_purchased":["Infinite Blades","Accuracy","Oddly Smooth Stone","Apotheosis","Noxious Fumes","potionbrewer:Keyblade","Bouncing Flask","Footwork","Caltrops"],"campfire_rested":3,"item_purchase_floors":[0,0,0,0,0,0,12,13,31],"current_hp_per_floor":[66,66,66,66,58,51,39,39,39,36,36,36,36,36,57,33,70,61,61,61,61,61,61,44,36,36,57,57,47,44,44,65,36,70,22,19,61,0,0],"gold":301,"neow_bonus":"","is_daily":false,"chose_seed":false,"campfire_upgraded":1,"win_rate":0.0,"timestamp":1613187072,"path_taken":["M","M","M","?","?","E","?","R","T","E","?","?","$","?","R","BOSS","M","?","?","?","?","R","M","M","T","R","E","M","M","?","R","BOSS","M","M","?","M"],"items_purchased_type":["Card","Card","Relic","Card","Card","Relic","Card","Card","Card"],"build_version":"2020-12-22","purchased_purges":3,"victory":false,"max_hp_per_floor":[70,70,70,70,70,70,70,70,70,70,70,70,70,70,70,70,70,70,70,70,70,70,70,70,70,70,70,70,70,70,70,70,70,70,70,70,61,61,61],"card_choices":[{"not_picked":["Slice","Flechettes"],"picked":"Footwork","floor":1},{"not_picked":["Blur","Backstab"],"picked":"Cloak And Dagger","floor":2},{"not_picked":["Deadly Poison","Dagger Spray"],"picked":"Terror","floor":3},{"not_picked":["Bane","Eviscerate"],"picked":"Quick Slash","floor":5},{"not_picked":["Wraith Form v2","Eviscerate"],"picked":"Outmaneuver","floor":6},{"not_picked":["Acrobatics","Infinite Blades"],"picked":"After Image","floor":10},{"not_picked":["A Thousand Cuts","Burst"],"picked":"Adrenaline","floor":16},{"not_picked":["Concentrate","PiercingWail"],"picked":"Flying Knee","floor":18},{"not_picked":["Reflex","Slice+1"],"picked":"Leg Sweep","floor":24},{"not_picked":["Expertise+1","Deflect"],"picked":"Dash","floor":25},{"not_picked":["Sucker Punch","Malaise"],"picked":"Blade Dance","floor":28},{"not_picked":["Distraction","Caltrops"],"picked":"Deadly Poison","floor":29},{"not_picked":["Deflect","Calculated Gamble"],"picked":"Deadly Poison","floor":30},{"not_picked":["Wraith Form v2","Grand Finale"],"picked":"Envenom","floor":33},{"not_picked":["Distraction","Concentrate","Dagger Throw"],"picked":"SKIP","floor":35},{"not_picked":["Underhanded Strike+1","Outmaneuver","Slice"],"picked":"SKIP","floor":36}],"player_experience":188466,"relics_obtained":[{"floor":6,"key":"Art of War"},{"floor":9,"key":"Omamori"},{"floor":10,"key":"StrikeDummy"},{"floor":28,"key":"Boot"}],"event_choices":[{"damage_healed":0,"gold_gain":0,"player_choice":"Got Potions","damage_taken":0,"max_hp_gain":0,"max_hp_loss":0,"event_name":"Lab","floor":4,"gold_loss":0},{"damage_healed":0,"gold_gain":0,"player_choice":"Relic ","damage_taken":12,"max_hp_gain":0,"max_hp_loss":0,"event_name":"betterThird:BetterScrap","floor":7,"gold_loss":0,"cards_obtained":["Combust"]},{"damage_healed":0,"gold_gain":175,"player_choice":"AGREE","damage_taken":239,"max_hp_gain":0,"max_hp_loss":0,"event_name":"betterThird:BetterSerpent","floor":11,"gold_loss":0},{"damage_healed":0,"gold_gain":1,"player_choice":"4","damage_taken":0,"max_hp_gain":0,"max_hp_loss":0,"event_name":"betterStone:BetterStone","floor":14,"gold_loss":0,"cards_obtained":["Echo Form"]},{"cards_removed":["Echo Form"],"damage_healed":0,"gold_gain":0,"player_choice":"Give","damage_taken":0,"max_hp_gain":0,"max_hp_loss":0,"event_name":"betterNote:BetterNote","floor":19,"gold_loss":0,"cards_obtained":["None"]},{"damage_healed":0,"gold_gain":0,"player_choice":"Obtain J.A.X.","damage_taken":0,"max_hp_gain":0,"max_hp_loss":0,"event_name":"Drug Dealer","floor":20,"gold_loss":0,"cards_obtained":["J.A.X."]},{"damage_healed":0,"gold_gain":0,"player_choice":"Insight","damage_taken":1,"max_hp_gain":0,"max_hp_loss":0,"event_name":"betterThird:BetterWriting","floor":21,"gold_loss":0,"cards_obtained":["Insight"]},{"damage_healed":0,"gold_gain":0,"player_choice":"Ignored","damage_taken":0,"max_hp_gain":0,"max_hp_loss":0,"event_name":"Ghosts","floor":22,"gold_loss":0},{"damage_healed":61,"gold_gain":0,"player_choice":"Heal","damage_taken":0,"max_hp_gain":0,"max_hp_loss":9,"event_name":"The Moai Head","floor":37,"gold_loss":0}],"is_beta":false,"boss_relics":[{"not_picked":["Empty Cage","Runic Dome"],"picked":"SlaversCollar"},{"not_picked":["Snecko Eye","Calling Bell"],"picked":"Ring of the Serpent"}],"items_purged_floors":[0,12,31],"is_endless":false,"potions_floor_spawned":[1,6,10,18,25,28],"killed_by":"Transient","ascension_level":0}}