{"host":"8vqkh0x3c7vpgzzm","time":1613248688,"event":{"mods":["AchievementEnabler","BaseMod","Colored Map","Colored Powertips","Curses Come First","DeckTracker","Highlight Path","Minty Spire (QoL Compilation)","Permanent Neow","Quick Restart","Random Character Mod","Rare Cards Sparkle","Relic Sorter","Relic Stats","StSLib","SuperFastMode","Unceasing Turn Reminder","egg","everything is the same but u backflip on backflip"],"gold_per_floor":[11,61,71,82,97,97,124,124,124,124,141,170,186,216,216,290,290,304,172,172,184,184,184],"floor_reached":22,"language":"ENG","playtime":896,"items_purged":["Strike_R"],"score":392,"play_id":"0d9c9055-078a-47bc-90ea-0a795dad4dce","local_time":"20210213213808","is_ascension_mode":true,"campfire_choices":[{"data":"Hemokinesis","floor":6,"key":"SMITH"},{"data":"Bash","floor":8,"key":"SMITH"},{"data":"Disarm","floor":10,"key":"SMITH"},{"data":"Juggernaut","floor":15,"key":"SMITH"}],"circlet_count":0,"master_deck":["AscendersBane","Defend_R","Defend_R","Defend_R","Bash+1","Infernal Blade","Intimidate","Hemokinesis+1","Reaper","Wild Strike","Disarm+1","Shrug It Off","Juggernaut+1","Feed","Fiend Fire+1","Burning Pact+1","Burning Pact+1","Infernal Blade+1","Shrug It Off","Uppercut"],"relics":["Burning Blood","Shovel","Mercury Hourglass","Sundial","Astrolabe","Enchiridion"],"acts_visited":["Exordium","TheCity"],"potions_floor_usage":[7,12,18],"damage_taken":[{"damage":9,"enemies":"Jaw Worm","floor":1,"turns":4},{"damage":10,"enemies":"Cultist","floor":3,"turns":4},{"damage":2,"enemies":"2 Louse","floor":4,"turns":2},{"damage":4,"enemies":"Large Slime","floor":5,"turns":2},{"damage":12,"enemies":"Gremlin Nob","floor":7,"turns":3},{"damage":13,"enemies":"Looter","floor":11,"turns":2},{"damage":13,"enemies":"Lagavulin","floor":12,"turns":5},{"damage":13,"enemies":"Red Slaver","floor":13,"turns":3},{"damage":41,"enemies":"The Guardian","floor":16,"turns":9},{"damage":26,"enemies":"3 Byrds","floor":18,"turns":6},{"damage":7,"enemies":"Shell Parasite","floor":21,"turns":4},{"damage":30,"enemies":"Cultist and Chosen","floor":22,"turns":7}],"seed_played":"2127764245060761703","potions_obtained":[{"floor":1,"key":"EssenceOfSteel"},{"floor":4,"key":"DuplicationPotion"},{"floor":11,"key":"AttackPotion"},{"floor":12,"key":"SteroidPotion"},{"floor":21,"key":"Explosive Potion"}],"is_trial":false,"path_per_floor":["M","?","M","M","M","R","E","R","T","R","M","E","M","?","R","B",null,"M","$","?","M","M"],"character_chosen":"IRONCLAD","items_purchased":["Shrug It Off"],"campfire_rested":0,"item_purchase_floors":[19],"current_hp_per_floor":[65,65,61,65,67,67,61,61,61,61,54,47,44,44,44,9,59,48,48,27,26,0,0],"gold":184,"neow_bonus":"TRANSFORM_TWO_CARDS","is_daily":false,"chose_seed":false,"campfire_upgraded":4,"win_rate":0.0,"timestamp":1613248688,"path_taken":["M","?","M","?","M","R","E","R","T","R","M","E","M","?","R","BOSS","M","$","?","M","M"],"items_purchased_type":["Card"],"build_version":"2020-12-22","purchased_purges":1,"victory":false,"max_hp_per_floor":[75,75,75,75,75,75,75,75,75,75,75,75,75,75,75,75,75,78,78,78,78,78,78],"relic_stats":{"Shovel":0,"counters":[12,49],"Sundial":[4],"Astrolabe":["Fiend Fire","Burning Pact","Burning Pact"],"obtain_stats":[{"Shovel":7,"Sundial":12,"Astrolabe":17,"Enchiridion":20,"Burning Blood":0,"Mercury Hourglass":9},{"Shovel":5,"Sundial":7,"Astrolabe":9,"Enchiridion":10,"Burning Blood":0,"Mercury Hourglass":5},{"Shovel":15,"Sundial":21,"Astrolabe":33,"Enchiridion":38,"Burning Blood":0,"Mercury Hourglass":15}],"Burning Blood":66,"Mercury Hourglass":[117]},"card_choices":[{"not_picked":["Body Slam","Warcry","Sever Soul"],"picked":"SKIP","floor":1},{"not_picked":["Flex","Blood for Blood"],"picked":"Hemokinesis","floor":3},{"not_picked":["Dark Embrace","Sword Boomerang"],"picked":"Reaper","floor":4},{"not_picked":["Anger","Heavy Blade"],"picked":"Wild Strike","floor":5},{"not_picked":["Anger","Heavy Blade"],"picked":"Disarm","floor":7},{"not_picked":["Body Slam","Cleave"],"picked":"Shrug It Off","floor":11},{"not_picked":["Armaments","Dropkick","Blood for Blood"],"picked":"SKIP","floor":12},{"not_picked":["Fire Breathing","Cleave"],"picked":"Juggernaut","floor":13},{"not_picked":["Reaper","Immolate"],"picked":"Feed","floor":16},{"not_picked":["Dark Embrace","Evolve"],"picked":"Infernal Blade+1","floor":18},{"not_picked":["Clothesline","Dual Wield"],"picked":"Uppercut","floor":21}],"player_experience":541721,"relics_obtained":[{"floor":7,"key":"Shovel"},{"floor":9,"key":"Mercury Hourglass"},{"floor":12,"key":"Sundial"},{"floor":20,"key":"Enchiridion"}],"event_choices":[{"damage_healed":0,"gold_gain":50,"player_choice":"Pray","damage_taken":0,"max_hp_gain":0,"max_hp_loss":0,"event_name":"Golden Shrine","floor":2,"gold_loss":0},{"damage_healed":0,"gold_gain":30,"player_choice":"Searched \u00271\u0027 times","damage_taken":0,"max_hp_gain":0,"max_hp_loss":0,"event_name":"Dead Adventurer","floor":14,"gold_loss":0},{"damage_healed":0,"gold_gain":0,"player_choice":"Obtained Book","damage_taken":21,"max_hp_gain":0,"max_hp_loss":0,"event_name":"Cursed Tome","floor":20,"gold_loss":0}],"is_beta":false,"boss_relics":[{"not_picked":["Pandora\u0027s Box","Black Blood"],"picked":"Astrolabe"}],"items_purged_floors":[19],"is_endless":false,"potions_floor_spawned":[1,4,11,12,13,21],"killed_by":"Cultist and Chosen","ascension_level":20}}