{"host":"5z7rhcocprldured","time":1613239658,"event":{"mods":["2.2 Compatiblity","AchievementEnabler","AlwaysNeverKeys","BaseMod","Best Route Mod","Better Altar","Better Match","Better Note","Better Sensory Stone","Better Skull","Better Third Choice","BetterRewards","Block Reminder","Colored Map","Colored Powertips","Emptier Cage","Energized Spire","Infinite Spire","Marisa????????","Minty Spire (QoL Compilation)","Permanent Neow","Rare Cards Sparkle","Replay The Spire","SacredBarkPlus","Spicy Shops","StSLib","Synergy Search","The Bug Knight","Unceasing Turn Reminder"],"gold_per_floor":[110,110,167,229,289,289,27,27,102,112,131,131,164,164,164,292,292,304,32,132,132,132,132,132],"floor_reached":23,"language":"ENG","playtime":1301,"items_purged":["Strike_P","Writhe"],"score":314,"play_id":"a07f419d-9bbf-4b8a-aeb9-04dcb8658340","local_time":"20210213180738","is_ascension_mode":false,"campfire_choices":[{"data":"Alpha","floor":6,"key":"SMITH"},{"data":"Wish","floor":12,"key":"SMITH"},{"data":"BattleHymn","floor":15,"key":"SMITH"}],"circlet_count":0,"master_deck":["Strike_P","Strike_P","Defend_P","Defend_P","Defend_P","Defend_P","Eruption+1","Vigilance","Alpha+1","Adaptation","FlyingSleeves","Swift Strike","BattleHymn+1","FollowUp","CutThroughFate","Collect","Evaluate","CutThroughFate","Wish+1","FlurryOfBlows","DeceiveReality+1","MasterReality","Replay:AtTheReady","Devotion"],"relics":["PureWater","Replay:Wax Seal","BargainBundle","ReplayTheSpireMod:Ring of Challenge","Vajra","Replay:Bottled Flurry","Boot","VioletLotus","infinitespire:ShieldingShard"],"acts_visited":["Exordium","TheCity"],"potions_floor_usage":[3,11,16,23],"damage_taken":[{"damage":0,"enemies":"Small Slimes","floor":1,"turns":2},{"damage":5,"enemies":"Cultist","floor":3,"turns":3},{"damage":5,"enemies":"2 Louse","floor":4,"turns":2},{"damage":0,"enemies":"Large Slime","floor":5,"turns":4},{"damage":4,"enemies":"Looter","floor":10,"turns":3},{"damage":0,"enemies":"2 Fungi Beasts","floor":11,"turns":2},{"damage":16,"enemies":"Gremlin Nob","floor":13,"turns":4},{"damage":7,"enemies":"Fading Forest","floor":16,"turns":10},{"damage":12,"enemies":"Shell Parasite","floor":18,"turns":4},{"damage":63,"enemies":"Gremlin Leader","floor":23,"turns":5}],"seed_played":"6084172243939683522","potions_obtained":[{"floor":5,"key":"DuplicationPotion"},{"floor":10,"key":"Strength Potion"},{"floor":11,"key":"SteroidPotion"},{"floor":18,"key":"SkillPotion"}],"is_trial":false,"path_per_floor":["M","?","M","M","M","R","$","?","T","M","M","R","E","?","R","B",null,"M","$","?","?","T","E"],"character_chosen":"WATCHER","items_purchased":["Alpha","Replay:Wax Seal","BargainBundle","AttackPotion","EssenceOfSteel","SkillPotion","Adaptation","FlyingSleeves","Swift Strike","Vajra","Evaluate","CutThroughFate","Devotion"],"campfire_rested":0,"item_purchase_floors":[0,0,0,0,0,0,0,0,0,7,7,7,19],"current_hp_per_floor":[72,72,67,62,62,62,62,62,62,58,58,58,42,42,42,45,72,60,60,60,60,60,0,0],"gold":132,"neow_bonus":"","is_daily":false,"chose_seed":false,"campfire_upgraded":3,"win_rate":0.0,"timestamp":1613239658,"path_taken":["M","?","M","M","M","R","?","?","T","M","M","R","E","?","R","BOSS","M","$","?","?","?","E"],"items_purchased_type":["Card","Relic","Relic","Potion","Potion","Potion","Card","Card","Card","Relic","Card","Card","Card"],"build_version":"2020-12-22","purchased_purges":2,"victory":false,"max_hp_per_floor":[72,72,72,72,72,72,72,72,72,72,72,72,72,72,72,72,72,72,72,72,72,72,72,72],"card_choices":[{"not_picked":["FollowUp","Protect"],"picked":"BattleHymn","floor":1},{"not_picked":["ThirdEye","WheelKick"],"picked":"FollowUp","floor":3},{"not_picked":["Replay:Anticipation","Consecrate"],"picked":"CutThroughFate","floor":4},{"not_picked":["Wireheading","ThirdEye"],"picked":"Collect","floor":5},{"not_picked":["EmptyFist","Protect"],"picked":"Wish","floor":10},{"not_picked":["Crescendo","Perseverance"],"picked":"FlurryOfBlows","floor":11},{"not_picked":["ThirdEye","FollowUp"],"picked":"DeceiveReality","floor":13},{"not_picked":["SpiritShield","Alpha"],"picked":"MasterReality","floor":16},{"not_picked":["Weave","WreathOfFlame"],"picked":"Replay:AtTheReady","floor":18}],"player_experience":185406,"relics_obtained":[{"floor":2,"key":"ReplayTheSpireMod:Ring of Challenge"},{"floor":9,"key":"Replay:Bottled Flurry"},{"floor":13,"key":"Boot"},{"floor":22,"key":"infinitespire:ShieldingShard"}],"event_choices":[{"damage_healed":0,"gold_gain":100,"player_choice":"Pray","damage_taken":0,"max_hp_gain":0,"max_hp_loss":0,"event_name":"Golden Shrine","floor":20,"gold_loss":0},{"cards_removed":["Strike_P"],"damage_healed":0,"gold_gain":0,"player_choice":"Card Removal","damage_taken":0,"max_hp_gain":0,"max_hp_loss":0,"event_name":"Wheel of Change","floor":21,"gold_loss":0}],"is_beta":false,"boss_relics":[{"not_picked":["infinitespire:Cupcake","ReplayTheSpireMod:DimensionalGlitch"],"picked":"VioletLotus"}],"items_purged_floors":[0,7],"is_endless":false,"potions_floor_spawned":[5,10,11,18],"killed_by":"Gremlin Leader","ascension_level":0}}