{"host":"hcfgv6p6h0ubjkk0","time":1613234796,"event":{"mods":["AchievementEnabler","BaseMod","Highlight Path","Minty Spire (QoL Compilation)","Quick Restart","Replay The Spire","StSLib"],"gold_per_floor":[112,112,130,130,142,152,181,201,224,224,96,115,115,138,138,268,268,286,301,216,67,67,106,129,129,156,179,43,74,74,90,90,220,220,240,263,138,161,161,194,194,233,315,165,165,179,179,197,197,197,197,197,140,184,184,184],"floor_reached":55,"language":"ENG","playtime":1761,"items_purged":["Strike_R","Strike_R","Clash","Strike_R"],"score":978,"play_id":"b794b89c-7526-477c-b9fd-1c7889a0ac51","local_time":"20210213164636","is_ascension_mode":true,"campfire_choices":[{"data":"Massacre","floor":13,"key":"SMITH"},{"data":"Pommel Strike","floor":15,"key":"SMITH"},{"data":"Heavy Blade","floor":32,"key":"SMITH"},{"data":"Bash","floor":41,"key":"SMITH"},{"data":"Sword Boomerang","floor":45,"key":"SMITH"},{"floor":49,"key":"RECALL"},{"data":"Ghostly Armor","floor":52,"key":"SMITH"}],"circlet_count":0,"master_deck":["Strike_R+1","Strike_R","Defend_R","Defend_R+1","Defend_R","Defend_R","Bash+1","Flex+1","Ghostly Armor+1","Pommel Strike+1","Massacre+1","True Grit+1","Flex+1","Pummel","Feed","Shrug It Off+1","Perfected Strike","Offering+1","Heavy Blade+1","Heavy Blade+1","Sword Boomerang+1","Reaper","Shrug It Off+1","Pot Of Greed+1","Pot Of Greed+1","Pot Of Greed+1","Offering+1","Spot Weakness+1","Limit Break+1"],"relics":["Burning Blood","Toxic Egg 2","Orichalcum","Golden Idol","Painkiller Herb","Simple Rune","Brimstone","Prayer Wheel","Anchor","Charon\u0027s Ashes","SlaversCollar","Mirror","Grinning Jar","Paper Frog"],"acts_visited":["Exordium","TheCity","TheBeyond","TheEnding"],"potions_floor_usage":[16,50,50,55],"damage_taken":[{"damage":7,"enemies":"Jaw Worm","floor":1,"turns":3},{"damage":0,"enemies":"Cultist","floor":3,"turns":2},{"damage":0,"enemies":"Small Slimes","floor":5,"turns":3},{"damage":2,"enemies":"2 Fungi Beasts","floor":6,"turns":3},{"damage":40,"enemies":"3 Sentries","floor":7,"turns":11},{"damage":11,"enemies":"Exordium Wildlife","floor":8,"turns":4},{"damage":8,"enemies":"Red Slaver","floor":12,"turns":2},{"damage":2,"enemies":"Looter","floor":14,"turns":2},{"damage":33,"enemies":"Hexaghost","floor":16,"turns":14},{"damage":6,"enemies":"2 Thieves","floor":18,"turns":2},{"damage":13,"enemies":"Shell Parasite","floor":19,"turns":6},{"damage":0,"enemies":"Gremlin Leader","floor":23,"turns":3},{"damage":6,"enemies":"Snake Plant","floor":24,"turns":3},{"damage":0,"enemies":"Centurion and Healer","floor":27,"turns":5},{"damage":23,"enemies":"Replay:Snechameleon","floor":29,"turns":3},{"damage":8,"enemies":"3 Cultists","floor":31,"turns":4},{"damage":28,"enemies":"Collector","floor":33,"turns":4},{"damage":6,"enemies":"3 Darklings","floor":35,"turns":1},{"damage":2,"enemies":"Orb Walker","floor":36,"turns":3},{"damage":32,"enemies":"Maw","floor":38,"turns":4},{"damage":11,"enemies":"Giant Head","floor":40,"turns":3},{"damage":36,"enemies":"Reptomancer","floor":42,"turns":4},{"damage":6,"enemies":"4 Shapes","floor":46,"turns":2},{"damage":6,"enemies":"Jaw Worm Horde","floor":48,"turns":1},{"damage":76,"enemies":"Donu and Deca","floor":50,"turns":6},{"damage":6,"enemies":"Shield and Spear","floor":54,"turns":2},{"damage":101,"enemies":"The Heart","floor":55,"turns":3}],"seed_played":"-1728473632969489988","potions_obtained":[{"floor":7,"key":"Ancient Potion"},{"floor":12,"key":"Explosive Potion"},{"floor":14,"key":"EssenceOfSteel"},{"floor":16,"key":"BloodPotion"},{"floor":25,"key":"PowerPotion"},{"floor":42,"key":"Strength Potion"}],"is_trial":false,"path_per_floor":["M","?","M","?","M","M","E","M","T","?","$","M","R","M","R","B",null,"?","?","?","T","?","E","?","?","T","?","T","E","?","?","T","B",null,"?","?","T","?","?","E","T","E","T","T","T","?","?","?","T","B",null,"T","T","E","B"],"character_chosen":"IRONCLAD","items_purchased":["Flex+1","Brimstone","Heavy Blade+1","Spot Weakness+1"],"campfire_rested":0,"item_purchase_floors":[11,21,28,53],"current_hp_per_floor":[79,79,80,85,85,85,51,46,46,46,46,44,44,48,48,21,79,82,78,78,78,62,68,68,68,68,74,74,57,57,55,55,36,93,93,96,96,70,70,65,65,42,42,42,42,53,53,53,53,14,97,97,97,97,0,0],"gold":184,"neow_bonus":"THREE_CARDS","is_daily":false,"chose_seed":false,"campfire_upgraded":6,"win_rate":0.0,"timestamp":1613234796,"path_taken":["M","?","?","?","M","M","E","M","T","?","?","M","R","M","R","BOSS","?","?","?","T","?","E","?","?","T","?","T","E","?","?","T","BOSS","?","?","T","?","?","E","T","E","T","T","T","?","?","?","T","BOSS","T","T","E","BOSS"],"items_purchased_type":["Card","Relic","Card","Card"],"build_version":"2020-12-22","purchased_purges":4,"victory":false,"max_hp_per_floor":[80,80,80,85,85,85,85,85,85,79,79,79,79,79,79,79,79,82,85,85,85,90,90,90,90,90,90,90,90,90,90,90,93,93,93,96,96,96,91,91,91,91,91,91,91,94,94,94,94,97,97,97,97,97,97,97],"card_choices":[{"not_picked":["Headbutt","Body Slam"],"picked":"Clash","floor":0},{"not_picked":["Armaments","Replay:Undeath\u0027s Touch"],"picked":"Flex","floor":1},{"not_picked":["Body Slam","Carnage"],"picked":"Ghostly Armor","floor":3},{"not_picked":["Wild Strike","Perfected Strike"],"picked":"Pommel Strike","floor":5},{"not_picked":["Ghostly Armor","Flex"],"picked":"Massacre","floor":6},{"not_picked":["Carnage","Second Wind+1"],"picked":"True Grit+1","floor":7},{"not_picked":["ReplayTheSpireMod:Strike From Hell","Evolve","Anger"],"picked":"SKIP","floor":8},{"not_picked":["Flex+1","Hemokinesis"],"picked":"Pummel","floor":12},{"not_picked":["True Grit+1","Wild Strike","Reckless Charge"],"picked":"SKIP","floor":14},{"not_picked":["Fiend Fire","Brutality"],"picked":"Feed","floor":16},{"not_picked":["Evolve","Combust","Carnage"],"picked":"SKIP","floor":18},{"not_picked":["Wild Strike","Carnage","ReplayTheSpireMod:LeadingStrike"],"picked":"SKIP","floor":19},{"not_picked":["Anger","Uppercut"],"picked":"Shrug It Off+1","floor":23},{"not_picked":["Flex+1","Abandon+1"],"picked":"Perfected Strike","floor":24},{"not_picked":["Clothesline","Anger","Headbutt"],"picked":"SKIP","floor":24},{"not_picked":["Headbutt+1","Warcry+1"],"picked":"Offering+1","floor":27},{"not_picked":["Replay:Undeath\u0027s Touch+1","Hemokinesis","Blood for Blood"],"picked":"SKIP","floor":27},{"not_picked":["Warcry+1","Pommel Strike+1"],"picked":"Heavy Blade","floor":29},{"not_picked":["Havoc+1","Wild Strike+1","Clash"],"picked":"SKIP","floor":31},{"not_picked":["Hemokinesis","Iron Wave","Clash"],"picked":"SKIP","floor":31},{"not_picked":["Brutality","Demonic Infusion+1"],"picked":"Reaper","floor":33},{"not_picked":["Clash","Perfected Strike","Ghostly Armor+1"],"picked":"SKIP","floor":35},{"not_picked":["Perfected Strike+1","Sever Soul+1","Pommel Strike"],"picked":"SKIP","floor":35},{"not_picked":["Anger","Flex+1"],"picked":"Shrug It Off+1","floor":36},{"not_picked":["Dropkick+1","Twin Strike","Blood for Blood"],"picked":"SKIP","floor":36},{"not_picked":["Pommel Strike","Uppercut","Iron Wave+1"],"picked":"SKIP","floor":38},{"not_picked":["Searing Blow","Body Slam","Shrug It Off+1"],"picked":"SKIP","floor":38},{"not_picked":["Intimidate+1","Brutality","Sword Boomerang"],"picked":"SKIP","floor":40},{"not_picked":["Warcry+1","Infernal Blade+1","Abandon+1"],"picked":"SKIP","floor":42},{"not_picked":["Headbutt+1","Clothesline+1","Clash+1"],"picked":"SKIP","floor":46},{"not_picked":["Shrug It Off+1","ReplayTheSpireMod:Corrosion Curse+1","Armaments+1"],"picked":"SKIP","floor":46},{"not_picked":["Uppercut","Clash+1","Feel No Pain+1"],"picked":"SKIP","floor":48},{"not_picked":["Anger","Sword Boomerang","Perfected Strike+1"],"picked":"SKIP","floor":48},{"not_picked":["Warcry+1","Burning Pact+1"],"picked":"Limit Break+1","floor":54}],"player_experience":201333,"relics_obtained":[{"floor":7,"key":"Toxic Egg 2"},{"floor":9,"key":"Orichalcum"},{"floor":23,"key":"Prayer Wheel"},{"floor":26,"key":"Anchor"},{"floor":29,"key":"Charon\u0027s Ashes"},{"floor":40,"key":"Mirror"},{"floor":42,"key":"Grinning Jar"},{"floor":54,"key":"Paper Frog"}],"event_choices":[{"damage_healed":0,"gold_gain":0,"player_choice":"Upgraded","damage_taken":0,"max_hp_gain":0,"max_hp_loss":0,"event_name":"Upgrade Shrine","floor":2,"gold_loss":0,"cards_upgraded":["Flex"]},{"damage_healed":0,"gold_gain":0,"player_choice":"Donut","damage_taken":0,"max_hp_gain":5,"max_hp_loss":0,"event_name":"Big Fish","floor":4,"gold_loss":0},{"damage_healed":0,"gold_gain":0,"player_choice":"Lose Max HP","damage_taken":0,"relics_obtained":["Golden Idol"],"max_hp_gain":0,"max_hp_loss":6,"event_name":"Golden Idol","floor":10,"gold_loss":0},{"damage_healed":0,"gold_gain":0,"player_choice":"Obtained Relic","damage_taken":0,"relics_obtained":["Simple Rune"],"max_hp_gain":0,"max_hp_loss":0,"event_name":"Addict","floor":20,"gold_loss":85},{"damage_healed":0,"gold_gain":0,"player_choice":"Shed Blood","damage_taken":21,"max_hp_gain":5,"max_hp_loss":0,"event_name":"Forgotten Altar","floor":22,"gold_loss":0},{"damage_healed":0,"gold_gain":0,"player_choice":"Got Potions","damage_taken":0,"max_hp_gain":0,"max_hp_loss":0,"event_name":"Lab","floor":25,"gold_loss":0},{"damage_healed":0,"gold_gain":0,"player_choice":"Read","damage_taken":0,"max_hp_gain":0,"max_hp_loss":0,"event_name":"The Library","floor":30,"gold_loss":0,"cards_obtained":["Sword Boomerang"]},{"damage_healed":0,"gold_gain":0,"player_choice":"Max HP","damage_taken":0,"max_hp_gain":0,"max_hp_loss":5,"event_name":"Winding Halls","floor":39,"gold_loss":0},{"damage_healed":0,"gold_gain":0,"player_choice":"Copied","damage_taken":0,"max_hp_gain":0,"max_hp_loss":0,"event_name":"Duplicator","floor":47,"gold_loss":0,"cards_obtained":["Offering"]}],"is_beta":false,"boss_relics":[{"not_picked":["Tiny House","Empty Cage"],"picked":"Painkiller Herb"},{"not_picked":["Replay:Drink Me","Replay:Wanted Poster"],"picked":"SlaversCollar"}],"items_purged_floors":[11,28,37,44],"is_endless":false,"potions_floor_spawned":[7,12,14,16,23,27,33,35,38,42,46],"killed_by":"The Heart","ascension_level":4}}