{"host":"cjhtzh7tp54jdfyv","time":1613210806,"event":{"mods":["AchievementEnabler","BaseMod","Colored Map","Colored Powertips","Curses Come First","DeckTracker","Minty Spire (QoL Compilation)","RNG Fix","Relic Sorter","Relic Stats","StSLib","UnlockEverythingMod","ojb\u0027s Better Paths Mod","ojb\u0027s Info Mod"],"gold_per_floor":[116,116,140,155,155,155,195,195,195,210,233,233,233],"floor_reached":12,"language":"ENG","playtime":494,"items_purged":[],"score":210,"play_id":"0bc674fd-afb4-44e1-ad87-108aefc49b22","local_time":"20210213050646","is_ascension_mode":true,"campfire_choices":[{"floor":6,"key":"REST"},{"data":"Combust","floor":8,"key":"SMITH"}],"circlet_count":0,"master_deck":["AscendersBane","Strike_R","Strike_R","Strike_R","Strike_R","Defend_R","Defend_R","Defend_R","Defend_R","Bash","Brutality","Combust+1","Cleave","Feel No Pain","Blood for Blood","Anger","Rage"],"relics":["Burning Blood","Golden Idol","Bag of Marbles","Ornamental Fan"],"acts_visited":["Exordium"],"potions_floor_usage":[7,11,12],"damage_taken":[{"damage":10,"enemies":"Cultist","floor":1,"turns":4},{"damage":28,"enemies":"Jaw Worm","floor":3,"turns":4},{"damage":10,"enemies":"2 Louse","floor":4,"turns":2},{"damage":7,"enemies":"3 Sentries","floor":7,"turns":6},{"damage":7,"enemies":"2 Fungi Beasts","floor":10,"turns":3},{"damage":7,"enemies":"Gremlin Gang","floor":11,"turns":2},{"damage":30,"enemies":"Gremlin Nob","floor":12,"turns":3}],"seed_played":"-5313037233308689358","potions_obtained":[{"floor":3,"key":"SkillPotion"},{"floor":7,"key":"DistilledChaos"},{"floor":10,"key":"Explosive Potion"}],"is_trial":false,"path_per_floor":["M","?","M","M","?","R","E","R","T","M","M","E"],"character_chosen":"IRONCLAD","items_purchased":[],"campfire_rested":1,"item_purchase_floors":[],"current_hp_per_floor":[46,46,24,20,13,33,32,32,32,31,30,0,0],"gold":233,"neow_bonus":"THREE_RARE_CARDS","is_daily":false,"chose_seed":false,"campfire_upgraded":1,"win_rate":0.0,"timestamp":1613210806,"path_taken":["M","?","M","M","?","R","E","R","T","M","?","E"],"items_purchased_type":[],"build_version":"2020-12-22","purchased_purges":0,"victory":false,"max_hp_per_floor":[75,68,68,68,68,68,68,68,68,68,68,68,68],"relic_stats":{"counters":[7,24],"Golden Idol":24,"Ornamental Fan":[4],"obtain_stats":[{"Golden Idol":2,"Ornamental Fan":9,"Bag of Marbles":7,"Burning Blood":0},{"Golden Idol":1,"Ornamental Fan":4,"Bag of Marbles":4,"Burning Blood":0},{"Golden Idol":4,"Ornamental Fan":16,"Bag of Marbles":16,"Burning Blood":0}],"Burning Blood":36},"card_choices":[{"not_picked":["Demon Form","Limit Break"],"picked":"Brutality","floor":0},{"not_picked":["Headbutt","Havoc"],"picked":"Combust","floor":1},{"not_picked":["Perfected Strike","Pummel"],"picked":"Cleave","floor":3},{"not_picked":["Searing Blow","True Grit"],"picked":"Feel No Pain","floor":4},{"not_picked":["Clash","Havoc"],"picked":"Blood for Blood","floor":7},{"not_picked":["Seeing Red","Second Wind"],"picked":"Anger","floor":10},{"not_picked":["Body Slam","Clash"],"picked":"Rage","floor":11}],"player_experience":4599342,"relics_obtained":[{"floor":7,"key":"Bag of Marbles"},{"floor":9,"key":"Ornamental Fan"}],"event_choices":[{"damage_healed":0,"gold_gain":0,"player_choice":"Lose Max HP","damage_taken":0,"relics_obtained":["Golden Idol"],"max_hp_gain":0,"max_hp_loss":7,"event_name":"Golden Idol","floor":2,"gold_loss":0},{"cards_removed":["Strike_R"],"damage_healed":0,"gold_gain":0,"player_choice":"Card Removal","damage_taken":7,"max_hp_gain":0,"max_hp_loss":0,"event_name":"Golden Wing","floor":5,"gold_loss":0}],"is_beta":false,"boss_relics":[],"items_purged_floors":[],"is_endless":false,"potions_floor_spawned":[3,7,10],"killed_by":"Gremlin Nob","ascension_level":20}}