{"host":"tia00321x3ndnwo4","time":1613195372,"event":{"mods":["2.2 Compatiblity","BaseMod","Bestiary","Colored Map","Colored Powertips","Curses Come First","Downfall","Highlight Path","Minty Spire (QoL Compilation)","Relic Stats","Slay the Relics Exporter","StSLib","SuperFastMode"],"gold_per_floor":[99,117,135,153,164,164,188,204,204,45,45,62,62,77,97,97,97,97],"floor_reached":16,"language":"ENG","playtime":627,"items_purged":[],"score":96,"play_id":"0994938f-8558-4c5b-8ca1-579daf7d42d9","local_time":"20210212214932","is_ascension_mode":false,"campfire_choices":[{"data":"bronze:Goto","floor":1,"key":"SMITH"},{"data":"bronze:Repair","floor":6,"key":"SMITH"},{"data":"bronze:ClassDefault","floor":11,"key":"SMITH"}],"circlet_count":0,"master_deck":["bronze:Strike","bronze:Strike","bronze:Strike","bronze:Strike","bronze:Defend","bronze:Defend","bronze:Defend","bronze:Defend","bronze:Replicate","bronze:Goto+1","bronze:FineTuning","bronze:WhirlingStrike","bronze:Repair+1","bronze:BuggyMess","bronze:BuggyMess","bronze:Boost","bronze:Flail","bronze:ClassDefault+1","bronze:DelayedSlice","bronze:Iterate","bronze:Repulsor"],"relics":["bronze:BronzeCore","Bag of Marbles","bronze:BottledCode"],"acts_visited":["Exordium"],"potions_floor_usage":[5,8],"damage_taken":[{"damage":0,"enemies":"Cultist","floor":2,"turns":4},{"damage":0,"enemies":"Small Slimes","floor":3,"turns":4},{"damage":2,"enemies":"2 Louse","floor":4,"turns":3},{"damage":13,"enemies":"Exordium Wildlife","floor":5,"turns":3},{"damage":14,"enemies":"Exordium Thugs","floor":8,"turns":4},{"damage":0,"enemies":"downfall:FleeingMerchant","floor":10,"turns":4},{"damage":0,"enemies":"Blue Slaver","floor":12,"turns":2},{"damage":0,"enemies":"3 Louse","floor":14,"turns":1},{"damage":7,"enemies":"Large Slime","floor":15,"turns":4},{"damage":78,"enemies":"IC_STATUS_ARCHETYPE","floor":16,"turns":10}],"seed_played":"-1767247778268146458","potions_obtained":[{"floor":2,"key":"Explosive Potion"},{"floor":3,"key":"SkillPotion"}],"is_trial":false,"path_per_floor":["R","M","M","M","M","R","T","M","?","$","R","M","?","M","M","B"],"character_chosen":"THE_AUTOMATON","items_purchased":["bronze:Flail","bronze:ClassDefault"],"campfire_rested":0,"item_purchase_floors":[10,10],"current_hp_per_floor":[77,77,77,75,70,70,70,63,63,67,67,67,67,67,60,0,0,0],"gold":97,"neow_bonus":"TEN_PERCENT_HP_BONUS","is_daily":false,"chose_seed":false,"campfire_upgraded":3,"win_rate":0.0,"timestamp":1613195372,"path_taken":["R","M","M","?","M","R","T","M","?","$","R","M","?","M","M","BOSS"],"items_purchased_type":["Card","Card"],"build_version":"2020-12-22","purchased_purges":0,"victory":false,"max_hp_per_floor":[77,77,77,77,77,77,77,77,67,67,67,67,67,67,67,67,67,67],"relic_stats":{"counters":[10,39],"obtain_stats":[{"bronze:BottledCode":9,"bronze:BronzeCore":0,"Bag of Marbles":7},{"bronze:BottledCode":5,"bronze:BronzeCore":0,"Bag of Marbles":4},{"bronze:BottledCode":18,"bronze:BronzeCore":0,"Bag of Marbles":14}]},"card_choices":[{"not_picked":["bronze:Repair","bronze:Return"],"picked":"bronze:FineTuning","floor":2},{"not_picked":["bronze:WildBeam","bronze:FineTuning"],"picked":"bronze:WhirlingStrike","floor":3},{"not_picked":["bronze:Turbo","bronze:Optimize"],"picked":"bronze:Repair","floor":4},{"not_picked":["bronze:Optimize","bronze:ForceShield"],"picked":"bronze:BuggyMess","floor":5},{"not_picked":["bronze:ForceShield","bronze:Turbo"],"picked":"bronze:BuggyMess","floor":8},{"not_picked":["bronze:FineTuning","bronze:Assembly"],"picked":"bronze:Boost","floor":10},{"not_picked":["bronze:Invalidate","bronze:Overheat"],"picked":"bronze:DelayedSlice","floor":12},{"not_picked":["bronze:HardenedForm","bronze:WhirlingStrike"],"picked":"bronze:Iterate","floor":14},{"not_picked":["bronze:BitShift","bronze:Allocate"],"picked":"bronze:Repulsor","floor":15}],"player_experience":192389,"relics_obtained":[{"floor":7,"key":"Bag of Marbles"}],"event_choices":[],"is_beta":false,"boss_relics":[],"items_purged_floors":[],"is_endless":false,"potions_floor_spawned":[2,3],"killed_by":"IC_STATUS_ARCHETYPE","ascension_level":0}}