{"host":"178rghtqlvp3zue2","time":1613223276,"event":{"mods":["2.2 Compatiblity","AchievementEnabler","BaseMod","DeckTracker","Minty Spire (QoL Compilation)","Quick Restart","SuperFastMode"],"gold_per_floor":[119,71,146,71,87,122,297,297,297,49,64,99,99,99,99,203,203,213,229,328,348,348,348,348,348,348],"floor_reached":25,"language":"KOR","playtime":802,"items_purged":["Strike_B","Doubt"],"score":257,"play_id":"2f2e9a5b-92b8-481a-a89a-a19e3e91e309","local_time":"20210213223436","is_ascension_mode":true,"campfire_choices":[{"data":"Dualcast","floor":8,"key":"SMITH"},{"data":"Barrage","floor":15,"key":"SMITH"},{"floor":23,"key":"REST"}],"circlet_count":0,"master_deck":["Strike_B","Strike_B","Strike_B","Defend_B","Defend_B","Defend_B","Defend_B","Zap","Dualcast+1","Coolheaded","Barrage+1","Self Repair","Aggregate","Capacitor","Glacier","Coolheaded","Amplify","Electrodynamics","Redo"],"relics":["Cracked Core","NeowsBlessing","Happy Flower","Matryoshka","Orrery","Omamori","SacredBark"],"acts_visited":["Exordium","TheCity"],"potions_floor_usage":[12,24],"damage_taken":[{"damage":0,"enemies":"Small Slimes","floor":1,"turns":1},{"damage":0,"enemies":"Jaw Worm","floor":5,"turns":1},{"damage":0,"enemies":"3 Sentries","floor":6,"turns":1},{"damage":8,"enemies":"2 Louse","floor":11,"turns":3},{"damage":11,"enemies":"Gremlin Nob","floor":12,"turns":6},{"damage":23,"enemies":"The Guardian","floor":16,"turns":12},{"damage":33,"enemies":"Chosen","floor":18,"turns":7},{"damage":21,"enemies":"Spheric Guardian","floor":19,"turns":4},{"damage":15,"enemies":"Snecko","floor":21,"turns":9},{"damage":0,"enemies":"Snake Plant","floor":24,"turns":1},{"damage":55,"enemies":"Slavers","floor":25,"turns":3}],"seed_played":"-1610568205055393053","potions_obtained":[{"floor":1,"key":"Weak Potion"},{"floor":11,"key":"SmokeBomb"},{"floor":16,"key":"GamblersBrew"},{"floor":19,"key":"DuplicationPotion"}],"is_trial":false,"path_per_floor":["M","$","?","$","M","E","?","R","T","$","M","E","?","$","R","B",null,"M","M","?","M","?","R","M","E"],"character_chosen":"DEFECT","items_purchased":["Coolheaded","Orrery"],"campfire_rested":1,"item_purchase_floors":[2,10],"current_hp_per_floor":[75,75,64,64,64,64,64,64,64,64,63,59,64,64,64,48,80,54,33,33,25,25,49,49,0,0],"gold":348,"neow_bonus":"THREE_ENEMY_KILL","is_daily":false,"chose_seed":false,"campfire_upgraded":2,"win_rate":0.0,"timestamp":1613223276,"path_taken":["M","$","?","$","M","E","?","R","T","?","M","E","?","?","R","BOSS","M","M","?","M","?","R","M","E"],"items_purchased_type":["Card","Relic"],"build_version":"2020-12-22","purchased_purges":2,"victory":false,"max_hp_per_floor":[75,75,75,75,75,75,75,75,75,75,75,75,80,80,80,80,80,80,80,80,80,80,80,80,80,80],"card_choices":[{"not_picked":["Gash","Rebound","Go for the Eyes"],"picked":"SKIP","floor":1},{"not_picked":["Beam Cell","Leap"],"picked":"Barrage","floor":5},{"not_picked":["White Noise","Rebound"],"picked":"Self Repair","floor":6},{"not_picked":["Redo","Hologram"],"picked":"Aggregate","floor":10},{"not_picked":["Go for the Eyes","Gash"],"picked":"Capacitor","floor":10},{"not_picked":["Hologram","Stack"],"picked":"Glacier","floor":10},{"not_picked":["Compile Driver","Fission"],"picked":"Coolheaded","floor":10},{"not_picked":["Melter","Coolheaded","Stack"],"picked":"SKIP","floor":11},{"not_picked":["Ball Lightning","White Noise"],"picked":"Amplify","floor":12},{"not_picked":["Rainbow","Machine Learning"],"picked":"Electrodynamics","floor":16},{"not_picked":["Coolheaded","Hologram"],"picked":"Redo","floor":18},{"not_picked":["Go for the Eyes","Compile Driver","Tempest"],"picked":"SKIP","floor":19},{"not_picked":["Hologram","Darkness","FTL"],"picked":"SKIP","floor":21}],"player_experience":261617,"relics_obtained":[{"floor":6,"key":"Happy Flower"},{"floor":9,"key":"Matryoshka"},{"floor":12,"key":"Omamori"}],"event_choices":[{"damage_healed":0,"gold_gain":75,"player_choice":"Gather Gold","damage_taken":11,"max_hp_gain":0,"max_hp_loss":0,"event_name":"World of Goop","floor":3,"gold_loss":0},{"damage_healed":0,"gold_gain":175,"player_choice":"AGREE","damage_taken":0,"max_hp_gain":0,"max_hp_loss":0,"event_name":"Liars Game","floor":7,"gold_loss":0,"cards_obtained":["Doubt"]},{"damage_healed":0,"gold_gain":0,"player_choice":"Donut","damage_taken":0,"max_hp_gain":5,"max_hp_loss":0,"event_name":"Big Fish","floor":13,"gold_loss":0},{"damage_healed":0,"gold_gain":99,"player_choice":"Stole From Cult","damage_taken":0,"max_hp_gain":0,"max_hp_loss":0,"event_name":"Nest","floor":20,"gold_loss":0},{"damage_healed":0,"gold_gain":0,"player_choice":"Ignored","damage_taken":0,"max_hp_gain":0,"max_hp_loss":0,"event_name":"Ghosts","floor":22,"gold_loss":0}],"is_beta":false,"boss_relics":[{"not_picked":["Runic Pyramid","Runic Dome"],"picked":"SacredBark"}],"items_purged_floors":[4,10],"is_endless":false,"potions_floor_spawned":[1,11,16,19,21],"killed_by":"Slavers","ascension_level":2}}