{"host":"szp1d6dso4pv7ddl","time":1613237069,"event":{"mods":["AchievementEnabler","Alarm Clock","BaseMod","Bestiary","Block Reminder","Colored Map","Colored Powertips","Curses Come First","Dark Map","Displayed Cursed Tome","Highlight Path","Minty Spire (QoL Compilation)","Permanent Neow","Quick Restart","Relic Sorter","Relic Stats","StSLib","Synergy Search"],"gold_per_floor":[99,99,99,99,99,99,99,99,99,99,99],"floor_reached":10,"language":"ENG","playtime":1118,"items_purged":[],"score":140,"play_id":"6ada5d1a-a2a0-4fa4-8029-8b65f03ce634","local_time":"20210213092429","is_ascension_mode":true,"campfire_choices":[{"data":"Dagger Spray","floor":6.0,"key":"SMITH"},{"floor":8.0,"key":"REST"}],"circlet_count":0,"master_deck":["AscendersBane","Strike_G","Strike_G","Strike_G","Strike_G","Strike_G","Defend_G","Defend_G","Defend_G","Defend_G","Defend_G","Survivor","Neutralize","Sucker Punch","Blade Dance","Dagger Spray+1","Blur","Corpse Explosion","Envenom"],"relics":["Ectoplasm","The Specimen","Tingsha"],"acts_visited":["Exordium"],"potions_floor_usage":[],"damage_taken":[{"damage":0.0,"enemies":"Small Slimes","floor":1.0,"turns":5.0},{"damage":0.0,"enemies":"Cultist","floor":2.0,"turns":4.0},{"damage":3.0,"enemies":"2 Louse","floor":3.0,"turns":3.0},{"damage":12.0,"enemies":"Gremlin Gang","floor":4.0,"turns":4.0},{"damage":7.0,"enemies":"3 Louse","floor":5.0,"turns":4.0},{"damage":12.0,"enemies":"Lagavulin","floor":7.0,"turns":7.0},{"damage":49,"enemies":"Gremlin Nob","floor":10,"turns":4}],"seed_played":"-2761442291627496496","potions_obtained":[{"floor":2.0,"key":"Weak Potion"},{"floor":5.0,"key":"SneckoOil"}],"is_trial":false,"path_per_floor":["M","M","M","M","M","R","E","R","T","E"],"character_chosen":"THE_SILENT","items_purchased":[],"campfire_rested":1,"item_purchase_floors":[],"current_hp_per_floor":[59,59,56,44,37,37,25,44,44,0,0],"gold":99,"neow_bonus":"BOSS_RELIC","is_daily":false,"chose_seed":false,"campfire_upgraded":1,"win_rate":0.0,"timestamp":1613237069,"path_taken":["M","M","M","M","M","R","E","R","T","E"],"items_purchased_type":[],"build_version":"2020-12-22","purchased_purges":0,"victory":false,"max_hp_per_floor":[66,66,66,66,66,66,66,66,66,66,66],"relic_stats":{"counters":[7,31],"Tingsha":[3],"Ectoplasm":105,"obtain_stats":[{"The Specimen":7,"Tingsha":9,"Ectoplasm":0,"Ring of the Snake":0},{"The Specimen":6,"Tingsha":6,"Ectoplasm":0,"Ring of the Snake":0},{"The Specimen":27,"Tingsha":27,"Ectoplasm":0,"Ring of the Snake":0}]},"card_choices":[{"not_picked":["PiercingWail","Underhanded Strike"],"picked":"Sucker Punch","floor":1.0},{"not_picked":["Deflect","Outmaneuver"],"picked":"Blade Dance","floor":2.0},{"not_picked":["Bane","Deadly Poison"],"picked":"Dagger Spray","floor":3.0},{"not_picked":["Riddle With Holes","Quick Slash"],"picked":"Blur","floor":4.0},{"not_picked":["Predator","Prepared"],"picked":"Corpse Explosion","floor":5.0},{"not_picked":["Storm of Steel","Bane"],"picked":"Envenom","floor":7.0}],"player_experience":1560588,"relics_obtained":[{"floor":7.0,"key":"The Specimen"},{"floor":9.0,"key":"Tingsha"}],"event_choices":[],"is_beta":false,"boss_relics":[],"items_purged_floors":[],"is_endless":false,"potions_floor_spawned":[2,5],"killed_by":"Gremlin Nob","ascension_level":20}}