{"host":"qp7xs8nuzfsyommi","time":1613227458,"event":{"mods":["2.2 Compatiblity","BaseMod","Colored Powertips","DeckTracker","Highlight Path","Minty Spire (QoL Compilation)","Permanent Neow","Quick Restart","StSLib"],"gold_per_floor":[20,40,40,55,20,53,53,71,71,71,96,110,128,128,128],"floor_reached":14,"language":"ENG","playtime":473,"items_purged":[],"score":188,"play_id":"95c95e86-ceda-418d-b0de-2f86897769b6","local_time":"20210213094418","is_ascension_mode":true,"campfire_choices":[{"floor":7,"key":"REST"}],"circlet_count":0,"master_deck":["AscendersBane","Strike_B","Strike_B","Strike_B","Strike_B","Defend_B","Defend_B","Defend_B","Defend_B","Zap","Dualcast","Electrodynamics","Ball Lightning","Genetic Algorithm","Recycle","Reinforced Body","BootSequence","Turbo","Storm"],"relics":["Cracked Core","Golden Idol","Omamori","PreservedInsect"],"acts_visited":["Exordium"],"potions_floor_usage":[14],"damage_taken":[{"damage":1,"enemies":"Cultist","floor":1,"turns":3},{"damage":2,"enemies":"Jaw Worm","floor":2,"turns":2},{"damage":0,"enemies":"Small Slimes","floor":4,"turns":2},{"damage":51,"enemies":"Lagavulin","floor":6,"turns":7},{"damage":8,"enemies":"3 Louse","floor":8,"turns":4},{"damage":5,"enemies":"Exordium Thugs","floor":11,"turns":4},{"damage":16,"enemies":"Exordium Wildlife","floor":12,"turns":4},{"damage":0,"enemies":"Red Slaver","floor":13,"turns":3},{"damage":41,"enemies":"Gremlin Nob","floor":14,"turns":3}],"seed_played":"-554055546840281428","potions_obtained":[{"floor":2,"key":"EssenceOfSteel"},{"floor":6,"key":"SkillPotion"}],"is_trial":false,"path_per_floor":["M","M","?","M","?","E","R","M","T","?","M","M","M","E"],"character_chosen":"DEFECT","items_purchased":[],"campfire_rested":1,"item_purchase_floors":[],"current_hp_per_floor":[63,61,37,37,54,3,24,16,16,39,34,18,18,0,0],"gold":128,"neow_bonus":"THREE_RARE_CARDS","is_daily":false,"chose_seed":false,"campfire_upgraded":0,"win_rate":0.0,"timestamp":1613227458,"path_taken":["M","M","?","M","?","E","R","M","T","?","M","M","M","E"],"items_purchased_type":[],"build_version":"2020-12-22","purchased_purges":0,"victory":false,"max_hp_per_floor":[71,71,71,71,71,71,71,71,71,71,71,71,71,71,71],"card_choices":[{"not_picked":["Core Surge","All For One"],"picked":"Electrodynamics","floor":0},{"not_picked":["Coolheaded","Gash"],"picked":"Ball Lightning","floor":1},{"not_picked":["Cold Snap","Steam"],"picked":"Genetic Algorithm","floor":2},{"not_picked":["Compile Driver","Static Discharge"],"picked":"Recycle","floor":4},{"not_picked":["Redo","Beam Cell"],"picked":"Reinforced Body","floor":6},{"not_picked":["Hologram","Compile Driver"],"picked":"BootSequence","floor":8},{"not_picked":["Gash","Recycle"],"picked":"Turbo","floor":11},{"not_picked":["Ball Lightning","Cold Snap","Chaos"],"picked":"SKIP","floor":12},{"not_picked":["Coolheaded","Skim"],"picked":"Storm","floor":13}],"player_experience":1895032,"relics_obtained":[{"floor":6,"key":"Omamori"},{"floor":9,"key":"PreservedInsect"}],"event_choices":[{"damage_healed":0,"gold_gain":0,"player_choice":"Take Damage","damage_taken":24,"relics_obtained":["Golden Idol"],"max_hp_gain":0,"max_hp_loss":0,"event_name":"Golden Idol","floor":3,"gold_loss":0},{"damage_healed":17,"gold_gain":0,"player_choice":"Healed","damage_taken":0,"max_hp_gain":0,"max_hp_loss":0,"event_name":"The Cleric","floor":5,"gold_loss":35},{"damage_healed":23,"gold_gain":0,"player_choice":"Banana","damage_taken":0,"max_hp_gain":0,"max_hp_loss":0,"event_name":"Big Fish","floor":10,"gold_loss":0}],"is_beta":false,"boss_relics":[],"items_purged_floors":[],"is_endless":false,"potions_floor_spawned":[2,6,11,12],"killed_by":"Gremlin Nob","ascension_level":20}}