{"host":"g75gtovmj0ine2rf","time":1613192230,"event":{"mods":["2.2 Compatiblity","AchievementEnabler","Act Like it!","Arknights","Aspiration","Astrologer","Bard","BaseMod","Better Match","BetterRewards","Bossed Relics","CapriCore","Challenge The Spire","ChefMod","Clockwork Mod","Colored Map","Conspire","Elementarium","Energized Spire","Friendly Minions","Gensokyo","Halation","Hallownest","Hermit","HexUI Lib","Highlight Path","Hubris","Infinite Spire","Jedi Mod","Lobotomy","Menagerie","Minty Spire (QoL Compilation)","Puzzle Mod","Quick Restart","Rare Cards Sparkle","Relic Stats","Replay The Spire","Robot Space Explorer","Shade Mod","Shop Mod","Spicy Shops","StSLib","SuperFastMode","The Construct","The Cursed","The Dragon Tamer","The Juggle","The Jungle","The Marked","The Runesmith","The Showman","The Witch","TheBandit","TheFirefly","TheSwordswoman","TheVacant","TheVelvet","Transform Curses","Wandering Minibosses","thorton"],"gold_per_floor":[117,128,128,139,214,214,246,246,246,276,276,276,27,27,27,126,126,140,140,140],"floor_reached":19,"language":"ENG","playtime":1040,"items_purged":["conspire:Blindness","Strike_Witch"],"score":173,"play_id":"17f582a6-46d9-4566-a159-4428ff521cd9","local_time":"20210213155710","is_ascension_mode":false,"campfire_choices":[{"floor":6,"key":"REST"},{"data":"CorruptBlood","floor":8,"key":"SMITH"},{"floor":15,"key":"REST"}],"circlet_count":0,"master_deck":["Strike_Witch","Defend_Witch","Defend_Witch","Defend_Witch","Defend_Witch","Hexguard","ZombieSpit","CorruptBlood+1","CorruptBlood+1","TwistedMind","IllOmen+1","SummonRavenFamiliar","EvilEye","CurseOfTheBell","Foresight"],"relics":["BlackCat","aspiration:Nostalgia","Cracked Core","Matryoshka","ReplayTheSpireMod:CursedCoin","Replay:Accelerometer","Juzu Bracelet","Snack Pack","PreservedInsect","Hallownest:DreamNailRelic","Calling Bell","Smiling Mask","infinitespire:Magic Flask","Replay:Bottled Snecko"],"acts_visited":["Exordium","Hallownest:Greenpath"],"potions_floor_usage":[19],"damage_taken":[{"damage":1,"enemies":"Hallownest:2_MossCreeps","floor":1,"turns":6},{"damage":37,"enemies":"Hallownest:monsterHuskWarrior","floor":2,"turns":11},{"damage":4,"enemies":"Hallownest:monsterHuskGuard","floor":4,"turns":4},{"damage":8,"enemies":"Hallownest:eliteVengeflyKing","floor":7,"turns":7},{"damage":16,"enemies":"Hallownest:eliteMossKnight","floor":10,"turns":7},{"damage":21,"enemies":"Hallownest:BossBrokenVessel","floor":16,"turns":9},{"damage":30,"enemies":"Hallownest:Guard_and_Sentry","floor":18,"turns":5},{"damage":31,"enemies":"Hallownest:3_Youths","floor":19,"turns":4}],"seed_played":"-6003545503991218344","potions_obtained":[{"floor":1,"key":"LiquidMemories"},{"floor":18,"key":"Cursed Concoction"}],"is_trial":false,"path_per_floor":["M","M","T","M","$","R","E","R","T","E","?","?","$","?","R","B",null,"M","M"],"character_chosen":"WITCH","items_purchased":["ReplayTheSpireMod:CursedCoin","SummonRavenFamiliar"],"campfire_rested":2,"item_purchase_floors":[5,13],"current_hp_per_floor":[66,29,29,25,25,45,37,37,37,21,21,21,21,21,39,18,60,30,0,0],"gold":140,"neow_bonus":"NOSTALGIA","is_daily":false,"chose_seed":false,"campfire_upgraded":1,"win_rate":0.0,"timestamp":1613192230,"path_taken":["M","?","?","M","?","R","E","R","T","E","?","?","$","?","R","BOSS","M","M"],"items_purchased_type":["Relic","Card"],"build_version":"2020-12-22","purchased_purges":2,"victory":false,"max_hp_per_floor":[67,67,67,67,67,67,67,67,67,67,60,60,60,60,60,60,60,60,60,60],"relic_stats":{"counters":[8,53],"PreservedInsect":0,"Juzu Bracelet":1,"Smiling Mask":0,"obtain_stats":[{"Replay:Accelerometer":7,"aspiration:Nostalgia":0,"ReplayTheSpireMod:CursedCoin":5,"PreservedInsect":10,"Juzu Bracelet":9,"Hallownest:DreamNailRelic":14,"infinitespire:Magic Flask":17,"Smiling Mask":17,"BlackCat":0,"Calling Bell":17,"Matryoshka":3,"Snack Pack":9,"Replay:Bottled Snecko":17,"Cracked Core":0},{"Replay:Accelerometer":4,"aspiration:Nostalgia":0,"ReplayTheSpireMod:CursedCoin":3,"PreservedInsect":5,"Juzu Bracelet":4,"Hallownest:DreamNailRelic":5,"infinitespire:Magic Flask":6,"Smiling Mask":6,"BlackCat":0,"Calling Bell":6,"Matryoshka":2,"Snack Pack":4,"Replay:Bottled Snecko":6,"Cracked Core":0},{"Replay:Accelerometer":28,"aspiration:Nostalgia":0,"ReplayTheSpireMod:CursedCoin":21,"PreservedInsect":35,"Juzu Bracelet":28,"Hallownest:DreamNailRelic":35,"infinitespire:Magic Flask":44,"Smiling Mask":44,"BlackCat":0,"Calling Bell":44,"Matryoshka":17,"Snack Pack":28,"Replay:Bottled Snecko":44,"Cracked Core":0}]},"card_choices":[{"not_picked":["MercuryWand","Foresight"],"picked":"CorruptBlood","floor":1},{"not_picked":["MercuryWand","Foresight"],"picked":"CorruptBlood","floor":1},{"not_picked":["BleedOut","MercuryWand"],"picked":"TwistedMind","floor":2},{"not_picked":["WretchedNails","BoneCarving"],"picked":"IllOmen","floor":4},{"not_picked":["SkullFlask","SaltCircle","MercuryWand"],"picked":"SKIP","floor":7},{"not_picked":["KarmaDrain","MercuryWand","GhoulTouch"],"picked":"SKIP","floor":10},{"not_picked":["DoomBlade","DeliriumForm"],"picked":"EvilEye","floor":16},{"not_picked":["Harmlessness","LivingBomb"],"picked":"Foresight","floor":18}],"player_experience":1428035,"relics_obtained":[{"floor":3,"key":"Matryoshka"},{"floor":7,"key":"Replay:Accelerometer"},{"floor":9,"key":"Juzu Bracelet"},{"floor":9,"key":"Snack Pack"},{"floor":10,"key":"PreservedInsect"},{"floor":17,"key":"Smiling Mask"},{"floor":17,"key":"infinitespire:Magic Flask"},{"floor":17,"key":"Replay:Bottled Snecko"}],"event_choices":[],"is_beta":false,"boss_relics":[{"not_picked":["aspiration:BursterCore","energizedSpire:NeverEndingSparkler"],"picked":"Calling Bell"}],"items_purged_floors":[5,13],"is_endless":false,"potions_floor_spawned":[1,18],"killed_by":"Hallownest:3_Youths","ascension_level":0}}