{"host":"q393yg6r5o2yq652","time":1613248283,"event":{"mods":["BaseMod","Colored Map","Minty Spire (QoL Compilation)","Relic Stats","everything is the same but u backflip on backflip"],"gold_per_floor":[114,114,134,146,163,163,191,191,191,209,159,159,177,212,212,311,311,329,329,376,376,394,394,404,439,439,462,496,496,516,299,299,394,394,412,197,197,216,236,236,252,252,252,252,252,285,285,635,635,635,635,635,561,592,592],"floor_reached":56,"language":"ENG","playtime":3796,"items_purged":["Slice","Unload"],"score":1361,"play_id":"16a015aa-3afe-4ed2-87f3-ce763cbd2ccc","local_time":"20210213153123","is_ascension_mode":true,"campfire_choices":[{"data":"Neutralize","floor":6.0,"key":"SMITH"},{"data":"Acrobatics","floor":8,"key":"SMITH"},{"data":"Tactician","floor":12,"key":"SMITH"},{"data":"Catalyst","floor":15,"key":"SMITH"},{"data":"Adrenaline","floor":23,"key":"SMITH"},{"data":"Wraith Form v2","floor":29,"key":"SMITH"},{"data":"Apotheosis","floor":32,"key":"SMITH"},{"floor":40,"key":"DIG"},{"floor":42,"key":"DIG"},{"floor":44,"key":"DIG"},{"floor":49,"key":"RECALL"},{"floor":52,"key":"DIG"}],"circlet_count":0,"master_deck":["Survivor","Neutralize+1","Acrobatics+1","Deadly Poison","Poisoned Stab","Tactician+1","Bane","Catalyst+1","Wraith Form v2+1","Dash","Bane","Phantasmal Killer","Bullet Time","Dagger Spray","Cloak And Dagger","Adrenaline+1","Bullet Time","Predator+1","Concentrate","Cloak And Dagger","Apotheosis+1","Burst","Poisoned Stab+1","Master of Strategy","Deadly Poison+1","Dodge and Roll+1","Underhanded Strike+1","PiercingWail","Calculated Gamble"],"relics":["Ring of the Snake","CaptainsWheel","Smiling Mask","Sundial","Pocketwatch","Pandora\u0027s Box","Nunchaku","Juzu Bracelet","Centennial Puzzle","Omamori","Shovel","Runic Pyramid","Potion Belt","Mercury Hourglass","Molten Egg 2","Lantern","Old Coin","Pear","TungstenRod"],"acts_visited":["Exordium","TheCity","TheBeyond","TheEnding"],"potions_floor_usage":[16,50,54,55,55,55,55],"damage_taken":[{"damage":0.0,"enemies":"Cultist","floor":1.0,"turns":5.0},{"damage":1.0,"enemies":"Jaw Worm","floor":3.0,"turns":4.0},{"damage":0.0,"enemies":"2 Louse","floor":4.0,"turns":3.0},{"damage":6.0,"enemies":"Looter","floor":5.0,"turns":3.0},{"damage":12.0,"enemies":"Gremlin Nob","floor":7.0,"turns":4.0},{"damage":9,"enemies":"Red Slaver","floor":10,"turns":2},{"damage":0,"enemies":"Gremlin Gang","floor":13,"turns":5},{"damage":12,"enemies":"3 Sentries","floor":14,"turns":7},{"damage":9,"enemies":"The Guardian","floor":16,"turns":7},{"damage":4,"enemies":"Chosen","floor":18,"turns":2},{"damage":0,"enemies":"Shell Parasite","floor":22,"turns":2},{"damage":0,"enemies":"3 Cultists","floor":24,"turns":2},{"damage":23,"enemies":"Slavers","floor":25,"turns":2},{"damage":2,"enemies":"Book of Stabbing","floor":28,"turns":3},{"damage":0,"enemies":"Snake Plant","floor":30,"turns":2},{"damage":31,"enemies":"Champ","floor":33,"turns":6},{"damage":8,"enemies":"3 Shapes","floor":35,"turns":3},{"damage":0,"enemies":"3 Darklings","floor":38,"turns":4},{"damage":0,"enemies":"Transient","floor":39,"turns":5},{"damage":34,"enemies":"4 Shapes","floor":41,"turns":4},{"damage":4,"enemies":"Reptomancer","floor":46,"turns":3},{"damage":0,"enemies":"Mind Bloom Boss Battle","floor":48,"turns":3},{"damage":38,"enemies":"Time Eater","floor":50,"turns":6},{"damage":40,"enemies":"Shield and Spear","floor":54,"turns":6},{"damage":36,"enemies":"The Heart","floor":55,"turns":9}],"seed_played":"5241391095297657361","potions_obtained":[{"floor":1.0,"key":"BlessingOfTheForge"},{"floor":4.0,"key":"DuplicationPotion"},{"floor":5.0,"key":"Explosive Potion"},{"floor":13,"key":"LiquidMemories"},{"floor":22,"key":"Poison Potion"},{"floor":41,"key":"DuplicationPotion"},{"floor":46,"key":"Dexterity Potion"},{"floor":54,"key":"GamblersBrew"}],"is_trial":false,"path_per_floor":["M","?","M","M","M","R","E","R","T","M","?","R","M","E","R","B",null,"M","?","T","?","M","R","M","E","T","T","E","R","M","$","R","B",null,"M","$","?","M","M","R","M","R","T","R","?","E","?","?","R","B",null,"R","$","E","B",null],"character_chosen":"THE_SILENT","items_purchased":["Apotheosis","Master of Strategy","PiercingWail","ColorlessPotion"],"campfire_rested":0,"item_purchase_floors":[31,36,53,53],"current_hp_per_floor":[49,54,53,53,47,47,35,35,35,26,26,26,26,14,14,5,75,71,71,71,71,71,71,71,48,48,48,46,46,46,46,46,15,75,67,67,85,85,85,85,51,51,51,51,51,47,47,47,47,9,81,91,91,51,15],"gold":592,"neow_bonus":"ONE_RARE_RELIC","is_daily":false,"chose_seed":false,"campfire_upgraded":7,"win_rate":0.0,"timestamp":1613248283,"path_taken":["M","?","M","M","M","R","E","R","T","M","?","R","M","E","R","BOSS","M","?","?","?","M","R","M","E","T","?","E","R","M","$","R","BOSS","M","$","?","M","M","R","M","R","T","R","?","E","?","?","R","BOSS","R","$","E","BOSS"],"items_purchased_type":["Card","Card","Card","Potion"],"build_version":"2020-12-22","purchased_purges":2,"victory":true,"max_hp_per_floor":[70,75,75,75,75,75,75,75,75,75,75,75,75,75,75,75,75,75,75,75,75,75,75,75,75,75,75,75,75,75,75,75,75,75,75,75,85,85,85,85,85,85,85,85,85,85,81,81,81,81,81,91,91,91,91],"relic_stats":{"counters":[25,101],"Juzu Bracelet":1,"Smiling Mask":75,"Mercury Hourglass":[87],"Nunchaku":[17],"Centennial Puzzle":[20],"Shovel":4,"Sundial":[12],"Pandora\u0027s Box":["Corpse Explosion","Dash","Slice","Bane","Phantasmal Killer","Bullet Time","Dagger Spray","Accuracy","After Image"],"obtain_stats":[{"Potion Belt":40,"Lantern":46,"Pear":52,"Juzu Bracelet":25,"Omamori":27,"Smiling Mask":7,"Mercury Hourglass":42,"Old Coin":48,"CaptainsWheel":0,"Nunchaku":20,"Centennial Puzzle":26,"Shovel":28,"Sundial":9,"Pandora\u0027s Box":17,"Molten Egg 2":44,"TungstenRod":54,"Ring of the Snake":0,"Pocketwatch":14,"Runic Pyramid":34},{"Potion Belt":19,"Lantern":21,"Pear":23,"Juzu Bracelet":13,"Omamori":13,"Smiling Mask":5,"Mercury Hourglass":20,"Old Coin":22,"CaptainsWheel":0,"Nunchaku":10,"Centennial Puzzle":13,"Shovel":14,"Sundial":5,"Pandora\u0027s Box":9,"Molten Egg 2":20,"TungstenRod":24,"Ring of the Snake":0,"Pocketwatch":8,"Runic Pyramid":16},{"Potion Belt":71,"Lantern":78,"Pear":87,"Juzu Bracelet":48,"Omamori":48,"Smiling Mask":19,"Mercury Hourglass":75,"Old Coin":81,"CaptainsWheel":0,"Nunchaku":42,"Centennial Puzzle":48,"Shovel":51,"Sundial":19,"Pandora\u0027s Box":40,"Molten Egg 2":75,"TungstenRod":92,"Ring of the Snake":0,"Pocketwatch":33,"Runic Pyramid":59}],"TungstenRod":36,"Ring of the Snake":[50],"Pocketwatch":[15]},"card_choices":[{"not_picked":["Eviscerate","Infinite Blades"],"picked":"Acrobatics","floor":1.0},{"not_picked":["Setup","Underhanded Strike"],"picked":"Deadly Poison","floor":3.0},{"not_picked":["Poisoned Stab","Eviscerate"],"picked":"Unload","floor":4.0},{"not_picked":["Underhanded Strike","Accuracy"],"picked":"Poisoned Stab","floor":5.0},{"not_picked":["Prepared","Crippling Poison"],"picked":"Tactician","floor":7},{"not_picked":["PiercingWail","Slice"],"picked":"Bane","floor":10},{"not_picked":["Setup","Eviscerate"],"picked":"Catalyst","floor":13},{"not_picked":["Blur","Dagger Spray","Choke"],"picked":"SKIP","floor":14},{"not_picked":["Grand Finale","Tools of the Trade"],"picked":"Wraith Form v2","floor":16},{"not_picked":["Bane","Dagger Throw"],"picked":"Cloak And Dagger","floor":18},{"not_picked":["Reflex","Flying Knee","Choke"],"picked":"SKIP","floor":22},{"not_picked":["Deflect","Malaise","Sucker Punch"],"picked":"SKIP","floor":24},{"not_picked":["Quick Slash","Flying Knee"],"picked":"Predator+1","floor":25},{"not_picked":["Underhanded Strike","Dagger Throw+1"],"picked":"Concentrate","floor":28},{"not_picked":["Quick Slash","Dodge and Roll"],"picked":"Cloak And Dagger","floor":30},{"not_picked":["Phantasmal Killer","Grand Finale"],"picked":"Burst","floor":33},{"not_picked":["Predator+1","Blur"],"picked":"Poisoned Stab+1","floor":35},{"not_picked":["Terror","Slice"],"picked":"Deadly Poison+1","floor":38},{"not_picked":["Backflip+1","All Out Attack"],"picked":"Dodge and Roll+1","floor":39},{"not_picked":["Poisoned Stab+1","PiercingWail+1","Flying Knee"],"picked":"SKIP","floor":41},{"not_picked":["Deflect+1","Riddle With Holes+1","Footwork"],"picked":"SKIP","floor":46},{"not_picked":["Slice+1","Concentrate"],"picked":"Underhanded Strike+1","floor":48},{"not_picked":["Endless Agony+1","Footwork+1"],"picked":"Calculated Gamble","floor":54}],"player_experience":313922,"relics_obtained":[{"floor":7,"key":"Smiling Mask"},{"floor":9,"key":"Sundial"},{"floor":14,"key":"Pocketwatch"},{"floor":20,"key":"Nunchaku"},{"floor":25,"key":"Juzu Bracelet"},{"floor":26,"key":"Centennial Puzzle"},{"floor":27,"key":"Omamori"},{"floor":28,"key":"Shovel"},{"floor":40,"key":"Potion Belt"},{"floor":42,"key":"Mercury Hourglass"},{"floor":44,"key":"Molten Egg 2"},{"floor":46,"key":"Lantern"},{"floor":48,"key":"Old Coin"},{"floor":52,"key":"Pear"},{"floor":54,"key":"TungstenRod"}],"event_choices":[{"damage_healed":0.0,"max_hp_gain":5.0,"max_hp_loss":0.0,"gold_gain":0.0,"event_name":"Big Fish","player_choice":"Donut","floor":2.0,"gold_loss":0.0,"damage_taken":0.0},{"cards_removed":["Strike_G"],"damage_healed":0,"gold_gain":0,"player_choice":"Card Removal","damage_taken":0,"max_hp_gain":0,"max_hp_loss":0,"event_name":"The Cleric","floor":11,"gold_loss":50},{"damage_healed":0,"gold_gain":0,"cards_transformed":["After Image","Accuracy"],"player_choice":"Became Test Subject","damage_taken":0,"max_hp_gain":0,"max_hp_loss":0,"event_name":"Drug Dealer","floor":19,"gold_loss":0,"cards_obtained":["Adrenaline","Bullet Time"]},{"damage_healed":0,"gold_gain":0,"player_choice":"Ignored","damage_taken":0,"max_hp_gain":0,"max_hp_loss":0,"event_name":"Ghosts","floor":21,"gold_loss":0},{"cards_removed":["Corpse Explosion"],"damage_healed":8,"gold_gain":0,"player_choice":"Offered Rare","damage_taken":0,"max_hp_gain":10,"max_hp_loss":0,"event_name":"Bonfire Elementals","floor":37,"gold_loss":0},{"damage_healed":0,"gold_gain":0,"player_choice":"Ignored","damage_taken":0,"max_hp_gain":0,"max_hp_loss":0,"event_name":"Tomb of Lord Red Mask","floor":45,"gold_loss":0},{"damage_healed":0,"gold_gain":0,"player_choice":"Max HP","damage_taken":0,"max_hp_gain":0,"max_hp_loss":4,"event_name":"Winding Halls","floor":47,"gold_loss":0},{"damage_healed":0,"gold_gain":0,"player_choice":"Fight","damage_taken":0,"max_hp_gain":0,"max_hp_loss":0,"event_name":"MindBloom","floor":48,"gold_loss":0}],"is_beta":false,"boss_relics":[{"not_picked":["Philosopher\u0027s Stone","Calling Bell"],"picked":"Pandora\u0027s Box"},{"not_picked":["Sozu","Empty Cage"],"picked":"Runic Pyramid"}],"items_purged_floors":[31,36],"is_endless":false,"potions_floor_spawned":[1,4,5,13,22,28,33,41,46,54],"ascension_level":3}}