{"host":"52lujqhsyicpcskq","time":1613219174,"event":{"mods":["BaseMod","Colored Map","DeckTracker","Minty Spire (QoL Compilation)","Permanent Neow","StSLib","SuperFastMode","everything is the same but u backflip on backflip"],"gold_per_floor":[118,130,140,158,170,170,182,217,241,258,278,310,310,310,310,389,389,403,15,35,35,47,47,79,79,79,79,103,138,138,53,53,53,53],"floor_reached":33,"language":"KOR","playtime":964,"items_purged":[],"score":572,"play_id":"c3425edb-ab3d-4b75-b327-42f0c2eb713f","local_time":"20210213212614","is_ascension_mode":true,"campfire_choices":[{"data":"Ball Lightning","floor":6,"key":"SMITH"},{"floor":13,"key":"REST"},{"data":"Coolheaded","floor":15,"key":"SMITH"},{"data":"Rainbow","floor":23,"key":"SMITH"},{"data":"Sunder","floor":25,"key":"SMITH"},{"floor":32,"key":"REST"}],"circlet_count":0,"master_deck":["AscendersBane","Defend_B","Defend_B","Defend_B","Defend_B","Zap+1","Dualcast","Compile Driver","Cold Snap","Sunder+1","Ball Lightning","Ball Lightning+1","Barrage","Rainbow+1","Coolheaded+1","Go for the Eyes","Core Surge","Redo+1","Blizzard","Conserve Battery","Blizzard+1","Rainbow","FTL","Bite","Bite","Bite","Bite","Bite"],"relics":["Cracked Core","Cables","Centennial Puzzle","Strawberry","Snecko Eye","Eternal Feather","Bag of Marbles","Boot","Kunai","Tiny Chest","Juzu Bracelet","Mummified Hand"],"acts_visited":["Exordium","TheCity"],"potions_floor_usage":[8,12,12,33,33],"damage_taken":[{"damage":7,"enemies":"Jaw Worm","floor":1,"turns":3},{"damage":10,"enemies":"Small Slimes","floor":2,"turns":3},{"damage":0,"enemies":"Cultist","floor":3,"turns":2},{"damage":0,"enemies":"2 Fungi Beasts","floor":4,"turns":2},{"damage":0,"enemies":"Large Slime","floor":5,"turns":3},{"damage":9,"enemies":"3 Louse","floor":7,"turns":2},{"damage":15,"enemies":"3 Sentries","floor":8,"turns":5},{"damage":6,"enemies":"Looter","floor":10,"turns":2},{"damage":2,"enemies":"Exordium Wildlife","floor":11,"turns":3},{"damage":0,"enemies":"Gremlin Nob","floor":12,"turns":2},{"damage":29,"enemies":"Slime Boss","floor":16,"turns":11},{"damage":4,"enemies":"Spheric Guardian","floor":18,"turns":3},{"damage":8,"enemies":"3 Byrds","floor":20,"turns":3},{"damage":11,"enemies":"Snecko","floor":22,"turns":3},{"damage":32,"enemies":"Slavers","floor":24,"turns":4},{"damage":33,"enemies":"Book of Stabbing","floor":29,"turns":5},{"damage":48,"enemies":"Collector","floor":33,"turns":7}],"seed_played":"-3604379747355586385","potions_obtained":[{"floor":2,"key":"Strength Potion"},{"floor":5,"key":"Fire Potion"},{"floor":10,"key":"LiquidMemories"},{"floor":18,"key":"FocusPotion"},{"floor":29,"key":"CultistPotion"}],"is_trial":false,"path_per_floor":["M","M","M","M","M","R","M","E","T","M","M","E","R","?","R","B",null,"M","$","M","?","M","R","E","R","T","?","T","E","?","?","R","B"],"character_chosen":"DEFECT","items_purchased":["Eternal Feather","Bag of Marbles"],"campfire_rested":2,"item_purchase_floors":[19,19],"current_hp_per_floor":[57,47,47,47,47,47,38,23,23,17,15,22,45,71,71,42,69,65,65,57,57,46,61,29,44,44,44,44,11,11,11,42,0,0],"gold":53,"neow_bonus":"UPGRADE_CARD","is_daily":false,"chose_seed":false,"campfire_upgraded":4,"win_rate":0.0,"timestamp":1613219174,"path_taken":["M","M","M","M","M","R","M","E","T","M","M","E","R","?","R","BOSS","M","$","M","?","M","R","E","R","T","?","?","E","?","?","R","BOSS"],"items_purchased_type":["Relic","Relic"],"build_version":"2020-12-22","purchased_purges":0,"victory":false,"max_hp_per_floor":[71,71,71,71,71,71,71,71,71,71,71,78,78,78,78,78,78,78,78,78,78,78,78,78,78,78,78,78,78,54,54,54,54,54],"card_choices":[{"not_picked":["Aggregate","Steam"],"picked":"Compile Driver","floor":1},{"not_picked":["Stack","Compile Driver"],"picked":"Cold Snap","floor":2},{"not_picked":["Gash","Chill"],"picked":"Sunder","floor":3},{"not_picked":["FTL","Reboot"],"picked":"Ball Lightning","floor":4},{"not_picked":["Turbo","Steam Power"],"picked":"Ball Lightning","floor":5},{"not_picked":["Redo","Turbo"],"picked":"Barrage","floor":7},{"not_picked":["Compile Driver","Melter"],"picked":"Rainbow","floor":8},{"not_picked":["Rebound","Double Energy"],"picked":"Coolheaded","floor":10},{"not_picked":["Darkness","Hologram"],"picked":"Go for the Eyes","floor":11},{"not_picked":["Darkness","Turbo","Heatsinks"],"picked":"SKIP","floor":12},{"not_picked":["Seek","Rainbow"],"picked":"Core Surge","floor":16},{"not_picked":["Compile Driver","Heatsinks"],"picked":"Redo+1","floor":18},{"not_picked":["Steam","Redo"],"picked":"Blizzard","floor":20},{"not_picked":["White Noise","Hologram"],"picked":"Blizzard+1","floor":22},{"not_picked":["Gash","Rebound"],"picked":"Rainbow","floor":24},{"not_picked":["Turbo","Redo"],"picked":"FTL","floor":29}],"player_experience":797199,"relics_obtained":[{"floor":8,"key":"Cables"},{"floor":9,"key":"Centennial Puzzle"},{"floor":12,"key":"Strawberry"},{"floor":24,"key":"Boot"},{"floor":26,"key":"Kunai"},{"floor":28,"key":"Tiny Chest"},{"floor":29,"key":"Juzu Bracelet"}],"event_choices":[{"damage_healed":26,"gold_gain":0,"player_choice":"Banana","damage_taken":0,"max_hp_gain":0,"max_hp_loss":0,"event_name":"Big Fish","floor":14,"gold_loss":0},{"damage_healed":0,"gold_gain":0,"player_choice":"Read","damage_taken":0,"max_hp_gain":0,"max_hp_loss":0,"event_name":"The Library","floor":21,"gold_loss":0,"cards_obtained":["Conserve Battery"]},{"damage_healed":0,"gold_gain":0,"player_choice":"Ignored","damage_taken":0,"max_hp_gain":0,"max_hp_loss":0,"event_name":"Cursed Tome","floor":27,"gold_loss":0},{"damage_healed":0,"gold_gain":0,"player_choice":"Became a vampire","damage_taken":0,"max_hp_gain":0,"max_hp_loss":24,"event_name":"Vampires","floor":30,"gold_loss":0,"cards_obtained":["Bite","Bite","Bite","Bite","Bite"]},{"damage_healed":0,"gold_gain":0,"player_choice":"Obtained Relic","damage_taken":0,"relics_obtained":["Mummified Hand"],"max_hp_gain":0,"max_hp_loss":0,"event_name":"Addict","floor":31,"gold_loss":85}],"is_beta":false,"boss_relics":[{"not_picked":["Velvet Choker","Tiny House"],"picked":"Snecko Eye"}],"items_purged_floors":[],"is_endless":false,"potions_floor_spawned":[2,5,10,11,18,29],"killed_by":"Collector","ascension_level":14}}