{"host":"zsnmfqgcm92hlreo","time":1613180966,"event":{"mods":["AchievementEnabler","BaseMod","Bestiary","Block Reminder","Colored Map","Colored Powertips","Filter the Spire","Minty Spire (QoL Compilation)","Permanent Neow","Quick Restart","Relic Stats","StSLib","Weighted Paths"],"gold_per_floor":[117,132,147,222,222,222,250,266,319,344,363,363,373,403,403,479,479,491,491,491,210,229,259,174,201,201,212,240,258,258,278,278,349,349,364,364,22,0,11,11,29,29,76,106,123,157,209,227,227,227,227],"floor_reached":50,"language":"ENG","playtime":2165,"items_purged":["Regret"],"score":1464,"play_id":"00594592-f8c1-4f2d-9ccc-b296eb5d365d","local_time":"20210212194926","is_ascension_mode":true,"campfire_choices":[{"data":"Glass Knife","floor":6.0,"key":"SMITH"},{"data":"Noxious Fumes","floor":12.0,"key":"SMITH"},{"data":"Burst","floor":15.0,"key":"SMITH"},{"data":"Catalyst","floor":32.0,"key":"SMITH"},{"data":"Adrenaline","floor":40.0,"key":"SMITH"},{"data":"Malaise","floor":42.0,"key":"SMITH"},{"floor":49,"key":"RECALL"}],"circlet_count":0,"master_deck":["AscendersBane","Survivor","Glass Knife+1","Die Die Die","Burst+1","Backflip","Catalyst+1","Phantasmal Killer","Riddle With Holes","Skewer","Backflip","All Out Attack","Dodge and Roll","Noxious Fumes+1","Backstab","Dash","Adrenaline+1","Blade Dance+1","Calculated Gamble","PiercingWail","Bouncing Flask","Blade Dance+1","Bouncing Flask","Writhe","Finisher","Malaise+1","Night Terror+1","Riddle With Holes+1","Bouncing Flask+1","Footwork","Backflip","Backflip","Doubt","Cloak And Dagger","Wraith Form v2","Terror+1"],"relics":["Pandora\u0027s Box","Ornamental Fan","Bronze Scales","Pen Nib","Eternal Feather","Cursed Key","Bag of Preparation","Snake Skull","Vajra","Toy Ornithopter","PreservedInsect","Bottled Lightning","The Specimen","Astrolabe","Kunai","Red Mask","Anchor","Pear","Thread and Needle"],"acts_visited":["Exordium","TheCity","TheBeyond"],"potions_floor_usage":[46,46],"damage_taken":[{"damage":0.0,"enemies":"2 Louse","floor":1.0,"turns":2.0},{"damage":10.0,"enemies":"Small Slimes","floor":2.0,"turns":3.0},{"damage":4.0,"enemies":"Cultist","floor":3.0,"turns":3.0},{"damage":11.0,"enemies":"Gremlin Nob","floor":7.0,"turns":3.0},{"damage":1.0,"enemies":"Red Slaver","floor":8.0,"turns":3.0},{"damage":2.0,"enemies":"3 Sentries","floor":10.0,"turns":4.0},{"damage":3.0,"enemies":"Exordium Thugs","floor":11.0,"turns":2.0},{"damage":1.0,"enemies":"Blue Slaver","floor":13.0,"turns":2.0},{"damage":0.0,"enemies":"Lagavulin","floor":14.0,"turns":3.0},{"damage":3.0,"enemies":"Slime Boss","floor":16.0,"turns":6.0},{"damage":8.0,"enemies":"Shell Parasite","floor":18.0,"turns":3.0},{"damage":0.0,"enemies":"3 Byrds","floor":22.0,"turns":3.0},{"damage":4.0,"enemies":"Slavers","floor":23.0,"turns":4.0},{"damage":0.0,"enemies":"Book of Stabbing","floor":25.0,"turns":3.0},{"damage":1.0,"enemies":"Snecko","floor":27.0,"turns":3.0},{"damage":0.0,"enemies":"Gremlin Leader","floor":28.0,"turns":3.0},{"damage":0.0,"enemies":"Snake Plant","floor":29.0,"turns":2.0},{"damage":2.0,"enemies":"Chosen and Byrds","floor":31.0,"turns":2.0},{"damage":32.0,"enemies":"Champ","floor":33.0,"turns":5.0},{"damage":6.0,"enemies":"Orb Walker","floor":35.0,"turns":2.0},{"damage":0.0,"enemies":"3 Shapes","floor":39.0,"turns":2.0},{"damage":20.0,"enemies":"Writhing Mass","floor":41.0,"turns":3.0},{"damage":6.0,"enemies":"Nemesis","floor":44.0,"turns":3.0},{"damage":8.0,"enemies":"3 Darklings","floor":45.0,"turns":5.0},{"damage":0,"enemies":"Reptomancer","floor":46,"turns":2},{"damage":8,"enemies":"2 Orb Walkers","floor":47,"turns":4},{"damage":0,"enemies":"Sphere and 2 Shapes","floor":48,"turns":3},{"damage":80,"enemies":"Awakened One","floor":50,"turns":8}],"seed_played":"5653892938487898079","potions_obtained":[{"floor":3.0,"key":"Explosive Potion"},{"floor":8.0,"key":"DuplicationPotion"},{"floor":10.0,"key":"Energy Potion"},{"floor":14.0,"key":"DistilledChaos"},{"floor":16.0,"key":"SteroidPotion"},{"floor":28.0,"key":"FearPotion"},{"floor":29.0,"key":"Block Potion"},{"floor":41.0,"key":"CunningPotion"},{"floor":46,"key":"Ancient Potion"},{"floor":47,"key":"LiquidBronze"}],"is_trial":false,"path_per_floor":["M","M","M","?","?","R","E","M","T","E","M","R","M","E","R","B",null,"M","?","T","$","M","E","?","E","T","M","E","M","?","M","R","B",null,"M","?","$","?","M","R","M","R","T","E","M","E","?","M","R","B"],"character_chosen":"THE_SILENT","items_purchased":["Snake Skull","Calculated Gamble","Kunai","Backflip"],"campfire_rested":0,"item_purchase_floors":[21,21,37,37],"current_hp_per_floor":[59,49,45,34,66,66,55,54,54,52,49,49,48,48,60,57,64,56,56,56,56,56,52,52,57,57,56,56,56,56,54,66,34,58,52,52,52,52,52,63,43,61,61,55,47,67,59,59,73,0,0],"gold":227,"neow_bonus":"BOSS_RELIC","is_daily":false,"chose_seed":false,"campfire_upgraded":6,"win_rate":0.0,"timestamp":1613180966,"path_taken":["M","M","M","?","?","R","E","M","T","E","M","R","?","E","R","BOSS","M","?","?","$","M","E","?","E","T","?","E","M","?","M","R","BOSS","M","?","$","?","M","R","M","R","T","E","M","E","?","?","R","BOSS"],"items_purchased_type":["Relic","Card","Relic","Card"],"build_version":"2020-12-22","purchased_purges":1,"victory":false,"max_hp_per_floor":[66,66,66,66,66,66,66,66,66,66,66,66,66,66,66,66,66,66,66,66,66,66,66,66,66,66,66,66,66,66,66,66,66,66,66,63,63,63,63,63,63,63,63,63,63,73,73,73,73,73,73],"relic_stats":{"counters":[28,91],"Astrolabe":["Night Terror","Riddle With Holes","Bouncing Flask"],"Eternal Feather":67,"Pen Nib":[23],"Snake Skull":[74],"PreservedInsect":169,"Bag of Preparation":[34],"Cursed Key":2,"Ornamental Fan":[212],"Bronze Scales":[166],"Pandora\u0027s Box":["Prepared","Glass Knife","Die Die Die","Burst","Backflip","Reflex","Catalyst","Phantasmal Killer","Reflex","Riddle With Holes"],"Kunai":[25],"obtain_stats":[{"Pear":46,"The Specimen":30,"Astrolabe":34,"Vajra":23,"Eternal Feather":14,"Thread and Needle":47,"Pen Nib":10,"Snake Skull":21,"PreservedInsect":25,"Bag of Preparation":20,"Cursed Key":17,"Anchor":44,"Ornamental Fan":7,"Bronze Scales":9,"Pandora\u0027s Box":0,"Red Mask":38,"Bottled Lightning":28,"Kunai":37,"Toy Ornithopter":24,"Ring of the Snake":0},{"Pear":25,"The Specimen":17,"Astrolabe":19,"Vajra":13,"Eternal Feather":9,"Thread and Needle":26,"Pen Nib":6,"Snake Skull":11,"PreservedInsect":14,"Bag of Preparation":11,"Cursed Key":10,"Anchor":23,"Ornamental Fan":4,"Bronze Scales":5,"Pandora\u0027s Box":0,"Red Mask":20,"Bottled Lightning":16,"Kunai":20,"Toy Ornithopter":13,"Ring of the Snake":0},{"Pear":76,"The Specimen":52,"Astrolabe":59,"Vajra":41,"Eternal Feather":25,"Thread and Needle":80,"Pen Nib":18,"Snake Skull":34,"PreservedInsect":44,"Bag of Preparation":34,"Cursed Key":31,"Anchor":69,"Ornamental Fan":11,"Bronze Scales":14,"Pandora\u0027s Box":0,"Red Mask":61,"Bottled Lightning":50,"Kunai":61,"Toy Ornithopter":41,"Ring of the Snake":0}],"Toy Ornithopter":15},"card_choices":[{"not_picked":["Poisoned Stab","Dagger Spray"],"picked":"Deflect","floor":1.0},{"not_picked":["Deadly Poison","Well Laid Plans"],"picked":"Skewer","floor":2.0},{"not_picked":["Flying Knee","Eviscerate"],"picked":"Backflip","floor":3.0},{"not_picked":["Sucker Punch","Terror"],"picked":"All Out Attack","floor":7.0},{"not_picked":["Deflect","Outmaneuver"],"picked":"Dodge and Roll","floor":8.0},{"not_picked":["Backstab","Tactician"],"picked":"Noxious Fumes","floor":10.0},{"not_picked":["Grand Finale","Tactician","All Out Attack"],"picked":"SKIP","floor":11.0},{"not_picked":["Underhanded Strike","Terror"],"picked":"Backstab","floor":13.0},{"not_picked":["Dagger Spray","Heel Hook"],"picked":"Dash","floor":14.0},{"not_picked":["Die Die Die","Unload"],"picked":"Adrenaline","floor":16.0},{"not_picked":["Terror","Deflect"],"picked":"Blade Dance+1","floor":18.0},{"not_picked":["Deflect","Prepared"],"picked":"PiercingWail","floor":22.0},{"not_picked":["All Out Attack","Deadly Poison"],"picked":"Bouncing Flask","floor":23.0},{"not_picked":["PiercingWail","Masterful Stab","Deflect"],"picked":"SKIP","floor":25.0},{"not_picked":["Dagger Throw","Masterful Stab"],"picked":"Blade Dance+1","floor":27.0},{"not_picked":["Predator","Acrobatics","Poisoned Stab"],"picked":"SKIP","floor":28.0},{"not_picked":["PiercingWail","Predator"],"picked":"Bouncing Flask","floor":29.0},{"not_picked":["Deflect","Setup"],"picked":"Finisher","floor":31.0},{"not_picked":["Glass Knife","Corpse Explosion"],"picked":"Malaise","floor":33.0},{"not_picked":["Flying Knee","PiercingWail"],"picked":"Footwork","floor":35.0},{"not_picked":["Dash+1","PiercingWail"],"picked":"Backflip","floor":39.0},{"not_picked":["Dagger Spray","Outmaneuver+1","Bane"],"picked":"SKIP","floor":41.0},{"not_picked":["Dagger Spray","Choke"],"picked":"Cloak And Dagger","floor":44.0},{"not_picked":["Underhanded Strike","Blade Dance"],"picked":"Wraith Form v2","floor":45.0},{"not_picked":["Heel Hook","Masterful Stab+1","Terror"],"picked":"SKIP","floor":46},{"not_picked":["Concentrate","Prepared"],"picked":"Terror+1","floor":48}],"player_experience":1105689,"relics_obtained":[{"floor":7.0,"key":"Ornamental Fan"},{"floor":9.0,"key":"Bronze Scales"},{"floor":10.0,"key":"Pen Nib"},{"floor":14.0,"key":"Eternal Feather"},{"floor":20.0,"key":"Bag of Preparation"},{"floor":23.0,"key":"Vajra"},{"floor":25.0,"key":"PreservedInsect"},{"floor":28.0,"key":"Bottled Lightning"},{"floor":44.0,"key":"Anchor"},{"floor":46,"key":"Pear"},{"floor":47,"key":"Thread and Needle"}],"event_choices":[{"damage_healed":0.0,"max_hp_gain":0.0,"max_hp_loss":0.0,"gold_gain":75.0,"event_name":"World of Goop","player_choice":"Gather Gold","floor":4.0,"gold_loss":0.0,"damage_taken":11.0},{"cards_removed":["Reflex"],"damage_healed":32.0,"max_hp_gain":0.0,"max_hp_loss":0.0,"gold_gain":0.0,"event_name":"Bonfire Elementals","player_choice":"Offered Uncommon","floor":5.0,"gold_loss":0.0,"damage_taken":0.0},{"cards_removed":["Prepared"],"damage_healed":0.0,"max_hp_gain":0.0,"max_hp_loss":0.0,"gold_gain":0.0,"event_name":"Back to Basics","player_choice":"Elegance","floor":19.0,"gold_loss":0.0,"damage_taken":0.0},{"damage_healed":0.0,"max_hp_gain":0.0,"max_hp_loss":0.0,"gold_gain":0.0,"event_name":"Addict","player_choice":"Obtained Relic","floor":24.0,"gold_loss":85.0,"damage_taken":0.0,"relics_obtained":["Toy Ornithopter"]},{"damage_healed":0.0,"max_hp_gain":0.0,"max_hp_loss":0.0,"gold_gain":0.0,"event_name":"The Mausoleum","player_choice":"Opened","floor":30.0,"gold_loss":0.0,"damage_taken":0.0,"relics_obtained":["The Specimen"],"cards_obtained":["Writhe"]},{"damage_healed":0.0,"max_hp_gain":0.0,"max_hp_loss":3.0,"gold_gain":0.0,"event_name":"Winding Halls","player_choice":"Max HP","floor":36.0,"gold_loss":0.0,"damage_taken":0.0},{"damage_healed":0.0,"max_hp_gain":0.0,"max_hp_loss":0.0,"gold_gain":0.0,"event_name":"Tomb of Lord Red Mask","player_choice":"Paid","floor":38.0,"gold_loss":22.0,"damage_taken":0.0,"relics_obtained":["Red Mask"]},{"damage_healed":0,"gold_gain":0,"player_choice":"Fight","damage_taken":0,"max_hp_gain":0,"max_hp_loss":0,"event_name":"Mysterious Sphere","floor":47,"gold_loss":0}],"is_beta":false,"boss_relics":[{"not_picked":["SacredBark","Black Star"],"picked":"Cursed Key"},{"not_picked":["SlaversCollar","Runic Dome"],"picked":"Astrolabe"}],"items_purged_floors":[21],"is_endless":false,"potions_floor_spawned":[3,8,10,14,16,28,29,31,33,41,46,47,48],"killed_by":"Awakened One","ascension_level":20}}