{"host":"ewe4oe702q4ujr6i","time":1613230876,"event":{"mods":["BaseMod","Colored Map","Colored Powertips","DeckTracker","Minty Spire (QoL Compilation)","SuperFastMode"],"gold_per_floor":[119,136,65,83,83,110,110,123,146,159,170,19,19,19,19,115,115,129,139,1,28,38,80,80,106,132,149,174,174,174,174,174,279,279,296,312,22,49,72,72,72,81,108,108,137,148,186,37,37,37],"floor_reached":51,"language":"KOR","playtime":2410,"items_purged":["Strike_B","Strike_B"],"score":830,"play_id":"6a14ab30-e78f-420b-bde8-7a2e484bf933","local_time":"20210214004116","is_ascension_mode":true,"campfire_choices":[{"data":"Dualcast","floor":13,"key":"SMITH"},{"data":"Biased Cognition","floor":15,"key":"SMITH"},{"floor":24,"key":"REST"},{"floor":32,"key":"REST"},{"data":"Seek","floor":40,"key":"SMITH"},{"data":"Secret Weapon","floor":44,"key":"SMITH"},{"data":"Biased Cognition","floor":49,"key":"SMITH"}],"circlet_count":0,"master_deck":["Strike_B","Defend_B","Defend_B","Defend_B","Defend_B","Zap+1","Dualcast+1","Ball Lightning","Chill","FTL","Biased Cognition+1","White Noise+1","Conserve Battery","Seek+1","Conserve Battery","Coolheaded+1","Electrodynamics","Coolheaded+1","Sunder","Biased Cognition+1","Glacier+1","Compile Driver","Secret Weapon+1","Conserve Battery+1","Core Surge"],"relics":["Cracked Core","Bag of Marbles","Happy Flower","Vajra","Lantern","Black Star","CeramicFish","Kunai","Mercury Hourglass","MealTicket","Omamori","Smiling Mask","Orichalcum","SacredBark","Shuriken","Anchor","Potion Belt"],"acts_visited":["Exordium","TheCity","TheBeyond"],"potions_floor_usage":[16,23,23,33,33],"damage_taken":[{"damage":1,"enemies":"Cultist","floor":1,"turns":3},{"damage":6,"enemies":"Jaw Worm","floor":2,"turns":3},{"damage":0,"enemies":"2 Louse","floor":4,"turns":2},{"damage":9,"enemies":"Gremlin Nob","floor":6,"turns":4},{"damage":6,"enemies":"Exordium Wildlife","floor":8,"turns":2},{"damage":0,"enemies":"2 Fungi Beasts","floor":10,"turns":1},{"damage":0,"enemies":"Lots of Slimes","floor":11,"turns":2},{"damage":0,"enemies":"Slime Boss","floor":16,"turns":6},{"damage":7,"enemies":"Shell Parasite","floor":18,"turns":3},{"damage":8,"enemies":"2 Thieves","floor":19,"turns":3},{"damage":2,"enemies":"Shelled Parasite and Fungi","floor":22,"turns":4},{"damage":55,"enemies":"Gremlin Leader","floor":23,"turns":6},{"damage":11,"enemies":"Book of Stabbing","floor":25,"turns":6},{"damage":0,"enemies":"Sentry and Sphere","floor":27,"turns":4},{"damage":0,"enemies":"Cultist and Chosen","floor":28,"turns":4},{"damage":28,"enemies":"Collector","floor":33,"turns":12},{"damage":7,"enemies":"3 Darklings","floor":35,"turns":2},{"damage":10,"enemies":"Orb Walker","floor":36,"turns":3},{"damage":0,"enemies":"3 Darklings","floor":38,"turns":3},{"damage":0,"enemies":"4 Shapes","floor":39,"turns":4},{"damage":7,"enemies":"Writhing Mass","floor":45,"turns":7},{"damage":0,"enemies":"3 Darklings","floor":46,"turns":2},{"damage":8,"enemies":"Reptomancer","floor":47,"turns":7},{"damage":16,"enemies":"Awakened One","floor":50,"turns":13}],"seed_played":"3824493373604776872","potions_obtained":[{"floor":4,"key":"PowerPotion"},{"floor":6,"key":"AttackPotion"},{"floor":8,"key":"FearPotion"},{"floor":18,"key":"Weak Potion"},{"floor":23,"key":"ColorlessPotion"},{"floor":28,"key":"SpeedPotion"},{"floor":35,"key":"Energy Potion"},{"floor":38,"key":"Energy Potion"},{"floor":45,"key":"Ancient Potion"}],"is_trial":false,"path_per_floor":["M","M","$","M","?","E","?","M","T","M","M","$","R","?","R","B",null,"M","M","$","T","M","E","R","E","T","M","M","?","?","?","R","B",null,"M","M","$","M","M","R","?","?","T","R","M","M","E","$","R","B",null],"character_chosen":"DEFECT","items_purchased":["FTL","Lantern","Electrodynamics","Shuriken","PowerPotion","AttackPotion"],"campfire_rested":2,"item_purchase_floors":[3,12,20,37,48,48],"current_hp_per_floor":[74,68,68,68,68,59,52,46,46,46,46,46,46,46,46,46,75,68,60,60,60,58,3,25,14,14,14,14,14,14,14,36,8,75,68,58,73,73,73,73,73,73,73,73,66,66,58,73,73,57],"gold":37,"neow_bonus":"UPGRADE_CARD","is_daily":false,"chose_seed":false,"campfire_upgraded":5,"win_rate":0.0,"timestamp":1613230876,"path_taken":["M","M","$","?","?","E","?","M","T","M","?","$","R","?","R","BOSS","M","M","?","?","M","E","R","E","T","?","M","?","?","?","R","BOSS","M","?","$","M","?","R","?","?","T","R","M","M","E","?","R","BOSS"],"items_purchased_type":["Card","Relic","Card","Relic","Potion","Potion"],"build_version":"2020-12-22","purchased_purges":2,"victory":true,"max_hp_per_floor":[75,75,75,75,75,75,75,75,75,75,75,75,75,75,75,75,75,75,75,75,75,75,75,75,75,75,75,75,75,75,75,75,75,75,75,75,75,75,75,75,75,75,75,75,75,75,75,75,75,75],"card_choices":[{"not_picked":["Go for the Eyes","Reinforced Body"],"picked":"Ball Lightning","floor":1},{"not_picked":["Leap","Rip and Tear"],"picked":"Chill","floor":2},{"not_picked":["Go for the Eyes","Beam Cell"],"picked":"Biased Cognition","floor":4},{"not_picked":["Loop","Rip and Tear"],"picked":"Sweeping Beam","floor":6},{"not_picked":["Gash","Fusion","Darkness"],"picked":"SKIP","floor":8},{"not_picked":["Ball Lightning","Leap"],"picked":"White Noise","floor":10},{"not_picked":["Sweeping Beam","Scrape"],"picked":"Conserve Battery","floor":11},{"not_picked":["Meteor Strike","All For One"],"picked":"Seek","floor":16},{"not_picked":["Turbo+1","Redo"],"picked":"Conserve Battery","floor":18},{"not_picked":["Beam Cell+1","Streamline"],"picked":"Coolheaded+1","floor":19},{"not_picked":["Steam","Beam Cell","Hello World"],"picked":"SKIP","floor":22},{"not_picked":["Redo+1","Consume"],"picked":"Coolheaded+1","floor":23},{"not_picked":["Leap","FTL","Stack"],"picked":"SKIP","floor":25},{"not_picked":["Rebound+1","Sweeping Beam","Darkness+1"],"picked":"SKIP","floor":27},{"not_picked":["Reinforced Body","Melter"],"picked":"Sunder","floor":28},{"not_picked":["All For One","Machine Learning"],"picked":"Biased Cognition","floor":33},{"not_picked":["Cold Snap","Steam+1","Go for the Eyes+1"],"picked":"SKIP","floor":35},{"not_picked":["Streamline+1","Undo+1","Redo+1"],"picked":"SKIP","floor":36},{"not_picked":["White Noise","Rebound+1"],"picked":"Glacier+1","floor":38},{"not_picked":["Sweeping Beam+1","Ball Lightning+1"],"picked":"Compile Driver","floor":39},{"not_picked":["Jack Of All Trades","Discovery"],"picked":"Secret Weapon","floor":42},{"not_picked":["Stack+1","Beam Cell"],"picked":"Conserve Battery+1","floor":45},{"not_picked":["Capacitor","Turbo","Aggregate"],"picked":"SKIP","floor":46},{"not_picked":["Coolheaded+1","Compile Driver"],"picked":"Core Surge","floor":47}],"player_experience":226112,"relics_obtained":[{"floor":6,"key":"Happy Flower"},{"floor":9,"key":"Vajra"},{"floor":21,"key":"CeramicFish"},{"floor":23,"key":"Kunai"},{"floor":23,"key":"Mercury Hourglass"},{"floor":25,"key":"MealTicket"},{"floor":25,"key":"Omamori"},{"floor":26,"key":"Smiling Mask"},{"floor":47,"key":"Anchor"},{"floor":47,"key":"Potion Belt"}],"event_choices":[{"damage_healed":0,"gold_gain":0,"player_choice":"Box","damage_taken":0,"relics_obtained":["Bag of Marbles"],"max_hp_gain":0,"max_hp_loss":0,"event_name":"Big Fish","floor":5,"gold_loss":0,"cards_obtained":["Regret"]},{"cards_removed":["Regret"],"damage_healed":0,"gold_gain":0,"player_choice":"Card Removal","damage_taken":7,"max_hp_gain":0,"max_hp_loss":0,"event_name":"Golden Wing","floor":7,"gold_loss":0},{"damage_healed":0,"gold_gain":0,"player_choice":"Upgraded","damage_taken":0,"max_hp_gain":0,"max_hp_loss":0,"event_name":"Upgrade Shrine","floor":14,"gold_loss":0,"cards_upgraded":["White Noise"]},{"damage_healed":0,"gold_gain":0,"player_choice":"Opened","damage_taken":0,"relics_obtained":["Orichalcum"],"max_hp_gain":0,"max_hp_loss":0,"event_name":"The Mausoleum","floor":29,"gold_loss":0},{"damage_healed":0,"gold_gain":0,"player_choice":"Ignored","damage_taken":0,"max_hp_gain":0,"max_hp_loss":0,"event_name":"Ghosts","floor":30,"gold_loss":0},{"cards_removed":["Strike_B"],"damage_healed":0,"gold_gain":0,"player_choice":"Purged","damage_taken":0,"max_hp_gain":0,"max_hp_loss":0,"event_name":"Purifier","floor":31,"gold_loss":0},{"cards_removed":["Sweeping Beam"],"damage_healed":0,"gold_gain":0,"player_choice":"Removed Attack","damage_taken":0,"max_hp_gain":0,"max_hp_loss":0,"event_name":"Falling","floor":41,"gold_loss":0},{"damage_healed":0,"gold_gain":0,"player_choice":"Memory 1","damage_taken":0,"max_hp_gain":0,"max_hp_loss":0,"event_name":"SensoryStone","floor":42,"gold_loss":0}],"is_beta":false,"boss_relics":[{"not_picked":["Astrolabe","Empty Cage"],"picked":"Black Star"},{"not_picked":["Sozu","Fusion Hammer"],"picked":"SacredBark"}],"items_purged_floors":[37,48],"is_endless":false,"potions_floor_spawned":[4,6,8,11,18,23,28,35,38,45],"ascension_level":1}}