{"host":"4c7m9tuvqombcnjj","time":1613201729,"event":{"mods":["Act Like it!","Aspiration","Astrologer","BaseMod","Conspire","Dota2Spire","Downfall","Gensokyo","GungeonMod","Hallownest","HololiveMod","Jedi Mod","Jorbs\u0027s Wanderer Trilogy","Koishi","KomeijiMod","Lobotomy","LobotomyExtend","Minty Spire (QoL Compilation)","MostiFishMod","Prisma Mod","Reimu（博丽灵梦）","Reliquary","Remilia（蕾米莉亚）","Replay The Spire","RumiaBox-露米娅的神秘盒子","Smile Girya","StSLib","TestMod","The Alterego","The Animator","The Bug Knight","The Construct","The Cursed","The Hierophant","The Jungle","The Runesmith","WarShipGirlsR/战舰少女R mod","Yuyuko","[IsaacMod]以撒尖塔","【功能Mod】混沌之环修复补丁","【遗物卡牌】REMEMod"],"gold_per_floor":[99,117,117,117,117,17,17,49,93,124,142,179,207,250,283,423,423,323,350,366,392,49,67,137,155,203,203,203,203,231,231,263,420,420,420,448,473,500,527,41,41,59,59,79,88,88,88],"floor_reached":45,"language":"ZHS","playtime":2752,"items_purged":[],"score":578,"play_id":"b4e72c00-2689-4967-987b-b64b35612fdd","local_time":"20210213153529","is_ascension_mode":false,"campfire_choices":[{"floor":1.0,"key":"RECALL"},{"data":"Slimebound:Split","floor":6.0,"key":"SMITH"},{"data":"Slimebound:Overexert","floor":18.0,"key":"SMITH"},{"data":"MostiFishMod:WinterMarkForm","floor":27.0,"key":"SMITH"},{"data":"Slimebound:SelfFormingGoo","floor":29.0,"key":"SMITH"},{"floor":35.0,"key":"DIG"},{"data":"Slimebound:CorrosiveSpit","floor":43,"key":"SMITH"}],"circlet_count":0,"master_deck":["Slimebound:Strike_Slimebound","Slimebound:Strike_Slimebound","Slimebound:Strike_Slimebound","Slimebound:Tackle","Slimebound:Defend_Slimebound","Slimebound:Defend_Slimebound","Slimebound:Defend_Slimebound","Slimebound:Defend_Slimebound","Slimebound:Split+1","Slimebound:CorrosiveSpit+1","MostiFishMod:FrostNova","MostiFishMod:WinterMarkForm+1","MunenMusou","Slimebound:SplitBruiser","Slimebound:LeechEnergy","Slimebound:Schlurp","Slimebound:LevelUp","Slimebound:Prepare","Slimebound:RainOfGoop","Slimebound:SpikyOuterGoop","Slimebound:SlimeTap","Slimebound:SplitLeeching","Slimebound:Repurpose","Slimebound:Repurpose","Slimebound:Overexert+1","Slimebound:Grow","Slimebound:SplitLeeching","Slimebound:RejuvenatingLick","Slimebound:TongueLash","Slimebound:SlimeSpikes","Slimebound:GoopSpray","Slimebound:SpikyOuterGoop","Slimebound:SelfFormingGoo+1","Slimebound:AcidTongue","Slimebound:LeechingTouch","Slimebound:MinionMaster","Slimebound:GoopSpray","Slimebound:LeadByExample+1","Slimebound:ViciousTackle","Slimebound:GrowthPunch+1","Slimebound:SlimeSpikes","Slimebound:RainOfGoop"],"relics":["Slimebound:AbsorbEndCombat","HushsDoor","REME_ComplimentaryCards","DaveBox","testmod-TestBox","testmod-HeartOfStrike","FrostBlade","BelialBook","downfall:HeartBlessingRed","REME_ArchaeologicalTools","Toolbox","MoneyPower","construct:WeddingRing","downfall:HeartBlessingBlue","Mirror","reliquary:PartyBalloon","aspiration:RitualStick","alterego_mod:SomeoneToFightFor","ExusiaiGun","Toolbox","Dota2Spire:Satanic","Strange Spoon","HowToJump"],"acts_visited":["Exordium","TheCity","TheBeyond"],"potions_floor_usage":[],"damage_taken":[{"damage":6.0,"enemies":"Jaw Worm","floor":2.0,"turns":2.0},{"damage":6.0,"enemies":"Replay:BlueRogue","floor":8.0,"turns":4.0},{"damage":0.0,"enemies":"Small Slimes","floor":9.0,"turns":3.0},{"damage":0.0,"enemies":"conspire:RoseBush","floor":10.0,"turns":2.0},{"damage":3.0,"enemies":"2 Fungi Beasts","floor":11.0,"turns":1.0},{"damage":6.0,"enemies":"downfall:FleeingMerchant","floor":12.0,"turns":5.0},{"damage":0.0,"enemies":"Red Slaver","floor":13.0,"turns":2.0},{"damage":3.0,"enemies":"3 Sentries","floor":14.0,"turns":3.0},{"damage":0.0,"enemies":"Blue Slaver","floor":15.0,"turns":3.0},{"damage":18.0,"enemies":"IC_STATUS_ARCHETYPE","floor":16.0,"turns":4.0},{"damage":5.0,"enemies":"3 Byrds","floor":19.0,"turns":3.0},{"damage":0.0,"enemies":"Shell Parasite","floor":20.0,"turns":3.0},{"damage":19.0,"enemies":"Snake Plant","floor":21.0,"turns":4.0},{"damage":2.0,"enemies":"Chosen and Byrds","floor":23.0,"turns":3.0},{"damage":0.0,"enemies":"Snecko","floor":25.0,"turns":2.0},{"damage":14.0,"enemies":"Gremlin Leader","floor":26.0,"turns":7.0},{"damage":6.0,"enemies":"Shelled Parasite and Fungi","floor":30.0,"turns":3.0},{"damage":2.0,"enemies":"Cultist and Chosen","floor":32.0,"turns":4.0},{"damage":6.0,"enemies":"SI_MIRROR_ARCHETYPE","floor":33.0,"turns":4.0},{"damage":0.0,"enemies":"3 Darklings","floor":36.0,"turns":2.0},{"damage":6.0,"enemies":"Orb Walker","floor":37.0,"turns":2.0},{"damage":0,"enemies":"Jaw Worm Horde","floor":38,"turns":1},{"damage":1,"enemies":"Writhing Mass","floor":39,"turns":2},{"damage":9,"enemies":"4 Shapes","floor":42,"turns":1},{"damage":0,"enemies":"Maw","floor":44,"turns":1},{"damage":22,"enemies":"Reptomancer","floor":45,"turns":3}],"seed_played":"7361625309403485405","potions_obtained":[{"floor":10.0,"key":"jedi:StrikingPotion"},{"floor":13.0,"key":"Dota2Spire:Clarity"},{"floor":16.0,"key":"Dexterity Potion"},{"floor":23.0,"key":"Fire Potion"},{"floor":33.0,"key":"jedi:tentaclejuice"}],"is_trial":false,"path_per_floor":["R","M","?","?","?","R","T","E","M","M","M","$","M","E","M","B",null,"R","M","M","M","$","M","T","M","E","R","?","R","M","?","M","B",null,"R","M","M","M","M","$","T","M","R","M","E"],"character_chosen":"SLIMEBOUND","items_purchased":["Toolbox","Slimebound:SpikyOuterGoop","Slimebound:SlimeTap","Mirror","Slimebound:TongueLash","Slimebound:SlimeSpikes","Dota2Spire:Satanic","Strange Spoon","Slimebound:SlimeSpikes"],"campfire_rested":0,"item_purchase_floors":[12,12,12,22,22,22,40,40,40],"current_hp_per_floor":[71,65,71,71,56,56,56,54,54,56,55,57,74,71,71,57,86,96,93,95,78,78,78,78,80,74,74,55,55,50,50,52,51,96,96,96,92,92,91,91,91,82,82,82,64,64,64],"gold":88,"neow_bonus":"TEN_PERCENT_HP_BONUS","is_daily":false,"chose_seed":false,"campfire_upgraded":5,"win_rate":0.0,"timestamp":1613201729,"path_taken":["R","M","?","?","?","R","T","E","M","M","M","$","M","E","M","BOSS","R","M","M","M","$","?","T","M","E","R","?","R","M","?","M","BOSS","R","M","?","M","M","$","T","M","R","M","E"],"items_purchased_type":["Relic","Card","Card","Relic","Card","Card","Relic","Relic","Card"],"build_version":"2020-12-22","purchased_purges":0,"victory":false,"max_hp_per_floor":[71,71,71,71,71,71,71,71,71,71,71,71,86,86,86,86,86,96,96,96,96,96,96,96,96,96,96,96,96,96,96,96,96,96,96,96,96,96,96,96,96,96,96,96,96,96,96],"card_choices":[{"not_picked":["Slimebound:HauntingLick","Slimebound:FinishingTackle"],"picked":"Slimebound:SplitBruiser","floor":2.0},{"not_picked":["Slimebound:Nibble","Slimebound:ComboTackle"],"picked":"Slimebound:LeechEnergy","floor":8.0},{"not_picked":["Slimebound:PressTheAttack","Slimebound:SplitBruiser"],"picked":"Slimebound:Schlurp","floor":9.0},{"not_picked":["Slimebound:SlimeSpikes","Slimebound:MegaLick"],"picked":"Slimebound:LevelUp","floor":10.0},{"not_picked":["Slimebound:SlimeSpikes","Slimebound:LivingWall"],"picked":"Slimebound:Prepare","floor":11.0},{"not_picked":["Slimebound:SamplingLick","Slimebound:SlimeBarrage"],"picked":"Slimebound:RainOfGoop","floor":12.0},{"not_picked":["Slimebound:GoopTackle","Slimebound:SamplingLick"],"picked":"Slimebound:SplitLeeching","floor":13.0},{"not_picked":["Slimebound:SpikyOuterGoop","Slimebound:HauntingLick"],"picked":"Slimebound:Repurpose","floor":14.0},{"not_picked":["Slimebound:Schlurp","Slimebound:Prepare"],"picked":"Slimebound:Repurpose","floor":15.0},{"not_picked":["Slimebound:SlimeSlap","Slimebound:RallyTheTroops"],"picked":"Slimebound:Overexert","floor":16.0},{"not_picked":["Slimebound:Schlurp","Slimebound:RollThrough"],"picked":"Slimebound:Grow","floor":19.0},{"not_picked":["Slimebound:BestDefense","Slimebound:ComboTackle"],"picked":"Slimebound:SplitLeeching","floor":20.0},{"not_picked":["Slimebound:HauntingLick","Slimebound:Schlurp+1"],"picked":"Slimebound:RejuvenatingLick","floor":21.0},{"not_picked":["Slimebound:RollThrough","Slimebound:Teamwork"],"picked":"Slimebound:GoopSpray","floor":23.0},{"not_picked":["Slimebound:Schlurp","Slimebound:SamplingLick"],"picked":"Slimebound:SpikyOuterGoop","floor":25.0},{"not_picked":["Slimebound:RollThrough","Slimebound:Replication"],"picked":"Slimebound:SelfFormingGoo","floor":26.0},{"not_picked":["Slimebound:SplitLeeching","Slimebound:FinishingTackle"],"picked":"Slimebound:AcidTongue","floor":30.0},{"not_picked":["Slimebound:SpikyOuterGoop","Slimebound:ForwardTackle"],"picked":"Slimebound:LeechingTouch","floor":32.0},{"not_picked":["Slimebound:WasteNot","Slimebound:PrepareCrush"],"picked":"Slimebound:MinionMaster","floor":33.0},{"not_picked":["Slimebound:Schlurp","Slimebound:FinishingTackle+1"],"picked":"Slimebound:GoopSpray","floor":36.0},{"not_picked":["Slimebound:SlimeSpikes","Slimebound:SplitAcid+1"],"picked":"Slimebound:LeadByExample+1","floor":37.0},{"not_picked":["Slimebound:SlimeSpikes","Slimebound:SplitAcid+1"],"picked":"Slimebound:ViciousTackle","floor":38},{"not_picked":["Slimebound:LeechingTouch+1","Slimebound:GoopTackle"],"picked":"Slimebound:GrowthPunch+1","floor":39},{"not_picked":["Slimebound:Equalize+1","Slimebound:WasteNot"],"picked":"Slimebound:RainOfGoop","floor":42},{"not_picked":["Slimebound:Equalize","Slimebound:GoopSpray","Slimebound:Schlurp"],"picked":"SKIP","floor":44}],"player_experience":81088,"relics_obtained":[{"floor":8.0,"key":"REME_ArchaeologicalTools"},{"floor":14.0,"key":"MoneyPower"},{"floor":26.0,"key":"reliquary:PartyBalloon"},{"floor":35.0,"key":"reliquary:SculptingSteel"},{"floor":41,"key":"HowToJump"}],"event_choices":[{"damage_healed":0.0,"max_hp_gain":0.0,"max_hp_loss":0.0,"gold_gain":0.0,"event_name":"爱的神圣花园","player_choice":"Choice 2","floor":31.0,"gold_loss":0.0,"damage_taken":0.0,"relics_obtained":["alterego_mod:SomeoneToFightFor"]}],"is_beta":false,"boss_relics":[{"not_picked":["Runic Dome","Replay:Grab Bag"],"picked":"construct:WeddingRing"},{"not_picked":[]},{"not_picked":["conspire:SeveredTorchhead","SlaversCollar"],"picked":"ExusiaiGun"},{"not_picked":[]}],"items_purged_floors":[],"is_endless":false,"potions_floor_spawned":[10,13,16,23,25,30,33,37,42,44],"killed_by":"Reptomancer","ascension_level":0}}