{"host":"q57ekfojy3i00x9o","time":1613222588,"event":{"mods":["Act Like it!","Arknights","Aspiration","BaseMod","Colored Map","Energized Spire","Hermit","Minty Spire (QoL Compilation)","Quick Restart","Spicy Shops","Spikes Relics","StSLib","slay the spire mod where everything is the same but ironclad has a cowboy hat"],"gold_per_floor":[117,127,127,80,99,99,113,113,137,237,249,249,249,265,265,265,265],"floor_reached":16,"language":"RUS","playtime":292,"items_purged":[],"score":141,"play_id":"0febb2c6-2f41-4ed5-927e-cd50c4f356b2","local_time":"20210213182308","is_ascension_mode":true,"campfire_choices":[{"data":"ats:Curse Doll","floor":6,"key":"SMITH"},{"data":"ats:Closed Bolt Burst Fire","floor":13,"key":"SMITH"},{"data":"ats:Closed Bolt Burst Fire","floor":15,"key":"SMITH"}],"circlet_count":0,"master_deck":["AscendersBane","ats:Strike C+1","ats:Strike G+1","ats:Strike S+1","ats:Strike V+1","ats:Armor Crushing Shot+1","ats:Defend","ats:Defend","ats:Defend","ats:Defend","ats:Emotion Absorption","ats:Apocalypse","ats:Flexible Camouflage","ats:Curse Doll+1","ats:Closed Bolt Burst Fire+1","ats:Closed Bolt Burst Fire+1","ats:Very Hot Blade","ats:Sword Rain"],"relics":["ats:Sanity","Ancient Tea Set"],"acts_visited":["Exordium"],"potions_floor_usage":[7,12,16],"damage_taken":[{"damage":10,"enemies":"2 Louse","floor":1,"turns":3},{"damage":16,"enemies":"Jaw Worm","floor":2,"turns":4},{"damage":9,"enemies":"Small Slimes","floor":5,"turns":3},{"damage":27,"enemies":"Exordium Thugs","floor":7,"turns":4},{"damage":0,"enemies":"Large Slime","floor":11,"turns":3},{"damage":0,"enemies":"Exordium Wildlife","floor":12,"turns":1},{"damage":12,"enemies":"Exordium Thugs","floor":14,"turns":4},{"damage":24,"enemies":"Hexaghost","floor":16,"turns":7}],"seed_played":"3425303793601998490","potions_obtained":[{"floor":5,"key":"SkillPotion"},{"floor":11,"key":"SmokeBomb"},{"floor":14,"key":"Explosive Potion"}],"is_trial":false,"path_per_floor":["M","M","?","$","M","R","M","?","T","?","M","M","R","M","R","B"],"character_chosen":"DOCTOR_CLASS","items_purchased":["ats:Curse Doll"],"campfire_rested":0,"item_purchase_floors":[4],"current_hp_per_floor":[55,43,43,43,38,38,21,21,21,21,25,25,25,17,17,0,0],"gold":265,"neow_bonus":"RANDOM_COMMON_RELIC","is_daily":false,"chose_seed":false,"campfire_upgraded":3,"win_rate":0.0,"timestamp":1613222588,"path_taken":["M","M","?","$","M","R","M","?","T","?","M","M","R","M","R","BOSS"],"items_purchased_type":["Card"],"build_version":"2020-12-22","purchased_purges":0,"victory":false,"max_hp_per_floor":[72,72,72,72,72,72,72,72,72,72,72,72,72,72,72,72,72],"card_choices":[{"not_picked":["ats:Curse Doll","ats:Healing Strengthening"],"picked":"ats:Apocalypse","floor":1},{"not_picked":["ats:Guard Mode","ats:Cat Scratch"],"picked":"ats:Flexible Camouflage","floor":2},{"not_picked":["ats:Cat Scratch","ats:Shell Defense"],"picked":"ats:Closed Bolt Burst Fire","floor":5},{"not_picked":["ats:Absolute Focus","ats:Beaten Up"],"picked":"ats:Closed Bolt Burst Fire","floor":7},{"not_picked":["ats:Defend Order","ats:Durian"],"picked":"ats:Very Hot Blade","floor":11},{"not_picked":["ats:Encircling Forest","ats:Thorns"],"picked":"ats:Sword Rain","floor":14}],"player_experience":766618,"relics_obtained":[{"floor":9,"key":"Ancient Tea Set"}],"event_choices":[{"damage_healed":0,"gold_gain":0,"player_choice":"Ignored","damage_taken":0,"max_hp_gain":0,"max_hp_loss":0,"event_name":"Golden Wing","floor":8,"gold_loss":0},{"damage_healed":0,"gold_gain":100,"player_choice":"Pray","damage_taken":0,"max_hp_gain":0,"max_hp_loss":0,"event_name":"Golden Shrine","floor":10,"gold_loss":0}],"is_beta":false,"boss_relics":[],"items_purged_floors":[],"is_endless":false,"potions_floor_spawned":[5,11,14],"killed_by":"Hexaghost","ascension_level":10}}