{"host":"fnndj664xgd3vavt","time":1613184041,"event":{"mods":["AchievementEnabler","BaseMod","Colored Powertips","DeckTracker","Downfall","Hermit","Highlight Path","Infinite Spire","Marisa????????","Minty Spire (QoL Compilation)","Quick Restart","Random Character Button","Replay The Spire","StSLib","The Cursed","The Servant 0.9.4"],"gold_per_floor":[99,99,99,99,99,99,126,126,141,153,328,244,244,244,262,262,262,262],"floor_reached":16,"language":"ENG","playtime":641,"items_purged":["Doubt"],"score":86,"play_id":"e3127ba0-96a0-40b2-9168-23db3697b6a4","local_time":"20210212214041","is_ascension_mode":false,"campfire_choices":[{"data":"Guardian:TwinSlam","floor":1,"key":"SMITH"},{"data":"Guardian:PiercingHide","floor":8,"key":"SMITH"},{"data":"Guardian:ExploitGems","floor":13,"key":"SMITH"}],"circlet_count":0,"master_deck":["Guardian:Strike_Guardian","Guardian:Strike_Guardian","Guardian:Strike_Guardian","Guardian:Strike_Guardian","Guardian:Defend_Guardian","Guardian:Defend_Guardian","Guardian:Defend_Guardian","Guardian:Defend_Guardian","Guardian:CurlUp","Guardian:TwinSlam+1","Guardian:PiercingHide+1","Guardian:VentSteam+1","Guardian:CrystalBeam","Guardian:ExploitGems+1","CommonCold","Guardian:Gem_Green"],"relics":["Guardian:ModeShifter","downfall:HeartsMalice","Happy Flower","ReplayTheSpireMod:CursedCoin","Juzu Bracelet"],"acts_visited":["Exordium"],"potions_floor_usage":[14],"damage_taken":[{"damage":0,"enemies":"2 Louse","floor":2,"turns":1},{"damage":0,"enemies":"Jaw Worm","floor":3,"turns":1},{"damage":0,"enemies":"Small Slimes","floor":6,"turns":1},{"damage":1,"enemies":"Exordium Wildlife","floor":9,"turns":3},{"damage":21,"enemies":"Exordium Thugs","floor":10,"turns":6},{"damage":2,"enemies":"downfall:FleeingMerchant","floor":12,"turns":4},{"damage":0,"enemies":"Red Slaver","floor":15,"turns":3},{"damage":116,"enemies":"DF_ARCHETYPE_STREAMLINE","floor":16,"turns":14}],"seed_played":"62479710569167577","potions_obtained":[{"floor":9,"key":"Dexterity Potion"},{"floor":14,"key":"Fruit Juice"},{"floor":14,"key":"CultistPotion"},{"floor":14,"key":"Explosive Potion"}],"is_trial":false,"path_per_floor":["R","M","M","?","?","M","T","R","M","M","?","$","R","?","M","B"],"character_chosen":"GUARDIAN","items_purchased":["ReplayTheSpireMod:CursedCoin","Juzu Bracelet"],"campfire_rested":0,"item_purchase_floors":[12,12],"current_hp_per_floor":[80,80,80,80,80,80,80,80,79,58,58,56,56,61,61,0,0,0],"gold":262,"neow_bonus":"THREE_ENEMY_KILL","is_daily":false,"chose_seed":false,"campfire_upgraded":3,"win_rate":0.0,"timestamp":1613184041,"path_taken":["R","M","M","?","?","M","T","R","M","M","?","$","R","?","M","BOSS"],"items_purchased_type":["Relic","Relic"],"build_version":"2020-12-22","purchased_purges":1,"victory":false,"max_hp_per_floor":[80,80,80,80,80,80,80,80,80,80,80,80,80,85,85,85,85,85],"card_choices":[{"not_picked":["Guardian:WalkerClaw","Guardian:VentSteam"],"picked":"Guardian:PiercingHide","floor":2},{"not_picked":["Guardian:Gem_Green","Guardian:SentryBeam"],"picked":"Guardian:Gem_Red","floor":3},{"not_picked":["Guardian:FloatingOrbs","Guardian:RollAttack"],"picked":"Guardian:CrystalBeam","floor":6},{"not_picked":["Guardian:RefractedBeam","Guardian:Incinerate"],"picked":"Guardian:Gem_Cyan","floor":9},{"not_picked":["Guardian:Incinerate","Guardian:Preprogram","Guardian:WalkerClaw"],"picked":"SKIP","floor":10},{"not_picked":["Guardian:Incinerate","Guardian:RollAttack"],"picked":"Guardian:ExploitGems","floor":12},{"not_picked":["Guardian:Incinerate","Guardian:VentSteam"],"picked":"Guardian:Gem_Green","floor":15}],"player_experience":316280,"relics_obtained":[{"floor":7,"key":"Happy Flower"}],"event_choices":[{"damage_healed":0,"gold_gain":0,"player_choice":"Got Potions","damage_taken":0,"max_hp_gain":0,"max_hp_loss":0,"event_name":"Lab","floor":14,"gold_loss":0}],"is_beta":false,"boss_relics":[],"items_purged_floors":[12],"is_endless":false,"potions_floor_spawned":[9],"killed_by":"DF_ARCHETYPE_STREAMLINE","ascension_level":0}}