{"host":"kaame4qwxxqnygv7","time":1613227724,"event":{"mods":["AchievementEnabler","BaseMod","Better Match","Better Skull","Better Third Choice","BetterRewards","Block Reminder","Bossed Relics","DeckTracker","Energized Spire","GungeonMod","Minty Spire (QoL Compilation)","Quick Restart","Red Circlet Mod","StSLib","SuperFastMode","The Blue Laboratory"],"gold_per_floor":[117,192,202,202,135,135,166,166,218,228,253,281,333,378,378,459,459,469,469,394,432,432,432,465,465,465,465,492,515,536,547,564,564,564,650,659,682,343,355,355,355,383,411,411,434,146,167,167,251,265,265,295,295,295,6,50,50],"floor_reached":58,"language":"KOR","playtime":2875,"items_purged":["DemoMod:AWP","DemoMod:Defend_Huntress","Parasite"],"score":1742,"play_id":"27599a9a-0413-43db-ba7f-0c17f1256a1f","local_time":"20210213234844","is_ascension_mode":true,"campfire_choices":[{"floor":6.0,"key":"DIG"},{"floor":8.0,"key":"REST"},{"floor":15.0,"key":"REST"},{"floor":23.0,"key":"DIG"},{"floor":27.0,"key":"DIG"},{"floor":33.0,"key":"REST"},{"floor":48.0,"key":"RECALL"},{"floor":51.0,"key":"DIG"},{"floor":54.0,"key":"REST"}],"circlet_count":0,"master_deck":["AscendersBane","DemoMod:Defend_Huntress","DemoMod:Defend_Huntress+1","DemoMod:Roll+1","DemoMod:ManualReload+1","DemoMod:Evolver","DemoMod:Gungine","DemoMod:FullFirepower","DemoMod:Slinger","DemoMod:FortunesFavor+1","DemoMod:Behold!+1","DemoMod:HardPowerCard","DemoMod:ProbeStrike+1","DemoMod:Behold!"],"relics":["DemoMod:Dog","Gambling Chip","Shovel","Toy Ornithopter","Kunai","War Paint","CeramicFish","DemoMod:ResourcefulSack","Whetstone","energizedSpire:EnergizedDie","Pear","Smiling Mask","Question Card","DemoMod:JetPack","DemoMod:RatBoots","Sundial","DemoMod:PartiallyEatenCheese","Fusion Hammer","Toolbox","Happy Flower","Akabeko","FossilizedHelix","DemoMod:BlueGuonStone","Blue Candle","CaptainsWheel","DemoMod:CrisisStone","DemoMod:ChaffGrenade","DemoMod:GlassGuonStoneRelic","Bottled Flame"],"acts_visited":["Exordium","TheCity","DemoMod:Maze","TheBeyond","TheEnding"],"potions_floor_usage":[],"damage_taken":[{"damage":2.0,"enemies":"Small Slimes","floor":1.0,"turns":4.0},{"damage":0.0,"enemies":"2 Louse","floor":3.0,"turns":2.0},{"damage":49.0,"enemies":"Lagavulin","floor":7.0,"turns":8.0},{"damage":0.0,"enemies":"Cultist","floor":10.0,"turns":2.0},{"damage":12.0,"enemies":"3 Sentries","floor":11.0,"turns":7.0},{"damage":0.0,"enemies":"2 Fungi Beasts","floor":12.0,"turns":3.0},{"damage":0.0,"enemies":"3 Louse","floor":13.0,"turns":6.0},{"damage":0.0,"enemies":"3 Louse","floor":14.0,"turns":3.0},{"damage":25.0,"enemies":"The Guardian","floor":16.0,"turns":11.0},{"damage":8.0,"enemies":"Chosen","floor":18.0,"turns":2.0},{"damage":13.0,"enemies":"3 Byrds","floor":21.0,"turns":6.0},{"damage":6.0,"enemies":"Gremlin Leader","floor":24.0,"turns":5.0},{"damage":0.0,"enemies":"3 Byrds","floor":25.0,"turns":4.0},{"damage":3.0,"enemies":"DemoMod:Red_and_blue_shotgun_kin","floor":28.0,"turns":3.0},{"damage":0.0,"enemies":"DemoMod:Veteran_shot_gun_kin_and_red_shotgun_kin","floor":29.0,"turns":1.0},{"damage":9.0,"enemies":"DemoMod:Veteran_shot_gun_kin_and_blue_shotgun_kin_with_gunsinger","floor":30.0,"turns":3.0},{"damage":18.0,"enemies":"DemoMod:Veteran_shot_gun_kin_and_blue_shotgun_kin","floor":31.0,"turns":2.0},{"damage":4.0,"enemies":"DemoMod:2_Mousers","floor":32.0,"turns":12.0},{"damage":14.0,"enemies":"DemoMod:ResourcefulRat","floor":35.0,"turns":7.0},{"damage":0.0,"enemies":"3 Shapes","floor":37.0,"turns":3.0},{"damage":0.0,"enemies":"3 Darklings","floor":39.0,"turns":4.0},{"damage":0.0,"enemies":"Nemesis","floor":42.0,"turns":4.0},{"damage":0.0,"enemies":"Writhing Mass","floor":43.0,"turns":9.0},{"damage":0.0,"enemies":"Mind Bloom Boss Battle","floor":44.0,"turns":2.0},{"damage":0.0,"enemies":"Jaw Worm Horde","floor":47.0,"turns":3.0},{"damage":0.0,"enemies":"2 Orb Walkers","floor":49.0,"turns":4.0},{"damage":0.0,"enemies":"3 Darklings","floor":50.0,"turns":3.0},{"damage":52.0,"enemies":"Time Eater","floor":52.0,"turns":12.0},{"damage":0,"enemies":"Shield and Spear","floor":56,"turns":5},{"damage":0,"enemies":"The Heart","floor":57,"turns":7}],"seed_played":"-7072575614689487217","potions_obtained":[{"floor":7.0,"key":"blueLaboratory:PhilterOfMotion"},{"floor":12.0,"key":"blueLaboratory:FruitPunch"},{"floor":16.0,"key":"DuplicationPotion"},{"floor":25.0,"key":"BlessingOfTheForge"},{"floor":42.0,"key":"Fire Potion"},{"floor":43.0,"key":"Swift Potion"},{"floor":44.0,"key":"blueLaboratory:RememoryPotion"}],"is_trial":false,"path_per_floor":["M","?","M","?","?","R","E","R","T","M","E","M","?","M","R","B",null,"M","?","?","?","?","R","E","M","T","R","M","M","M","M","M","R","B","B",null,"M","$","M","?","?","E","M","?","T","$","M","R","?","M","R","B",null,"R","$","E","B",null],"character_chosen":"HUNTRESS","items_purchased":["Shovel","DemoMod:GnawedKey","Toolbox","Happy Flower","DemoMod:BlueGuonStone","DemoMod:ChaffGrenade"],"campfire_rested":4,"item_purchase_floors":[0,0,38,38,46,55],"current_hp_per_floor":[43,32,32,53,53,53,4,22,22,22,15,15,22,22,41,16,53,45,45,45,42,42,42,36,36,65,65,62,62,53,35,31,53,46,37,66,66,66,66,66,66,66,66,66,66,66,66,66,66,66,66,14,60,75,72,72,72],"gold":50,"neow_bonus":"","is_daily":false,"chose_seed":false,"campfire_upgraded":0,"win_rate":0.0,"timestamp":1613227724,"path_taken":["M","?","M","?","?","R","E","R","T","M","E","?","?","M","R","BOSS","M","?","?","?","?","R","E","?","T","R","M","M","M","M","M","R","BOSS","BOSS","M","$","?","?","?","E","?","?","T","?","M","R","?","M","R","BOSS","R","$","E","BOSS"],"items_purchased_type":["Relic","Relic","Relic","Relic","Relic","Relic"],"build_version":"2020-12-22","purchased_purges":3,"victory":true,"max_hp_per_floor":[63,63,63,63,63,63,63,63,63,63,63,63,65,65,65,65,65,65,65,65,75,75,75,75,75,75,75,75,75,75,75,75,75,75,75,75,75,75,75,75,75,75,75,75,75,75,75,75,75,75,75,75,75,75,72,72,72],"card_choices":[{"not_picked":["DemoMod:Camera","DemoMod:AC15"],"picked":"DemoMod:Evolver","floor":1.0},{"not_picked":["DemoMod:TeaPot","DemoMod:FastSwitch"],"picked":"DemoMod:AWP","floor":3.0},{"not_picked":["DemoMod:AbyssalTentacle","DemoMod:Evolver"],"picked":"DemoMod:Gungine","floor":7.0},{"not_picked":["DemoMod:FortunesFavor","DemoMod:CursedBullets","DemoMod:HuntsMan"],"picked":"SKIP","floor":10.0},{"not_picked":["DemoMod:FeignSurrender","DemoMod:SniperShot","DemoMod:FortunesFavor"],"picked":"SKIP","floor":11.0},{"not_picked":["DemoMod:Ejector","DemoMod:JK47"],"picked":"DemoMod:ConditionalReflex","floor":12.0},{"not_picked":["DemoMod:Unmoved","DemoMod:StrategicReserve"],"picked":"DemoMod:DirectionalPad","floor":13.0},{"not_picked":["DemoMod:SkilledReload","DemoMod:MachoBrace"],"picked":"DemoMod:Purify","floor":13.0},{"not_picked":["DemoMod:ShadowBullets","DemoMod:HuntsMan","DemoMod:TripleGun"],"picked":"SKIP","floor":14.0},{"not_picked":["DemoMod:DarkMarker","DemoMod:ThirdPartyController"],"picked":"DemoMod:FullFirepower","floor":16.0},{"not_picked":["DemoMod:FastSwitch","DemoMod:ZorGun","DemoMod:EasyReloadBullets"],"picked":"SKIP","floor":18.0},{"not_picked":["DemoMod:FastSwitch","DemoMod:AbyssalTentacle","DemoMod:StickyCrossBow"],"picked":"SKIP","floor":21.0},{"not_picked":["DemoMod:SpreadAmmo","DemoMod:BoxingGlove","DemoMod:ShadowBullets"],"picked":"SKIP","floor":24.0},{"not_picked":["DemoMod:CombinedRifle","DemoMod:BattleInHaste","DemoMod:Ejector"],"picked":"DemoMod:Purify","floor":25.0},{"not_picked":["DemoMod:DoubleSwitch","DemoMod:FeignSurrender+1","DemoMod:StrategicReserve+1"],"picked":"DemoMod:Purify+1","floor":28.0},{"not_picked":["DemoMod:BoxingGlove","DemoMod:JK47","DemoMod:ChanceBullets"],"picked":"DemoMod:Slinger","floor":29.0},{"not_picked":["DemoMod:DoubleSwitch+1","DemoMod:Polaris+1","DemoMod:HuntsMan"],"picked":"DemoMod:FortunesFavor+1","floor":30.0},{"not_picked":["DemoMod:ZorGun+1","DemoMod:GunShield","DemoMod:JK47","DemoMod:BattleInHaste"],"picked":"SKIP","floor":30.0},{"not_picked":["DemoMod:LifeOrb","DemoMod:HuntsMan","DemoMod:SpreadAmmo+1","DemoMod:GunShield+1"],"picked":"SKIP","floor":31.0},{"not_picked":["DemoMod:JK47","DemoMod:MachoBrace+1","DemoMod:CursedBullets","DemoMod:Casey+1"],"picked":"SKIP","floor":32.0},{"not_picked":["DemoMod:BalloonGun","DemoMod:DarkMarker","DemoMod:BSG"],"picked":"DemoMod:Behold!","floor":35.0},{"not_picked":["DemoMod:BoxingGlove+1","DemoMod:ChanceBullets+1","DemoMod:ConditionalReflex"],"picked":"DemoMod:HardPowerCard","floor":36.0},{"not_picked":["DemoMod:Polaris","DemoMod:BattleInHaste","DemoMod:SAA+1"],"picked":"DemoMod:Purify+1","floor":37.0},{"not_picked":["DemoMod:GunShield","DemoMod:FeignSurrender","DemoMod:StickyCrossBow","DemoMod:SniperShot"],"picked":"SKIP","floor":39.0},{"not_picked":["DemoMod:Purify","DemoMod:MegaHand+1","DemoMod:HuntsMan","DemoMod:StrategicReserve"],"picked":"SKIP","floor":42.0},{"not_picked":["DemoMod:JK47","DemoMod:SAA","DemoMod:CursedBullets+1"],"picked":"DemoMod:ProbeStrike+1","floor":43.0},{"not_picked":["DemoMod:Unity","DemoMod:Ejector","DemoMod:ConditionalReflex"],"picked":"DemoMod:Purify","floor":47.0},{"not_picked":["DemoMod:HuntsMan+1","DemoMod:PracticeMakesPerfect","DemoMod:Unmoved","DemoMod:Casey"],"picked":"SKIP","floor":50.0},{"not_picked":["DemoMod:ProbeStrike","DemoMod:SpreadAmmo","DemoMod:MachoBrace"],"picked":"DemoMod:Behold!","floor":56}],"player_experience":293416,"relics_obtained":[{"floor":6.0,"key":"Kunai"},{"floor":7.0,"key":"War Paint"},{"floor":9.0,"key":"CeramicFish"},{"floor":11.0,"key":"DemoMod:ResourcefulSack"},{"floor":13.0,"key":"Whetstone"},{"floor":21.0,"key":"Pear"},{"floor":23.0,"key":"Smiling Mask"},{"floor":24.0,"key":"Question Card"},{"floor":27.0,"key":"DemoMod:JetPack"},{"floor":36.0,"key":"DemoMod:RatBoots"},{"floor":36.0,"key":"Sundial"},{"floor":36.0,"key":"DemoMod:PartiallyEatenCheese"},{"floor":36.0,"key":"Fusion Hammer"},{"floor":42.0,"key":"Akabeko"},{"floor":44.0,"key":"FossilizedHelix"},{"floor":47.0,"key":"Blue Candle"},{"floor":49.0,"key":"CaptainsWheel"},{"floor":51.0,"key":"DemoMod:CrisisStone"},{"floor":56,"key":"Bottled Flame"}],"event_choices":[{"damage_healed":0.0,"max_hp_gain":0.0,"max_hp_loss":0.0,"gold_gain":75.0,"event_name":"betterThird:BetterGoop","player_choice":"Gold","floor":2.0,"gold_loss":0.0,"damage_taken":11.0},{"damage_healed":21.0,"max_hp_gain":0.0,"max_hp_loss":0.0,"gold_gain":0.0,"event_name":"Big Fish","player_choice":"Banana","floor":4.0,"gold_loss":0.0,"damage_taken":0.0},{"damage_healed":0.0,"max_hp_gain":0.0,"max_hp_loss":0.0,"gold_gain":0.0,"event_name":"WeMeetAgain","player_choice":"Paid Gold","floor":5.0,"gold_loss":67.0,"damage_taken":0.0,"relics_obtained":["Toy Ornithopter"]},{"damage_healed":0.0,"max_hp_gain":0.0,"max_hp_loss":0.0,"gold_gain":0.0,"event_name":"Cursed Tome","player_choice":"Ignored","floor":19.0,"gold_loss":0.0,"damage_taken":0.0},{"damage_healed":0.0,"max_hp_gain":0.0,"max_hp_loss":0.0,"gold_gain":0.0,"event_name":"betterMatch:BetterMatch","player_choice":"3","floor":20.0,"gold_loss":0.0,"damage_taken":0.0,"cards_obtained":[]},{"damage_healed":0.0,"max_hp_gain":0.0,"max_hp_loss":0.0,"gold_gain":0.0,"event_name":"Upgrade Shrine","player_choice":"Upgraded","floor":22.0,"gold_loss":0.0,"damage_taken":0.0,"cards_upgraded":["DemoMod:ManualReload"]},{"damage_healed":0.0,"max_hp_gain":0.0,"max_hp_loss":0.0,"gold_gain":0.0,"event_name":"Upgrade Shrine","player_choice":"Upgraded","floor":41.0,"gold_loss":0.0,"damage_taken":0.0,"cards_upgraded":["DemoMod:Behold!"]},{"damage_healed":0.0,"max_hp_gain":0.0,"max_hp_loss":0.0,"gold_gain":0.0,"event_name":"MindBloom","player_choice":"Fight","floor":44.0,"gold_loss":0.0,"damage_taken":0.0},{"damage_healed":0.0,"max_hp_gain":0.0,"max_hp_loss":0.0,"gold_gain":0.0,"event_name":"Mysterious Sphere","player_choice":"Fight","floor":49.0,"gold_loss":0.0,"damage_taken":0.0}],"is_beta":false,"boss_relics":[{"not_picked":["Calling Bell","Runic Dome"],"picked":"energizedSpire:EnergizedDie"},{"not_picked":[]}],"items_purged_floors":[38,46,55],"is_endless":false,"potions_floor_spawned":[7,12,16,25,29,32,35,42,43,44,47,49],"ascension_level":14}}