{"host":"6r762osam2bvfm66","time":1613234462,"event":{"mods":["BaseMod","Bestiary","Colored Map","Highlight Path","Minty Spire (QoL Compilation)","Relic Stats"],"gold_per_floor":[110,123,138,151,170,200,200,235,235,235,310,310,344,161,161,262,262,278,297,197,197,72,99,99,129,156,176,195,195,207,122,122,219,219,232,232,142,152,162,162,177,0,0,0,0,0,76,92,92,92],"floor_reached":51,"language":"ENG","playtime":4170,"items_purged":["Strike_P","Strike_P","Writhe"],"score":786,"play_id":"27df12b3-5914-45ed-b2eb-7f44bdd02330","local_time":"20210213104102","is_ascension_mode":true,"campfire_choices":[{"floor":7.0,"key":"REST"},{"floor":10.0,"key":"REST"},{"data":"DeusExMachina","floor":12.0,"key":"SMITH"},{"data":"Swivel","floor":15.0,"key":"SMITH"},{"data":"Scrawl","floor":24,"key":"SMITH"},{"data":"WaveOfTheHand","floor":29,"key":"SMITH"},{"floor":32,"key":"REST"},{"data":"SandsOfTime","floor":40,"key":"SMITH"},{"data":"Establishment","floor":46,"key":"SMITH"},{"data":"WheelKick","floor":49,"key":"SMITH"}],"circlet_count":0,"master_deck":["Eruption","Vigilance","Halt","FlurryOfBlows","WaveOfTheHand+1","DeusExMachina+1","Wallop","Perseverance","Swivel+1","Adaptation","WheelKick","Scrawl+1","Halt","Indignation+1","InnerPeace","Sanctity","JustLucky+1","Establishment+1","Omniscience","SandsOfTime+1","JustLucky","Scrawl","Vault","WheelKick+1","Protect+1","Panacea","Dark Shackles","EmptyBody+1","Halt+1","ThirdEye+1","Madness","Madness"],"relics":["PureWater","Centennial Puzzle","Regal Pillow","TungstenRod","Bottled Lightning","StoneCalendar","Sozu","Ornamental Fan","Matryoshka","Shuriken","Blood Vial","Dream Catcher","Prayer Wheel","Pandora\u0027s Box","Red Mask","Art of War","Question Card","Eternal Feather"],"acts_visited":["Exordium","TheCity","TheBeyond"],"potions_floor_usage":[23,50],"damage_taken":[{"damage":1.0,"enemies":"Cultist","floor":1.0,"turns":3.0},{"damage":0.0,"enemies":"2 Louse","floor":2.0,"turns":3.0},{"damage":2.0,"enemies":"Jaw Worm","floor":3.0,"turns":3.0},{"damage":6.0,"enemies":"Blue Slaver","floor":4.0,"turns":4.0},{"damage":13.0,"enemies":"Large Slime","floor":5.0,"turns":6.0},{"damage":20.0,"enemies":"Gremlin Nob","floor":6.0,"turns":5.0},{"damage":1.0,"enemies":"Lagavulin","floor":8.0,"turns":7.0},{"damage":18.0,"enemies":"3 Sentries","floor":13.0,"turns":7.0},{"damage":16.0,"enemies":"Hexaghost","floor":16.0,"turns":9.0},{"damage":0,"enemies":"Shell Parasite","floor":18,"turns":3},{"damage":5,"enemies":"2 Thieves","floor":19,"turns":2},{"damage":5,"enemies":"Gremlin Leader","floor":23,"turns":7},{"damage":6,"enemies":"Book of Stabbing","floor":25,"turns":4},{"damage":0,"enemies":"Chosen and Byrds","floor":27,"turns":5},{"damage":6,"enemies":"Snake Plant","floor":28,"turns":4},{"damage":25,"enemies":"Snecko","floor":30,"turns":3},{"damage":31,"enemies":"Automaton","floor":33,"turns":7},{"damage":0,"enemies":"Orb Walker","floor":35,"turns":2},{"damage":13,"enemies":"3 Shapes","floor":38,"turns":7},{"damage":0,"enemies":"3 Darklings","floor":39,"turns":3},{"damage":3,"enemies":"Spire Growth","floor":41,"turns":5},{"damage":6,"enemies":"Transient","floor":48,"turns":6},{"damage":43,"enemies":"Time Eater","floor":50,"turns":14}],"seed_played":"-4181757680923293183","potions_obtained":[{"floor":5.0,"key":"SpeedPotion"},{"floor":6.0,"key":"Ancient Potion"},{"floor":13.0,"key":"Block Potion"}],"is_trial":false,"path_per_floor":["M","M","M","M","M","E","R","E","T","R","?","R","E","$","R","B",null,"M","M","$","?","$","E","R","E","T","M","M","R","M","?","R","B",null,"M","?","?","M","M","R","M","?","T","?","$","R","T","M","R","B",null],"character_chosen":"WATCHER","items_purchased":["Adaptation","WheelKick"],"campfire_rested":3,"item_purchase_floors":[14,14],"current_hp_per_floor":[71,71,69,63,50,30,66,65,65,72,62,62,44,44,44,28,72,72,67,67,67,67,62,62,56,56,58,54,54,31,31,67,38,72,72,63,63,52,54,54,53,53,53,45,45,45,45,41,59,18],"gold":92,"neow_bonus":"RANDOM_COMMON_RELIC","is_daily":false,"chose_seed":false,"campfire_upgraded":7,"win_rate":0.0,"timestamp":1613234462,"path_taken":["M","M","M","M","M","E","R","E","T","R","?","R","E","$","R","BOSS","M","M","$","?","$","E","R","E","T","M","M","R","M","?","R","BOSS","M","?","?","M","?","R","M","?","T","?","$","R","?","M","R","BOSS"],"items_purchased_type":["Card","Card"],"build_version":"2020-12-22","purchased_purges":3,"victory":true,"max_hp_per_floor":[72,72,72,72,72,72,72,72,72,72,72,72,72,72,72,72,72,72,72,72,72,72,72,72,72,72,72,72,72,72,72,72,72,72,72,72,72,72,72,72,72,72,72,72,72,72,72,72,72,72],"relic_stats":{"Regal Pillow":30,"counters":[23,119],"StoneCalendar":[313],"Eternal Feather":18,"Question Card":2,"Sozu":7,"Blood Vial":18,"Centennial Puzzle":[54],"Dream Catcher":1,"Ornamental Fan":[96],"Shuriken":[17],"Prayer Wheel":5,"Pandora\u0027s Box":["Omniscience","SandsOfTime","JustLucky","Scrawl","Vault","WheelKick"],"Art of War":[5],"obtain_stats":[{"Regal Pillow":6,"StoneCalendar":13,"Eternal Feather":47,"Question Card":43,"Sozu":17,"Blood Vial":26,"Centennial Puzzle":0,"Dream Catcher":26,"Matryoshka":23,"Ornamental Fan":21,"Shuriken":25,"Prayer Wheel":31,"Pandora\u0027s Box":34,"Red Mask":42,"Art of War":43,"Bottled Lightning":9,"PureWater":0,"TungstenRod":8},{"Regal Pillow":6,"StoneCalendar":8,"Eternal Feather":21,"Question Card":21,"Sozu":9,"Blood Vial":13,"Centennial Puzzle":0,"Dream Catcher":13,"Matryoshka":12,"Ornamental Fan":11,"Shuriken":13,"Prayer Wheel":16,"Pandora\u0027s Box":17,"Red Mask":21,"Art of War":21,"Bottled Lightning":7,"PureWater":0,"TungstenRod":7},{"Regal Pillow":24,"StoneCalendar":38,"Eternal Feather":99,"Question Card":99,"Sozu":47,"Blood Vial":63,"Centennial Puzzle":0,"Dream Catcher":63,"Matryoshka":59,"Ornamental Fan":52,"Shuriken":63,"Prayer Wheel":75,"Pandora\u0027s Box":82,"Red Mask":99,"Art of War":99,"Bottled Lightning":31,"PureWater":0,"TungstenRod":31}],"TungstenRod":36},"card_choices":[{"not_picked":["SashWhip","Crescendo"],"picked":"Halt","floor":1.0},{"not_picked":["Crescendo","Weave"],"picked":"FlurryOfBlows","floor":2.0},{"not_picked":["BowlingBash","EmptyBody"],"picked":"WaveOfTheHand","floor":3.0},{"not_picked":["CrushJoints","FollowUp"],"picked":"DeusExMachina","floor":4.0},{"not_picked":["LikeWater","Indignation"],"picked":"Wallop","floor":5.0},{"not_picked":["CrushJoints","SignatureMove"],"picked":"Perseverance","floor":6.0},{"not_picked":["ForeignInfluence","WreathOfFlame"],"picked":"MasterReality","floor":8.0},{"not_picked":["FlyingSleeves","Evaluate"],"picked":"Swivel","floor":13.0},{"not_picked":["Vault","Brilliance"],"picked":"Scrawl","floor":16.0},{"not_picked":["CarveReality","Worship"],"picked":"Halt","floor":18},{"not_picked":["Prostrate","SashWhip","CrushJoints"],"picked":"SKIP","floor":19},{"not_picked":["PathToVictory","LessonLearned"],"picked":"Indignation","floor":23},{"not_picked":["CrushJoints","DeusExMachina","FollowUp"],"picked":"SKIP","floor":25},{"not_picked":["Study","FlyingSleeves+1"],"picked":"InnerPeace","floor":27},{"not_picked":["EmptyFist","CrushJoints+1"],"picked":"Sanctity","floor":28},{"not_picked":["Crescendo+1","FlurryOfBlows","PathToVictory"],"picked":"SKIP","floor":30},{"not_picked":["SignatureMove","PathToVictory"],"picked":"JustLucky+1","floor":32},{"not_picked":["Brilliance","ConjureBlade"],"picked":"Establishment","floor":33},{"not_picked":["InnerPeace","WheelKick+1"],"picked":"Protect+1","floor":35},{"not_picked":["Halt+1","Prostrate","PathToVictory"],"picked":"SKIP","floor":35},{"not_picked":["Metamorphosis","Trip"],"picked":"Panacea","floor":36},{"not_picked":["Purity","Secret Technique"],"picked":"Dark Shackles","floor":36},{"not_picked":["ClearTheMind+1","SashWhip"],"picked":"EmptyBody+1","floor":38},{"not_picked":["Perseverance","Crescendo"],"picked":"Halt+1","floor":38},{"not_picked":["InnerPeace","WindmillStrike+1"],"picked":"ThirdEye+1","floor":39},{"not_picked":["Perseverance","EmptyMind","Consecrate"],"picked":"SKIP","floor":39},{"not_picked":["SashWhip+1","Consecrate","JustLucky+1"],"picked":"SKIP","floor":41},{"not_picked":["Vengeance","CutThroughFate+1","ForeignInfluence+1"],"picked":"SKIP","floor":41},{"not_picked":["ThirdEye+1","SignatureMove+1","Halt+1","EmptyBody"],"picked":"SKIP","floor":48},{"not_picked":["InnerPeace+1","PathToVictory+1","SignatureMove","FollowUp"],"picked":"SKIP","floor":48}],"player_experience":96029,"relics_obtained":[{"floor":6.0,"key":"Regal Pillow"},{"floor":8.0,"key":"TungstenRod"},{"floor":9.0,"key":"Bottled Lightning"},{"floor":13.0,"key":"StoneCalendar"},{"floor":23,"key":"Matryoshka"},{"floor":25,"key":"Shuriken"},{"floor":26,"key":"Blood Vial"},{"floor":26,"key":"Dream Catcher"},{"floor":43,"key":"Art of War"},{"floor":43,"key":"Question Card"},{"floor":47,"key":"Eternal Feather"}],"event_choices":[{"damage_healed":0.0,"max_hp_gain":0.0,"max_hp_loss":0.0,"gold_gain":75.0,"event_name":"World of Goop","player_choice":"Gather Gold","floor":11.0,"gold_loss":0.0,"damage_taken":11.0},{"damage_healed":0,"gold_gain":0,"player_choice":"Opened","damage_taken":0,"relics_obtained":["Ornamental Fan"],"max_hp_gain":0,"max_hp_loss":0,"event_name":"The Mausoleum","floor":21,"gold_loss":0,"cards_obtained":["Writhe"]},{"damage_healed":0,"gold_gain":0,"player_choice":"Obtained Relic","damage_taken":0,"relics_obtained":["Prayer Wheel"],"max_hp_gain":0,"max_hp_loss":0,"event_name":"Addict","floor":31,"gold_loss":85},{"damage_healed":0,"gold_gain":0,"player_choice":"Memory 3","damage_taken":10,"max_hp_gain":0,"max_hp_loss":0,"event_name":"SensoryStone","floor":36,"gold_loss":0},{"cards_removed":["MasterReality"],"damage_healed":0,"gold_gain":0,"player_choice":"Upgrade and Remove","damage_taken":0,"max_hp_gain":0,"max_hp_loss":0,"event_name":"Designer","floor":37,"gold_loss":90,"cards_upgraded":["Indignation"]},{"damage_healed":0,"gold_gain":0,"player_choice":"Paid","damage_taken":0,"relics_obtained":["Red Mask"],"max_hp_gain":0,"max_hp_loss":0,"event_name":"Tomb of Lord Red Mask","floor":42,"gold_loss":177},{"damage_healed":0,"gold_gain":0,"player_choice":"Embrace Madness","damage_taken":9,"max_hp_gain":0,"max_hp_loss":0,"event_name":"Winding Halls","floor":44,"gold_loss":0,"cards_obtained":["Madness","Madness"]}],"is_beta":false,"boss_relics":[{"not_picked":["Coffee Dripper","Black Star"],"picked":"Sozu"},{"not_picked":["Empty Cage","Velvet Choker"],"picked":"Pandora\u0027s Box"}],"items_purged_floors":[14,20,22],"is_endless":false,"potions_floor_spawned":[5,6,13,18,23,28,30,38,39,41],"ascension_level":4}}