{"host":"8a3jzv7qxg3y7b6t","time":1613204091,"event":{"mods":["BaseMod","Better Third Choice","Downfall","Hermit","Minty Spire (QoL Compilation)","Relic Stats","StSLib","The Bug Knight","The Cursed"],"gold_per_floor":[116,216,66,16,33,67,67,67,67],"floor_reached":8,"language":"ENG","playtime":301,"items_purged":[],"score":62,"play_id":"63c33da9-4554-47dc-8c9c-22eca6132a10","local_time":"20210213001451","is_ascension_mode":true,"campfire_choices":[{"floor":7,"key":"RECALL"}],"circlet_count":0,"master_deck":["HollowMod:NailStrikeStart","HollowMod:NailStrikeStart","HollowMod:NailStrikeStart","HollowMod:NailStrikeStart","HollowMod:QuickDashStart","HollowMod:QuickDashStart","HollowMod:QuickDashStart","HollowMod:QuickDashStart","HollowMod:FocusHealStart","HollowMod:PogoStrike","HollowMod:SiblingsSouls","CurseOfTheBell","CurseOfTheBell","HollowMod:RadiancesLament","TheCursedMod:Dregs","downfall:Aged","HollowMod:SoulStrike","HollowMod:HowlingWraiths"],"relics":["HollowMod:VesselMask","downfall:ExtraCursedBell","Pen Nib","HollowMod:MantisClawRelic","Bird Faced Urn","HollowMod:StagPassRelic","Dream Catcher"],"acts_visited":["Exordium"],"potions_floor_usage":[6],"damage_taken":[{"damage":7,"enemies":"2 Louse","floor":1,"turns":3},{"damage":16,"enemies":"Small Slimes","floor":5,"turns":4},{"damage":48,"enemies":"Gremlin Nob","floor":6,"turns":5},{"damage":20,"enemies":"3 Sentries","floor":8,"turns":2}],"seed_played":"-6285786192799739247","potions_obtained":[{"floor":1,"key":"champ:CounterPotion"}],"is_trial":false,"path_per_floor":["M","?","?","?","M","E","R","E"],"character_chosen":"THE_BUGKNIGHT","items_purchased":[],"campfire_rested":0,"item_purchase_floors":[],"current_hp_per_floor":[75,80,80,80,64,16,16,0,0],"gold":67,"neow_bonus":"TEN_PERCENT_HP_BONUS","is_daily":false,"chose_seed":false,"campfire_upgraded":0,"win_rate":0.0,"timestamp":1613204091,"path_taken":["M","?","?","?","M","E","R","E"],"items_purchased_type":[],"build_version":"2020-12-22","purchased_purges":0,"victory":false,"max_hp_per_floor":[82,87,87,87,87,87,87,87,87],"relic_stats":{"Dream Catcher":0,"counters":[4,14],"Bird Faced Urn":[0],"Pen Nib":[2],"obtain_stats":[{"Dream Catcher":6,"Bird Faced Urn":2,"HollowMod:VesselMask":0,"Pen Nib":2,"downfall:ExtraCursedBell":2,"HollowMod:MantisClawRelic":2,"HollowMod:StagPassRelic":3},{"Dream Catcher":3,"Bird Faced Urn":1,"HollowMod:VesselMask":0,"Pen Nib":1,"downfall:ExtraCursedBell":1,"HollowMod:MantisClawRelic":1,"HollowMod:StagPassRelic":1},{"Dream Catcher":12,"Bird Faced Urn":3,"HollowMod:VesselMask":0,"Pen Nib":3,"downfall:ExtraCursedBell":3,"HollowMod:MantisClawRelic":3,"HollowMod:StagPassRelic":3}]},"card_choices":[{"not_picked":["HollowMod:SoulShaman","HollowMod:NewLittleFool"],"picked":"HollowMod:SiblingsSouls","floor":1},{"not_picked":["HollowMod:BrokenVessel","HollowMod:DoubleDash"],"picked":"HollowMod:SoulStrike","floor":5},{"not_picked":["HollowMod:HeavyBlow","HollowMod:VengefulSpirit"],"picked":"HollowMod:HowlingWraiths","floor":6}],"player_experience":681518,"relics_obtained":[{"floor":2,"key":"Pen Nib"},{"floor":2,"key":"HollowMod:MantisClawRelic"},{"floor":2,"key":"Bird Faced Urn"},{"floor":6,"key":"Dream Catcher"}],"event_choices":[{"cards_removed":["Normality"],"damage_healed":0,"gold_gain":0,"player_choice":"Card Removal","damage_taken":0,"max_hp_gain":0,"max_hp_loss":0,"event_name":"The Cleric","floor":4,"gold_loss":50}],"is_beta":false,"boss_relics":[],"items_purged_floors":[],"is_endless":false,"potions_floor_spawned":[1],"killed_by":"3 Sentries","ascension_level":3}}