{"host":"lehbxtjrpalkmwwj","time":1613239239,"event":{"mods":["ATMod(°¢èªMod)","Aspiration","BaseMod","Challenge The Spire","Colored Map","Colored Powertips","Conspire","Dota2Spire","Energized Spire","Hunter ÁÔÈË","Minty Spire (QoL Compilation)","Quick Restart","Relic Stats","Reliquary","Replay The Spire","Spicy Shops","StSLib","TestMod","The Cursed","The IronCluck","The Poker Player","Waifu the Spire","Wide Potions","[IsaacMod]ÒÔÈö¼âËþ","¡¾ÒÅÎï¿¨ÅÆ¡¿REMEMod","É³µñ²ÄÖÊ°ümod","óô»ðÖ¸ÄÏ"],"gold_per_floor":[115,128,140,156,156,189,189,215,215,215,248,260,277,312,312,415,415,433,433,443,78,96,127,137,166,166,193,204,237,247,247,247,343,343,357,374,374,70,86,86,111,131,181,194,194,224,316,349,349,367,381,397,407,424,424,454,454,454,486,58,115,40,108,108,177,177,177,177,264,313],"floor_reached":56,"language":"ZHS","playtime":2640,"items_purged":[],"score":2024,"play_id":"be499aa2-1f22-44a4-a944-e248ed632dd1","local_time":"20210214020039","is_ascension_mode":true,"metric_token":1750,"campfire_choices":[{"floor":7.0,"key":"RECALL"},{"data":"AT_FamilyPortrait","floor":10.0,"key":"SMITH"},{"data":"PokerPlayerMod:HiddenCard","floor":15.0,"key":"SMITH"},{"data":"PokerPlayerMod:Sharpen","floor":32,"key":"SMITH"},{"data":"REME_AllRoundStrike","floor":40,"key":"SMITH"},{"data":"PokerPlayerMod:ItsShowtime","floor":45,"key":"SMITH"},{"data":"PokerPlayerMod:FakeSymbols","floor":49,"key":"SMITH"},{"data":"PokerPlayerMod:ChangeRules","floor":40,"key":"SMITH"},{"data":"PokerPlayerMod:WasteCollection","floor":42,"key":"SMITH"},{"data":"PokerPlayerMod:Sharpen","floor":49,"key":"SMITH"},{"data":"PokerPlayerMod:Duplicate","floor":52,"key":"SMITH"}],"circlet_count":0,"master_deck":["PokerPlayerMod:Diamond1","PokerPlayerMod:Diamond2","PokerPlayerMod:Diamond3","PokerPlayerMod:Diamond4","PokerPlayerMod:Diamond5","PokerPlayerMod:Spade1","PokerPlayerMod:Spade2","PokerPlayerMod:Spade3","PokerPlayerMod:Spade4","PokerPlayerMod:Club1","PokerPlayerMod:Club2","PokerPlayerMod:Heart2","PokerPlayerMod:TrumpStrike","PokerPlayerMod:BadJoker","PokerPlayerMod:Mulligan","EpicFetus+1","AT_TearsDenial","AT_FamilyPortrait+1","PokerPlayerMod:Diamond4","PokerPlayerMod:Overdeal","PokerPlayerMod:Diamond4","PokerPlayerMod:Diamond5","PokerPlayerMod:Club2","PokerPlayerMod:Club3","PokerPlayerMod:Club4","PokerPlayerMod:Club5","PokerPlayerMod:Club6","PokerPlayerMod:FlyingCard","PokerPlayerMod:Diamond9","PokerPlayerMod:HiddenCard+1","PokerPlayerMod:Spade6","PokerPlayerMod:Diamond5","PokerPlayerMod:ClubStrike","PokerPlayerMod:RoyalStrike","PokerPlayerMod:MagicTrick+1","PokerPlayerMod:Duplicate+1","PokerPlayerMod:FakeSymbols+1","PokerPlayerMod:HiddenCard+1","PokerPlayerMod:ChangeRules+1","PokerPlayerMod:Diamond3","PokerPlayerMod:WasteCollection+1","PokerPlayerMod:Spade10+","PokerPlayerMod:Sharpen+1","PokerPlayerMod:Diamond4","PokerPlayerMod:Overdeal+1","PokerPlayerMod:Diamond3","PokerPlayerMod:ClubStrike","PokerPlayerMod:BadJoker","PokerPlayerMod:ItsShowtime+1","PokerPlayerMod:SecondChance","PokerPlayerMod:CardBurn+1","PokerPlayerMod:FlyingCard+1","PokerPlayerMod:Spade6","testmod-Reverberation+1","AT_BreakingExtremeWeapon","REME_AllRoundStrike+1","PokerPlayerMod:Diamond4","PokerPlayerMod:Diamond8","PokerPlayerMod:HotShotCut+1","PokerPlayerMod:Diamond6","PokerPlayerMod:Diamond3","PokerPlayerMod:DamnStraight+1","PokerPlayerMod:Trickery+1","PokerPlayerMod:ClubShade+1","PokerPlayerMod:Spade6","PokerPlayerMod:Club4","PokerPlayerMod:Diamond10+","PokerPlayerMod:MagicTrick","PokerPlayerMod:Manipulation","PokerPlayerMod:PoorCopy","PokerPlayerMod:Configure+1","PokerPlayerMod:Overdeal+1","PokerPlayerMod:Diamond4","PokerPlayerMod:SpadeStrike","PokerPlayerMod:Spade4","PokerPlayerMod:MagicTrick","PokerPlayerMod:Fold+1","PokerPlayerMod:WasteCollection","PokerPlayerMod:SpadeStrike+1","PokerPlayerMod:Sharpen+1","PokerPlayerMod:Club6","PokerPlayerMod:DiamondStrike+1","PokerPlayerMod:ClubStrike+1","PokerPlayerMod:SpadeStrike+1","PokerPlayerMod:ItsShowtime","PokerPlayerMod:CloakAndDiamond+1","PokerPlayerMod:Sharpen+1","testmod-Superconductor","testmod-TemporaryDeletion","PokerPlayerMod:DartThrow","PokerPlayerMod:DartThrow","PokerPlayerMod:Spade8","PokerPlayerMod:Diamond2","PokerPlayerMod:DiamondStrike","Pride","PokerPlayerMod:Diamond7","PokerPlayerMod:Trickery","PokerPlayerMod:Sharpen","PokerPlayerMod:CloakAndDiamond","PokerPlayerMod:CloakAndDiamond","PokerPlayerMod:Spade3","testmod-BackupPower","testmod-FightingIntention","PokerPlayerMod:Diamond7"],"relics":["PokerPlayerMod:DeckCase","HushsDoor","AT_ATBox","testmod-TestBox","REME_ComplimentaryCards","testmod-NegativeEmotionEnhancer","PillsDrop","NeowsBlessing","Dota2Spire:MonkeyKingBar","AT_LudenTempest","reliquary:PrincelyHelmet","Dota2Spire:ArmletOfMordiggian","reliquary:RoseTintedGlasses","testmod-Fanaticism","aspiration:RitualStick","Lantern","testmod-IndustrialRevolution","Bottled Lightning","Prayer Wheel","aspiration:Stabinomicon","Coffee Dripper","SteamSale","testmod-LifeArmor","Guide Book","EdensBlessing","Blue Doll","MealTicket","Pondfish Scales","GuppysHead","Dota2Spire:DrumOfEndurance","AT_MibuBalloonWealth","Medical Kit","Replay:PocketPolymizer","AT_SunfireAegis","aspiration:FrozenJewel","Orrery","ReplayTheSpireMod:TigerMarble","Membership Card","reliquary:TridentHead","conspire:TreasureMap","Divine Protection","reliquary:Boomerang","testmod-TheFather","HowToJump","Chemical X","reliquary:HotPoker","REME_HourglassOfDeath","YumHeart","aspiration:HiddenCompartment","BFFS","Iron Hammer"],"acts_visited":["Exordium","TheCity","TheBeyond","TheEnding"],"potions_floor_usage":[23,25,29,46,38,50,55,55,55],"damage_taken":[{"damage":0.0,"enemies":"Cultist","floor":1.0,"turns":1.0},{"damage":0.0,"enemies":"2 Louse","floor":2.0,"turns":1.0},{"damage":0.0,"enemies":"Small Slimes","floor":3.0,"turns":1.0},{"damage":0.0,"enemies":"Gremlin Gang","floor":4.0,"turns":1.0},{"damage":45.0,"enemies":"Lagavulin","floor":6.0,"turns":4.0},{"damage":0.0,"enemies":"3 Sentries","floor":8.0,"turns":2.0},{"damage":6.0,"enemies":"Gremlin Nob","floor":11.0,"turns":3.0},{"damage":0.0,"enemies":"Large Slime","floor":12.0,"turns":2.0},{"damage":0.0,"enemies":"3 Louse","floor":13.0,"turns":2.0},{"damage":18.0,"enemies":"Lagavulin","floor":14.0,"turns":3.0},{"damage":9.0,"enemies":"Hexaghost","floor":16.0,"turns":3.0},{"damage":0.0,"enemies":"2 Thieves","floor":18.0,"turns":1.0},{"damage":16.0,"enemies":"Shell Parasite","floor":20.0,"turns":2.0},{"damage":2,"enemies":"Chosen and Byrds","floor":22,"turns":2},{"damage":26,"enemies":"Book of Stabbing","floor":23,"turns":3},{"damage":20,"enemies":"Cultist and Chosen","floor":24,"turns":2},{"damage":48,"enemies":"Slavers","floor":25,"turns":3},{"damage":30,"enemies":"conspire:Head Lice","floor":27,"turns":4},{"damage":0,"enemies":"Sentry and Sphere","floor":28,"turns":3},{"damage":0,"enemies":"Book of Stabbing","floor":29,"turns":1},{"damage":0,"enemies":"Centurion and Healer","floor":30,"turns":4},{"damage":2,"enemies":"Automaton","floor":33,"turns":4},{"damage":18,"enemies":"Orb Walker","floor":35,"turns":2},{"damage":4,"enemies":"3 Shapes","floor":36,"turns":2},{"damage":0,"enemies":"3 Darklings","floor":39,"turns":2},{"damage":0,"enemies":"Nemesis","floor":41,"turns":3},{"damage":6,"enemies":"Sphere and 2 Shapes","floor":42,"turns":2},{"damage":0,"enemies":"Spire Growth","floor":44,"turns":1},{"damage":14,"enemies":"Reptomancer","floor":46,"turns":2},{"damage":0,"enemies":"Nemesis","floor":48,"turns":1},{"damage":0,"enemies":"Orb Walker","floor":35,"turns":1},{"damage":0,"enemies":"3 Darklings","floor":36,"turns":2},{"damage":0,"enemies":"Transient","floor":37,"turns":5},{"damage":0,"enemies":"Jaw Worm Horde","floor":38,"turns":1},{"damage":0,"enemies":"Spire Growth","floor":39,"turns":2},{"damage":82,"enemies":"Giant Head","floor":41,"turns":6},{"damage":0,"enemies":"Reptomancer","floor":44,"turns":1},{"damage":0,"enemies":"Giant Head","floor":46,"turns":2},{"damage":0,"enemies":"Nemesis","floor":48,"turns":1},{"damage":0,"enemies":"Donu and Deca","floor":50,"turns":3},{"damage":0,"enemies":"Shield and Spear","floor":54,"turns":2},{"damage":56,"enemies":"The Heart","floor":55,"turns":3}],"seed_played":"-5135594322930990465","potions_obtained":[{"floor":1.0,"key":"SmokeBomb"},{"floor":3.0,"key":"FairyPotion"},{"floor":8.0,"key":"ColorlessPotion"},{"floor":11.0,"key":"REME_GoldPotion"},{"floor":13.0,"key":"Adrenaline Potion"},{"floor":22,"key":"Dota2Spire:HealingSalve"},{"floor":24,"key":"Ancient Potion"},{"floor":25,"key":"PowerPotion"},{"floor":39,"key":"Dexterity Potion"},{"floor":41,"key":"Elixir"},{"floor":44,"key":"AttackPotion"},{"floor":35,"key":"Adrenaline Potion"},{"floor":41,"key":"LifebloodPotion"}],"is_trial":false,"path_per_floor":["M","M","M","M","?","E","R","E","T","R","E","M","M","E","R","B",null,"M","?","M","$","M","E","M","E","T","E","M","E","M","?","R_BF","B",null,"M","M","?","$","M","R","E","M","T","M","R","E","?","E","R","M","M","M","M","M","R","E","R","T","E","$","E","$","E","R","B",null,"R","$","E","B",null],"character_chosen":"THE_POKER_PLAYER","items_purchased":["ForgetMeNow","PokerPlayerMod:FakeSymbols","SteamSale","testmod-LifeArmor","Guide Book","Medical Kit","Replay:PocketPolymizer","AT_SunfireAegis","aspiration:FrozenJewel","Orrery","Membership Card","reliquary:TridentHead","conspire:TreasureMap","Divine Protection","reliquary:Boomerang","testmod-TheFather","PokerPlayerMod:CloakAndDiamond+1","PokerPlayerMod:Sharpen","testmod-Superconductor","testmod-TemporaryDeletion","PokerPlayerMod:DartThrow","PokerPlayerMod:Spade8","PokerPlayerMod:Diamond2","PowerPotion","Chemical X","reliquary:HotPoker","REME_HourglassOfDeath","YumHeart","aspiration:HiddenCompartment","BFFS","PokerPlayerMod:Diamond7","PokerPlayerMod:Trickery","PokerPlayerMod:Sharpen","PokerPlayerMod:CloakAndDiamond","PokerPlayerMod:Spade3","testmod-BackupPower","testmod-FightingIntention","LiquidBronze"],"campfire_rested":0,"item_purchase_floors":[21,21,38,38,38,45,45,45,45,45,47,47,47,47,47,47,47,47,47,47,47,47,47,47,53,53,53,53,53,53,53,53,53,53,53,53,53,53],"current_hp_per_floor":[48,52,53,54,54,11,11,18,18,18,14,16,32,21,21,16,67,71,57,57,57,62,74,71,75,75,69,72,74,83,83,83,84,84,81,81,71,71,78,78,80,84,84,86,86,91,91,92,92,96,97,98,102,103,103,104,104,104,105,105,106,106,107,107,108,108,108,108,108,109],"gold":313,"neow_bonus":"THREE_ENEMY_KILL","is_daily":false,"chose_seed":false,"campfire_upgraded":10,"win_rate":0.0,"timestamp":1613239239,"path_taken":["M","?","M","M","?","E","R","E","T","R","E","?","M","E","R","BOSS","M","?","M","$","M","E","M","E","T","E","?","E","M","?","R_BF","BOSS","M","M","?","$","?","R","E","M","T","M","R","E","?","E","R","M","M","?","M","M","R","E","R","T","E","$","E","$","E","R","BOSS","R","$","E","BOSS"],"items_purchased_type":["Relic","Card","Relic","Relic","Relic","Relic","Relic","Relic","Relic","Relic","Relic","Relic","Relic","Relic","Relic","Relic","Card","Card","Card","Card","Card","Card","Card","Potion","Relic","Relic","Relic","Relic","Relic","Relic","Card","Card","Card","Card","Card","Card","Card","Potion"],"build_version":"2020-12-22","purchased_purges":0,"victory":true,"max_hp_per_floor":[48,52,53,54,54,55,55,59,59,59,60,61,62,66,66,67,67,71,71,72,72,73,74,78,79,79,80,81,82,83,83,83,84,84,85,86,86,86,87,87,88,89,89,90,90,91,91,92,92,96,97,98,102,103,103,104,104,104,105,105,106,106,107,107,108,108,108,108,109,110],"relic_stats":{"counters":[42,96],"Prayer Wheel":12,"MealTicket":0,"Chemical X":[1],"Medical Kit":[0],"obtain_stats":[{"Divine Protection":47,"AT_ATBox":0,"Dota2Spire:ArmletOfMordiggian":11,"AT_MibuBalloonWealth":44,"testmod-LifeArmor":38,"testmod-NegativeEmotionEnhancer":0,"aspiration:Stabinomicon":29,"aspiration:RitualStick":19,"BFFS":53,"testmod-Fanaticism":17,"Prayer Wheel":27,"MealTicket":47,"Iron Hammer":54,"KeepersGift":0,"conspire:TreasureMap":47,"testmod-TestBox":0,"SteamSale":38,"aspiration:HiddenCompartment":53,"aspiration:FrozenJewel":45,"AT_LudenTempest":8,"YumHeart":53,"REME_HourglassOfDeath":53,"ForgetMeNow":21,"ReplayTheSpireMod:TigerMarble":46,"EdensBlessing":41,"HushsDoor":0,"Dota2Spire:MonkeyKingBar":6,"Lantern":23,"Replay:PocketPolymizer":45,"reliquary:Boomerang":47,"reliquary:PrincelyHelmet":9,"Blue Doll":46,"Dota2Spire:DrumOfEndurance":43,"reliquary:TridentHead":47,"PokerPlayerMod:DeckCase":0,"reliquary:HotPoker":53,"PillsDrop":0,"testmod-TheFather":47,"reliquary:RoseTintedGlasses":14,"Chemical X":53,"NeowsBlessing":0,"HowToJump":48,"Guide Book":38,"testmod-IndustrialRevolution":25,"Medical Kit":45,"Pondfish Scales":48,"Orrery":45,"Coffee Dripper":34,"Bottled Lightning":26,"GuppysHead":41,"Membership Card":47,"AT_SunfireAegis":45,"REME_ComplimentaryCards":0},{"Divine Protection":38,"AT_ATBox":0,"Dota2Spire:ArmletOfMordiggian":7,"AT_MibuBalloonWealth":37,"testmod-LifeArmor":24,"testmod-NegativeEmotionEnhancer":0,"aspiration:Stabinomicon":20,"aspiration:RitualStick":12,"BFFS":40,"testmod-Fanaticism":11,"Prayer Wheel":18,"MealTicket":29,"Iron Hammer":41,"KeepersGift":0,"conspire:TreasureMap":38,"testmod-TestBox":0,"SteamSale":24,"aspiration:HiddenCompartment":40,"aspiration:FrozenJewel":37,"AT_LudenTempest":6,"YumHeart":40,"REME_HourglassOfDeath":40,"ForgetMeNow":13,"ReplayTheSpireMod:TigerMarble":38,"EdensBlessing":26,"HushsDoor":0,"Dota2Spire:MonkeyKingBar":5,"Lantern":15,"Replay:PocketPolymizer":37,"reliquary:Boomerang":38,"reliquary:PrincelyHelmet":6,"Blue Doll":29,"Dota2Spire:DrumOfEndurance":36,"reliquary:TridentHead":38,"PokerPlayerMod:DeckCase":0,"reliquary:HotPoker":40,"PillsDrop":0,"testmod-TheFather":38,"reliquary:RoseTintedGlasses":10,"Chemical X":40,"NeowsBlessing":0,"HowToJump":39,"Guide Book":24,"testmod-IndustrialRevolution":17,"Medical Kit":37,"Pondfish Scales":30,"Orrery":37,"Coffee Dripper":22,"Bottled Lightning":17,"GuppysHead":36,"Membership Card":38,"AT_SunfireAegis":37,"REME_ComplimentaryCards":0},{"Divine Protection":87,"AT_ATBox":0,"Dota2Spire:ArmletOfMordiggian":13,"AT_MibuBalloonWealth":85,"testmod-LifeArmor":56,"testmod-NegativeEmotionEnhancer":0,"aspiration:Stabinomicon":44,"aspiration:RitualStick":24,"BFFS":91,"testmod-Fanaticism":23,"Prayer Wheel":40,"MealTicket":66,"Iron Hammer":93,"KeepersGift":0,"conspire:TreasureMap":87,"testmod-TestBox":0,"SteamSale":56,"aspiration:HiddenCompartment":91,"aspiration:FrozenJewel":85,"AT_LudenTempest":10,"YumHeart":91,"REME_HourglassOfDeath":91,"ForgetMeNow":26,"ReplayTheSpireMod:TigerMarble":87,"EdensBlessing":61,"HushsDoor":0,"Dota2Spire:MonkeyKingBar":8,"Lantern":31,"Replay:PocketPolymizer":85,"reliquary:Boomerang":87,"reliquary:PrincelyHelmet":10,"Blue Doll":66,"Dota2Spire:DrumOfEndurance":84,"reliquary:TridentHead":87,"PokerPlayerMod:DeckCase":0,"reliquary:HotPoker":91,"PillsDrop":0,"testmod-TheFather":87,"reliquary:RoseTintedGlasses":20,"Chemical X":91,"NeowsBlessing":0,"HowToJump":88,"Guide Book":56,"testmod-IndustrialRevolution":36,"Medical Kit":85,"Pondfish Scales":67,"Orrery":85,"Coffee Dripper":52,"Bottled Lightning":36,"GuppysHead":84,"Membership Card":87,"AT_SunfireAegis":85,"REME_ComplimentaryCards":0}],"aspiration:RitualStick":[12]},"card_choices":[{"not_picked":[],"picked":"EpicFetus","floor":0.0},{"not_picked":["PokerPlayerMod:Diamond1","PokerPlayerMod:Diamond3"],"picked":"PokerPlayerMod:Diamond4","floor":1.0},{"not_picked":["PokerPlayerMod:Diamond2","PokerPlayerMod:Heart2"],"picked":"PokerPlayerMod:Overdeal","floor":2.0},{"not_picked":["PokerPlayerMod:CloakAndDiamond","PokerPlayerMod:DamnStraight"],"picked":"PokerPlayerMod:Diamond4","floor":3.0},{"not_picked":["PokerPlayerMod:Club3","PokerPlayerMod:Spade6"],"picked":"PokerPlayerMod:Diamond5","floor":4.0},{"not_picked":["PokerPlayerMod:Spade3","PokerPlayerMod:Heart1"],"picked":"PokerPlayerMod:FlyingCard","floor":6.0},{"not_picked":["PokerPlayerMod:ClubShade","PokerPlayerMod:SpadeStrike"],"picked":"PokerPlayerMod:Diamond9","floor":8.0},{"not_picked":["PokerPlayerMod:Club3","PokerPlayerMod:Spade4"],"picked":"PokerPlayerMod:HiddenCard","floor":11.0},{"not_picked":["PokerPlayerMod:Club2","PokerPlayerMod:Spade4"],"picked":"PokerPlayerMod:Spade6","floor":12.0},{"not_picked":["PokerPlayerMod:Raise","PokerPlayerMod:Heart1"],"picked":"PokerPlayerMod:Diamond5","floor":13.0},{"not_picked":["PokerPlayerMod:Configure","PokerPlayerMod:Spade2"],"picked":"PokerPlayerMod:ClubStrike","floor":14.0},{"not_picked":["PokerPlayerMod:Heart8","PokerPlayerMod:SecretDealer"],"picked":"PokerPlayerMod:RoyalStrike","floor":16.0},{"not_picked":["PokerPlayerMod:Trickery","PokerPlayerMod:Club5"],"picked":"PokerPlayerMod:MagicTrick+1","floor":18.0},{"not_picked":["PokerPlayerMod:Spade2","PokerPlayerMod:FillThePot"],"picked":"PokerPlayerMod:Duplicate","floor":20.0},{"not_picked":["PokerPlayerMod:Spade3","PokerPlayerMod:Diamond3"],"picked":"PokerPlayerMod:HiddenCard+1","floor":22},{"not_picked":["PokerPlayerMod:SpadeStrike+1","PokerPlayerMod:Spade4"],"picked":"PokerPlayerMod:ChangeRules","floor":23},{"not_picked":["PokerPlayerMod:Diamond1","PokerPlayerMod:Club3"],"picked":"PokerPlayerMod:Diamond3","floor":24},{"not_picked":["PokerPlayerMod:SecondChance","PokerPlayerMod:FlyingCard"],"picked":"PokerPlayerMod:WasteCollection","floor":25},{"not_picked":["PokerPlayerMod:ClubStrike","PokerPlayerMod:DiamondStrike"],"picked":"PokerPlayerMod:Spade10+","floor":27},{"not_picked":["PokerPlayerMod:Configure","PokerPlayerMod:Trickery+1"],"picked":"PokerPlayerMod:Sharpen","floor":28},{"not_picked":["PokerPlayerMod:Spade3","PokerPlayerMod:CloakAndDiamond"],"picked":"PokerPlayerMod:Diamond4","floor":28},{"not_picked":["PokerPlayerMod:Raise+1","PokerPlayerMod:ClubShade+1"],"picked":"PokerPlayerMod:Overdeal+1","floor":29},{"not_picked":["PokerPlayerMod:Spade5","PokerPlayerMod:Diamond1"],"picked":"PokerPlayerMod:Diamond3","floor":30},{"not_picked":["PokerPlayerMod:CardBurn","PokerPlayerMod:Club3"],"picked":"PokerPlayerMod:ClubStrike","floor":30},{"not_picked":["PokerPlayerMod:Diamond9","PokerPlayerMod:SecretDealer"],"picked":"PokerPlayerMod:ItsShowtime","floor":33},{"not_picked":["PokerPlayerMod:Spade1","PokerPlayerMod:Diamond3"],"picked":"PokerPlayerMod:SecondChance","floor":35},{"not_picked":["PokerPlayerMod:CloakAndDiamond","PokerPlayerMod:Diamond3"],"picked":"PokerPlayerMod:CardBurn+1","floor":35},{"not_picked":["PokerPlayerMod:Diamond2","PokerPlayerMod:CardBurn"],"picked":"PokerPlayerMod:FlyingCard+1","floor":36},{"not_picked":["PokerPlayerMod:CardBurn","PokerPlayerMod:Diamond2"],"picked":"PokerPlayerMod:Spade6","floor":36},{"not_picked":["testmod-BackupPower","BettingIsNotGood"],"picked":"testmod-Reverberation","floor":37},{"not_picked":["BettingIsNotGood","testmod-Bloodthirsty"],"picked":"AT_BreakingExtremeWeapon","floor":37},{"not_picked":["Sadistic Nature","testmod-DeathImprint"],"picked":"REME_AllRoundStrike","floor":37},{"not_picked":["PokerPlayerMod:SpadeStrike","PokerPlayerMod:Spade2"],"picked":"PokerPlayerMod:Diamond4","floor":39},{"not_picked":["PokerPlayerMod:Configure","PokerPlayerMod:CardBurn+1"],"picked":"PokerPlayerMod:Diamond8","floor":39},{"not_picked":["PokerPlayerMod:Heart2","PokerPlayerMod:Diamond2"],"picked":"PokerPlayerMod:HotShotCut+1","floor":41},{"not_picked":["PokerPlayerMod:CloakAndDiamond+1","PokerPlayerMod:Diamond1"],"picked":"PokerPlayerMod:Diamond6","floor":42},{"not_picked":["PokerPlayerMod:Spade3","PokerPlayerMod:Diamond1"],"picked":"PokerPlayerMod:Diamond3","floor":42},{"not_picked":["PokerPlayerMod:Configure","PokerPlayerMod:Spade1"],"picked":"PokerPlayerMod:DamnStraight+1","floor":44},{"not_picked":["PokerPlayerMod:Fold","PokerPlayerMod:Diamond3"],"picked":"PokerPlayerMod:Trickery+1","floor":44},{"not_picked":["PokerPlayerMod:Spade2","PokerPlayerMod:DiamondStrike+1"],"picked":"PokerPlayerMod:ClubShade+1","floor":46},{"not_picked":["PokerPlayerMod:Club4","PokerPlayerMod:Spade1"],"picked":"PokerPlayerMod:Spade6","floor":47},{"not_picked":["PokerPlayerMod:Spade2","PokerPlayerMod:ClubsClub"],"picked":"PokerPlayerMod:Club4","floor":47},{"not_picked":["PokerPlayerMod:DartThrow","PokerPlayerMod:Club4"],"picked":"PokerPlayerMod:Diamond10+","floor":48},{"not_picked":["PokerPlayerMod:Club1","PokerPlayerMod:Diamond1"],"picked":"PokerPlayerMod:MagicTrick","floor":35},{"not_picked":["PokerPlayerMod:CloakAndDiamond","PokerPlayerMod:Spade1"],"picked":"PokerPlayerMod:Manipulation","floor":35},{"not_picked":["PokerPlayerMod:Spade2","PokerPlayerMod:Diamond4"],"picked":"PokerPlayerMod:PoorCopy","floor":36},{"not_picked":["PokerPlayerMod:Spade3","PokerPlayerMod:Club2"],"picked":"PokerPlayerMod:Configure+1","floor":36},{"not_picked":["PokerPlayerMod:Club3","PokerPlayerMod:CardPrinter"],"picked":"PokerPlayerMod:Overdeal+1","floor":37},{"not_picked":["PokerPlayerMod:Spade2","PokerPlayerMod:Diamond3"],"picked":"PokerPlayerMod:Diamond4","floor":37},{"not_picked":["PokerPlayerMod:Club2","PokerPlayerMod:Diamond2"],"picked":"PokerPlayerMod:SpadeStrike","floor":38},{"not_picked":["PokerPlayerMod:Spade3","PokerPlayerMod:Spade1"],"picked":"PokerPlayerMod:Spade4","floor":38},{"not_picked":["PokerPlayerMod:Spade1","PokerPlayerMod:Heart4"],"picked":"PokerPlayerMod:MagicTrick","floor":39},{"not_picked":["PokerPlayerMod:DartThrow","PokerPlayerMod:CardPrinter+1"],"picked":"PokerPlayerMod:Fold+1","floor":39},{"not_picked":["PokerPlayerMod:Club2","PokerPlayerMod:HiddenCard+1"],"picked":"PokerPlayerMod:WasteCollection","floor":41},{"not_picked":["PokerPlayerMod:ClubsClub+1","PokerPlayerMod:Spade1"],"picked":"PokerPlayerMod:SpadeStrike+1","floor":44},{"not_picked":["PokerPlayerMod:Raise+1","PokerPlayerMod:Diamond1"],"picked":"PokerPlayerMod:Sharpen+1","floor":45},{"not_picked":["PokerPlayerMod:Club2","PokerPlayerMod:Club4"],"picked":"PokerPlayerMod:Club6","floor":45},{"not_picked":["PokerPlayerMod:Diamond5","PokerPlayerMod:Configure+1"],"picked":"PokerPlayerMod:DiamondStrike+1","floor":45},{"not_picked":["PokerPlayerMod:Club5","PokerPlayerMod:Diamond5"],"picked":"PokerPlayerMod:ClubStrike+1","floor":45},{"not_picked":["PokerPlayerMod:Extraction","PokerPlayerMod:CardPrinter"],"picked":"PokerPlayerMod:SpadeStrike+1","floor":45},{"not_picked":["PokerPlayerMod:CardBurn","PokerPlayerMod:Club2"],"picked":"PokerPlayerMod:ItsShowtime","floor":46},{"not_picked":["PokerPlayerMod:Club1","PokerPlayerMod:Club4"],"picked":"PokerPlayerMod:DiamondStrike","floor":48},{"not_picked":["PokerPlayerMod:Diamond1","PokerPlayerMod:HotShotCut"],"picked":"PokerPlayerMod:Diamond7","floor":54}],"player_experience":179558,"relics_obtained":[{"floor":6.0,"key":"Dota2Spire:MonkeyKingBar"},{"floor":8.0,"key":"AT_LudenTempest"},{"floor":9.0,"key":"reliquary:PrincelyHelmet"},{"floor":11.0,"key":"Dota2Spire:ArmletOfMordiggian"},{"floor":14.0,"key":"reliquary:RoseTintedGlasses"},{"floor":23,"key":"Lantern"},{"floor":25,"key":"testmod-IndustrialRevolution"},{"floor":26,"key":"Bottled Lightning"},{"floor":27,"key":"Prayer Wheel"},{"floor":29,"key":"aspiration:Stabinomicon"},{"floor":41,"key":"EdensBlessing"},{"floor":46,"key":"Blue Doll"},{"floor":47,"key":"MealTicket"},{"floor":48,"key":"Pondfish Scales"},{"floor":41,"key":"GuppysHead"},{"floor":43,"key":"Dota2Spire:DrumOfEndurance"},{"floor":44,"key":"AT_MibuBalloonWealth"},{"floor":46,"key":"ReplayTheSpireMod:TigerMarble"},{"floor":48,"key":"HowToJump"},{"floor":54,"key":"Iron Hammer"}],"event_choices":[{"damage_healed":0.0,"max_hp_gain":0.0,"max_hp_loss":0.0,"gold_gain":0.0,"event_name":"PokerPlayerMod:ExordiumClub","player_choice":"Jackpot","floor":5.0,"gold_loss":0.0,"damage_taken":0.0,"cards_obtained":["PokerPlayerMod:Club2","PokerPlayerMod:Club3","PokerPlayerMod:Club4","PokerPlayerMod:Club5","PokerPlayerMod:Club6"]},{"damage_healed":0.0,"max_hp_gain":0.0,"max_hp_loss":0.0,"gold_gain":0.0,"event_name":"PokerPlayerMod:ExordiumClub","player_choice":"Jackpot","floor":5.0,"gold_loss":0.0,"damage_taken":0.0,"cards_obtained":["PokerPlayerMod:Club2","PokerPlayerMod:Club3","PokerPlayerMod:Club4","PokerPlayerMod:Club5","PokerPlayerMod:Club6"]},{"damage_healed":0.0,"max_hp_gain":0.0,"max_hp_loss":0.0,"gold_gain":0.0,"event_name":"PokerPlayerMod:ExordiumClub","player_choice":"Jackpot","floor":5.0,"gold_loss":0.0,"damage_taken":0.0,"cards_obtained":["PokerPlayerMod:Club2","PokerPlayerMod:Club3","PokerPlayerMod:Club4","PokerPlayerMod:Club5","PokerPlayerMod:Club6"]},{"damage_healed":0.0,"max_hp_gain":0.0,"max_hp_loss":0.0,"gold_gain":0.0,"event_name":"PokerPlayerMod:ExordiumClub","player_choice":"Jackpot","floor":5.0,"gold_loss":0.0,"damage_taken":0.0,"cards_obtained":["PokerPlayerMod:Club2","PokerPlayerMod:Club3","PokerPlayerMod:Club4","PokerPlayerMod:Club5","PokerPlayerMod:Club6"]},{"damage_healed":0.0,"max_hp_gain":0.0,"max_hp_loss":0.0,"gold_gain":0.0,"event_name":"PokerPlayerMod:ExordiumClub","player_choice":"Jackpot","floor":5.0,"gold_loss":0.0,"damage_taken":0.0,"cards_obtained":["PokerPlayerMod:Club2","PokerPlayerMod:Club3","PokerPlayerMod:Club4","PokerPlayerMod:Club5","PokerPlayerMod:Club6"]},{"damage_healed":0,"gold_gain":0,"player_choice":"Copied","damage_taken":0,"max_hp_gain":0,"max_hp_loss":0,"event_name":"PokerPlayerMod:BackToBasicsPoker","floor":31,"gold_loss":0,"cards_obtained":["PokerPlayerMod:BadJoker"]},{"damage_healed":0,"gold_gain":0,"player_choice":"Memory 3","damage_taken":10,"max_hp_gain":0,"max_hp_loss":0,"event_name":"SensoryStone","floor":37,"gold_loss":0}],"is_beta":false,"boss_relics":[{"not_picked":["aspiration:FutureDiary","aspiration:RunicSpoon"],"picked":"testmod-Fanaticism"},{"not_picked":[]},{"not_picked":["testmod-IncinerationGenerator","aspiration:IroncladSkillbook"],"picked":"Coffee Dripper"},{"not_picked":[]}],"items_purged_floors":[],"is_endless":false,"potions_floor_spawned":[1,3,8,11,13,22,24,25,28,39,41,44,35,37,41,54],"ascension_level":1}}