{"host":"u0qetpmu4y58k1tf","time":1613241090,"event":{"mods":["100% Spire Juice","AchievementEnabler","Act Like it!","BaseMod","CapriCore","Colored Map","Colored Powertips","Hermit","Koishi","Marisa£¨Ùöéë¡¡Øª×âÞÞ£©","Minty Spire (QoL Compilation)","Quick Restart","Reliquary","Replay The Spire","StSLib","Td1madao Mod","The Bug Knight","The Cursed","The Gatherer","The Hierophant","The Immortal","The Jungle","The Runesmith","WarShipGirlsR/??á´Ò³R mod"],"gold_per_floor":[112,112,126,201,201,233,233,265,265,278,291,0,0,0,0,96,96,106,126,126,126,139,139,173,191,191,191,217,217,32,62,62,164,164,179,225,225,116,131,166,358,391,391,391,57,70,80,107,107,107,107,107,53,82,82],"floor_reached":56,"language":"KOR","playtime":3159,"items_purged":["Amnesia","Defend_G","Wraith"],"score":1814,"play_id":"4dd46302-5668-42ef-a588-0b9fcd263930","local_time":"20210214033130","is_ascension_mode":true,"campfire_choices":[{"data":"Neutralize","floor":7,"key":"SMITH"},{"floor":15,"key":"DIG"},{"data":"Calculated Gamble","floor":23,"key":"SMITH"},{"floor":27,"key":"RECALL"},{"floor":32,"key":"DIG"},{"floor":44,"key":"DIG"},{"floor":49,"key":"DIG"},{"floor":52,"key":"DIG"}],"circlet_count":0,"master_deck":["Strike_G+1","Strike_G","Strike_G+1","Defend_G","Defend_G+1","Defend_G","Defend_G+1","Survivor","Neutralize+1","Heel Hook","Blade Dance+1","Slice","Acrobatics","Tools of the Trade+1","Underhanded Strike+1","ReplayTheSpireMod:Scrap Shanks+1","After Image+1","Hidden Blade+1","Calculated Gamble+1","Deflect+1","Envenom+1","Underhanded Strike+1","ReplayTheSpireMod:Exploit Weakness+1","ReplayTheSpireMod:Shiv Toss","Underhanded Strike+1","Backstab+1","ReplayTheSpireMod:Scrap Shanks+1","ReplayTheSpireMod:Shiv Toss","ReplayTheSpireMod:Scrap Shanks+1"],"relics":["Ring of the Snake","NeowsBlessing","Quantum Egg","War Paint","Frozen Egg 2","Molten Egg 2","ReplayTheSpireMod:Ninjato","Ornamental Fan","Snecko Scales","Ring of Hypnosis","ReplayTheSpireMod:Ring of Challenge","Bag of Preparation","Regal Pillow","Shovel","theJungle:Creamberry","reliquary:FerryPass","reliquary:RosewoodLute","Replay:Bronze Core","Unceasing Top","Replay:WaspNest","Simple Rune","Mirror","Gambling Chip","reliquary:KillPill","reliquary:QuartzCube","Paper Crane","ReplayTheSpireMod:CursedCoin","reliquary:Stiletto"],"acts_visited":["Exordium","Exordium","TheBeyond","TheEnding"],"potions_floor_usage":[24,31,42,55,55],"damage_taken":[{"damage":0,"enemies":"Small Slimes","floor":1,"turns":1},{"damage":0,"enemies":"Cultist","floor":3,"turns":1},{"damage":0,"enemies":"Lagavulin","floor":6,"turns":1},{"damage":13,"enemies":"Gremlin Nob","floor":8,"turns":4},{"damage":0,"enemies":"2 Louse","floor":10,"turns":2},{"damage":0,"enemies":"2 Fungi Beasts","floor":11,"turns":3},{"damage":0,"enemies":"Hexaghost","floor":16,"turns":6},{"damage":0,"enemies":"Shell Parasite","floor":18,"turns":2},{"damage":3,"enemies":"theJungle:MUSHROOMGANG","floor":19,"turns":3},{"damage":0,"enemies":"theJungle:2_Snecko_Cultists","floor":22,"turns":3},{"damage":11,"enemies":"theJungle:Cassacara","floor":24,"turns":2},{"damage":0,"enemies":"theJungle:Lyon","floor":25,"turns":2},{"damage":0,"enemies":"theJungle:2_Phrogs","floor":28,"turns":3},{"damage":0,"enemies":"theJungle:Cassacara","floor":31,"turns":2},{"damage":0,"enemies":"theJungle:FunGuy","floor":33,"turns":5},{"damage":9,"enemies":"3 Shapes","floor":35,"turns":3},{"damage":0,"enemies":"2 Orb Walkers","floor":36,"turns":2},{"damage":0,"enemies":"Orb Walker","floor":39,"turns":1},{"damage":0,"enemies":"Giant Head","floor":40,"turns":2},{"damage":0,"enemies":"Nemesis","floor":42,"turns":3},{"damage":14,"enemies":"Writhing Mass","floor":46,"turns":2},{"damage":0,"enemies":"Transient","floor":47,"turns":3},{"damage":0,"enemies":"Giant Head","floor":48,"turns":2},{"damage":8,"enemies":"Replay:Hell Engine","floor":50,"turns":3},{"damage":0,"enemies":"Shield and Spear","floor":54,"turns":2},{"damage":1,"enemies":"The Heart","floor":55,"turns":3}],"seed_played":"5852983232741483767","potions_obtained":[{"floor":1,"key":"Fire Potion"},{"floor":10,"key":"Dexterity Potion"},{"floor":11,"key":"Fire Potion"},{"floor":18,"key":"BlessingOfTheForge"},{"floor":22,"key":"CunningPotion"},{"floor":24,"key":"Dexterity Potion"},{"floor":25,"key":"Swift Potion"},{"floor":31,"key":"Weak Potion"},{"floor":35,"key":"Reflective Coating"},{"floor":42,"key":"Swift Potion"},{"floor":48,"key":"Ancient Potion"}],"is_trial":false,"path_per_floor":["M","?","M","?","?","E","R","E","T","M","M","$","$","?","R_BF","B",null,"M","M","?","?","M","R","E","M","T","R","E","?","?","E","R","B",null,"M","?","?","$","M","E","?","E","T","R","$","M","M","E","R_BF","B",null,"R","$","E","B",null],"character_chosen":"THE_SILENT","items_purchased":["ReplayTheSpireMod:Ninjato","ReplayTheSpireMod:Scrap Shanks+1","ReplayTheSpireMod:Shiv Toss","Backstab+1","ReplayTheSpireMod:Scrap Shanks+1","ReplayTheSpireMod:Shiv Toss","ReplayTheSpireMod:CursedCoin","ReplayTheSpireMod:Scrap Shanks+1"],"campfire_rested":0,"item_purchase_floors":[12,12,38,45,45,45,53,53],"current_hp_per_floor":[70,70,70,59,59,59,59,46,46,46,46,46,46,39,39,39,70,70,67,67,67,67,67,62,62,62,62,62,36,36,36,36,36,70,61,61,61,61,61,61,44,44,44,44,44,30,30,30,30,22,70,70,70,70,70],"gold":82,"neow_bonus":"THREE_ENEMY_KILL","is_daily":false,"chose_seed":false,"campfire_upgraded":2,"win_rate":0.0,"timestamp":1613241090,"path_taken":["M","?","?","?","?","E","R","E","T","M","?","?","$","?","R_BF","BOSS","M","M","?","?","M","R","E","M","T","R","E","?","?","E","R","BOSS","M","?","?","$","?","E","?","E","T","R","?","M","M","E","R_BF","BOSS","R","$","E","BOSS"],"items_purchased_type":["Relic","Card","Card","Card","Card","Card","Relic","Card"],"build_version":"2020-12-22","purchased_purges":3,"victory":true,"max_hp_per_floor":[70,70,70,70,70,70,70,70,70,70,70,70,70,70,70,70,70,70,70,70,70,70,70,70,70,70,70,70,70,70,70,70,70,70,70,70,70,70,70,70,70,70,70,70,70,70,70,70,70,70,70,70,70,70,70],"card_choices":[{"not_picked":["PiercingWail","Prepared"],"picked":"Heel Hook","floor":1},{"not_picked":["Replay:Poison Smokescreen","Dodge and Roll"],"picked":"Blade Dance","floor":3},{"not_picked":["Flying Knee","Poisoned Stab"],"picked":"Slice","floor":6},{"not_picked":["Deadly Poison","Draining Mist"],"picked":"Acrobatics","floor":8},{"not_picked":["Dagger Spray+1","Acrobatics"],"picked":"Tools of the Trade+1","floor":10},{"not_picked":["ReplayTheSpireMod:Shiv Toss","PiercingWail"],"picked":"Underhanded Strike+1","floor":11},{"not_picked":["Adrenaline","ReplayTheSpireMod:From All Sides+1"],"picked":"After Image+1","floor":16},{"not_picked":["Deflect","Sucker Punch+1"],"picked":"Hidden Blade+1","floor":18},{"not_picked":["Noxious Fumes+1","Predator+1"],"picked":"Calculated Gamble","floor":19},{"not_picked":["Fluid Movement+1","Hidden Blade","Toxin Wave+1"],"picked":"SKIP","floor":22},{"not_picked":["Well Laid Plans+1","ReplayTheSpireMod:Tripwire+1","Atom Bomb+1"],"picked":"SKIP","floor":24},{"not_picked":["Blade Dance+1","Bouncing Flask"],"picked":"Deflect+1","floor":25},{"not_picked":["Distraction","ReplayTheSpireMod:Exploit Weakness","Deflect"],"picked":"SKIP","floor":28},{"not_picked":["Corpse Explosion+1","Acrobatics","Blade Dance"],"picked":"SKIP","floor":31},{"not_picked":["Glass Knife+1","Adrenaline+1"],"picked":"Envenom+1","floor":33},{"not_picked":["Blade Dance+1","Flying Knee+1"],"picked":"Underhanded Strike+1","floor":35},{"not_picked":["Hidden Blade+1","Noxious Fumes+1"],"picked":"ReplayTheSpireMod:Exploit Weakness+1","floor":36},{"not_picked":["Outmaneuver","Poison Darts+1","Flying Knee+1"],"picked":"SKIP","floor":39},{"not_picked":["Quick Slash+1","Dash+1"],"picked":"Underhanded Strike+1","floor":40},{"not_picked":["Quick Slash+1","Backflip+1","Underhanded Strike+1"],"picked":"SKIP","floor":42},{"not_picked":["Expertise+1","Cloak And Dagger","Backflip+1"],"picked":"SKIP","floor":46},{"not_picked":["Poisoned Stab+1","Glass Knife+1","Sucker Punch+1"],"picked":"SKIP","floor":47},{"not_picked":["Poisoned Stab+1","Predator+1","Blade Dance"],"picked":"SKIP","floor":48},{"not_picked":["Choke+1","ReplayTheSpireMod:Tripwire+1","Skewer+1"],"picked":"SKIP","floor":54}],"player_experience":120172,"relics_obtained":[{"floor":6,"key":"War Paint"},{"floor":8,"key":"Frozen Egg 2"},{"floor":9,"key":"Molten Egg 2"},{"floor":15,"key":"Ornamental Fan"},{"floor":21,"key":"Ring of Hypnosis"},{"floor":21,"key":"ReplayTheSpireMod:Ring of Challenge"},{"floor":24,"key":"Bag of Preparation"},{"floor":28,"key":"Regal Pillow"},{"floor":31,"key":"reliquary:FerryPass"},{"floor":32,"key":"reliquary:RosewoodLute"},{"floor":36,"key":"Unceasing Top"},{"floor":40,"key":"Replay:WaspNest"},{"floor":42,"key":"Simple Rune"},{"floor":43,"key":"Mirror"},{"floor":44,"key":"Gambling Chip"},{"floor":48,"key":"reliquary:KillPill"},{"floor":49,"key":"reliquary:QuartzCube"},{"floor":52,"key":"Paper Crane"},{"floor":54,"key":"reliquary:Stiletto"}],"event_choices":[{"damage_healed":0,"gold_gain":0,"player_choice":"Gave Potion","damage_taken":0,"relics_obtained":["Quantum Egg"],"max_hp_gain":0,"max_hp_loss":0,"event_name":"WeMeetAgain","floor":2,"gold_loss":0},{"damage_healed":0,"gold_gain":75,"player_choice":"Gather Gold","damage_taken":11,"max_hp_gain":0,"max_hp_loss":0,"event_name":"World of Goop","floor":4,"gold_loss":0},{"cards_removed":["Strike_G"],"damage_healed":0,"gold_gain":0,"player_choice":"Offered Basic","damage_taken":0,"max_hp_gain":0,"max_hp_loss":0,"event_name":"Bonfire Elementals","floor":5,"gold_loss":0},{"cards_removed":["Strike_G"],"damage_healed":0,"gold_gain":0,"player_choice":"Card Removal","damage_taken":7,"max_hp_gain":0,"max_hp_loss":0,"event_name":"Golden Wing","floor":14,"gold_loss":0},{"damage_healed":0,"gold_gain":0,"player_choice":"Fight","damage_taken":0,"max_hp_gain":0,"max_hp_loss":0,"event_name":"Mysterious Sphere","floor":36,"gold_loss":0},{"damage_healed":0,"gold_gain":0,"player_choice":"Upgraded","damage_taken":0,"max_hp_gain":0,"max_hp_loss":0,"event_name":"Upgrade Shrine","floor":37,"gold_loss":0,"cards_upgraded":["Blade Dance"]}],"is_beta":false,"boss_relics":[{"not_picked":["Coffee Dripper","Black Star"],"picked":"Snecko Scales"},{"not_picked":["Replay:Wanted Poster","reliquary:Craggleroot"],"picked":"Replay:Bronze Core"}],"items_purged_floors":[38,45,53],"is_endless":false,"potions_floor_spawned":[1,10,11,18,22,24,25,31,35,36,42,47,48,54],"ascension_level":4}}