{"host":"8f5cu9y0fpol72qs","time":1613253188,"event":{"mods":["AlwaysNeverKeys","BaseMod","Colored Map","Colored Powertips","Curses Come First","Highlight Path","Key Reminder","Minty Spire (QoL Compilation)","StSLib"],"gold_per_floor":[112,131,131,142,152,187,187,88,111,111,137,11,40,53,53,53,53],"floor_reached":16,"language":"ENG","playtime":1059,"items_purged":["Strike_G","Defend_G"],"score":222,"play_id":"12f7853a-e271-466e-b31b-6f1e952bf247","local_time":"20210213135308","is_ascension_mode":true,"campfire_choices":[{"data":"Crippling Poison","floor":7,"key":"SMITH"},{"floor":15,"key":"REST"}],"circlet_count":0,"master_deck":["AscendersBane","Strike_G","Strike_G","Defend_G","Defend_G","Defend_G","Defend_G","Survivor","Neutralize","Crippling Poison+1","Skewer","Dagger Throw","Dagger Spray","PiercingWail","Well Laid Plans","Calculated Gamble"],"relics":["Velvet Choker","Orichalcum","keyreminder:keyreminder","Pen Nib","Smiling Mask","Bottled Lightning"],"acts_visited":["Exordium"],"potions_floor_usage":[6,16,16],"damage_taken":[{"damage":0,"enemies":"Cultist","floor":1,"turns":4},{"damage":5,"enemies":"Small Slimes","floor":2,"turns":5},{"damage":1,"enemies":"Jaw Worm","floor":4,"turns":4},{"damage":2,"enemies":"3 Louse","floor":5,"turns":3},{"damage":17,"enemies":"Gremlin Nob","floor":6,"turns":4},{"damage":8,"enemies":"3 Sentries","floor":11,"turns":7},{"damage":12,"enemies":"Lagavulin","floor":13,"turns":5},{"damage":0,"enemies":"2 Fungi Beasts","floor":14,"turns":3},{"damage":26,"enemies":"Slime Boss","floor":16,"turns":8}],"seed_played":"4686284773399065417","potions_obtained":[{"floor":1,"key":"AttackPotion"},{"floor":2,"key":"ColorlessPotion"},{"floor":14,"key":"Swift Potion"}],"is_trial":false,"path_per_floor":["M","M","?","M","M","E","R","$","T","?","E","$","E","M","R","B"],"character_chosen":"THE_SILENT","items_purchased":["Dagger Spray","Well Laid Plans"],"campfire_rested":1,"item_purchase_floors":[8,12],"current_hp_per_floor":[59,54,54,53,51,34,34,34,34,27,19,19,7,7,26,0,0],"gold":53,"neow_bonus":"BOSS_RELIC","is_daily":false,"chose_seed":false,"campfire_upgraded":1,"win_rate":0.0,"timestamp":1613253188,"path_taken":["M","M","?","?","M","E","R","?","T","?","E","$","E","M","R","BOSS"],"items_purchased_type":["Card","Card"],"build_version":"2020-12-22","purchased_purges":2,"victory":false,"max_hp_per_floor":[66,66,66,66,66,66,66,66,66,66,66,66,66,66,66,66,66],"card_choices":[{"not_picked":["All Out Attack","Well Laid Plans"],"picked":"Crippling Poison","floor":1},{"not_picked":["Backflip","Sucker Punch"],"picked":"Skewer","floor":2},{"not_picked":["Outmaneuver","Masterful Stab"],"picked":"Dagger Throw","floor":4},{"not_picked":["Outmaneuver","Acrobatics","Concentrate"],"picked":"SKIP","floor":5},{"not_picked":["Slice","Sucker Punch","Prepared"],"picked":"SKIP","floor":6},{"not_picked":["Acrobatics","Slice"],"picked":"PiercingWail","floor":11},{"not_picked":["Deflect","Well Laid Plans"],"picked":"Calculated Gamble","floor":13},{"not_picked":["Skewer","Night Terror","Deflect"],"picked":"SKIP","floor":14}],"player_experience":1075989,"relics_obtained":[{"floor":6,"key":"Orichalcum"},{"floor":9,"key":"Pen Nib"},{"floor":11,"key":"Smiling Mask"},{"floor":13,"key":"Bottled Lightning"}],"event_choices":[{"cards_removed":["Strike_G"],"damage_healed":0,"gold_gain":0,"player_choice":"Purged","damage_taken":0,"max_hp_gain":0,"max_hp_loss":0,"event_name":"Purifier","floor":3,"gold_loss":0},{"cards_removed":["Strike_G"],"damage_healed":0,"gold_gain":0,"player_choice":"Card Removal","damage_taken":7,"max_hp_gain":0,"max_hp_loss":0,"event_name":"Golden Wing","floor":10,"gold_loss":0}],"is_beta":false,"boss_relics":[],"items_purged_floors":[8,12],"is_endless":false,"potions_floor_spawned":[1,2,14],"killed_by":"Slime Boss","ascension_level":17}}