{"host":"re327vnqwpdy5ott","time":1613206386,"event":{"mods":["BaseMod","Conspire","Downfall","Hubris","Minty Spire (QoL Compilation)","Replay The Spire","StSLib"],"gold_per_floor":[99,119,135,585,600,600,600,600,41,41,58,43,43,78,92,92,92,92],"floor_reached":16,"language":"ENG","playtime":1057,"items_purged":["downfall:Icky"],"score":100,"play_id":"34e9a9d9-8e2f-4056-926a-4ecf7b72f222","local_time":"20210213005306","is_ascension_mode":false,"campfire_choices":[],"circlet_count":0,"master_deck":["conspire:GhostlyStrike","conspire:GhostlyStrike","conspire:GhostlyDefend","conspire:GhostlyDefend","conspire:GhostlyDefend","sneckomod:TailWhip","sneckomod:SnekBite+1","sneckomod:Rotation","hexamod:VolcanoVisage","sneckomod:SerpentIdol","sneckomod:Nope","downfall:Icky","downfall:Icky","sneckomod:UnknownUncommonPower","Core Surge+1","sneckomod:SoulExchange","expansioncontent:QuickStudy","sneckomod:IronFang","sneckomod:Unknown1Cost","sneckomod:SlitherStrike"],"relics":["sneckomod:SneckoSoul","Chameleon Ring","Juzu Bracelet","Potion Belt","hubris:Towel","Whetstone"],"acts_visited":["Exordium"],"potions_floor_usage":[14,16],"damage_taken":[{"damage":10,"enemies":"Small Slimes","floor":2,"turns":4},{"damage":0,"enemies":"conspire:RoseBush","floor":3,"turns":4},{"damage":14,"enemies":"2 Louse","floor":5,"turns":3},{"damage":5,"enemies":"downfall:FleeingMerchant","floor":9,"turns":4},{"damage":11,"enemies":"Large Slime","floor":11,"turns":7},{"damage":10,"enemies":"downfall:FleeingMerchant","floor":12,"turns":5},{"damage":33,"enemies":"3 Sentries","floor":14,"turns":9},{"damage":27,"enemies":"3 Louse","floor":15,"turns":7},{"damage":45,"enemies":"IC_STATUS_ARCHETYPE","floor":16,"turns":10}],"seed_played":"-4705745414049986158","potions_obtained":[{"floor":2,"key":"AttackPotion"},{"floor":11,"key":"CultistPotion"},{"floor":13,"key":"DuplicationPotion"},{"floor":13,"key":"EssenceOfSteel"},{"floor":14,"key":"SpeedPotion"},{"floor":15,"key":"champ:CounterPotion"}],"is_trial":false,"path_per_floor":["R","M","M","?","M","R","T","?","$","?","M","$","R","E","M","B"],"character_chosen":"THE_SNECKO","items_purchased":["Juzu Bracelet","Potion Belt","expansioncontent:QuickStudy"],"campfire_rested":0,"item_purchase_floors":[9,9,9],"current_hp_per_floor":[90,80,80,80,66,66,66,66,61,61,50,50,50,17,20,0,0,0],"gold":92,"neow_bonus":"TRANSFORM_CARD","is_daily":false,"chose_seed":false,"campfire_upgraded":0,"win_rate":0.0,"timestamp":1613206386,"path_taken":["R","M","M","?","M","R","T","?","$","?","M","$","R","E","M","BOSS"],"items_purchased_type":["Relic","Relic","Card"],"build_version":"2020-12-22","purchased_purges":1,"victory":false,"max_hp_per_floor":[90,90,90,90,90,90,90,90,90,90,90,90,90,90,90,90,90,90],"card_choices":[{"not_picked":["sneckomod:RainOfDice","sneckomod:UnknownCommonAttack"],"picked":"sneckomod:SerpentIdol","floor":2},{"not_picked":["sneckomod:WideSting","sneckomod:UnknownDraw"],"picked":"sneckomod:Nope","floor":3},{"not_picked":["sneckomod:Nope","sneckomod:TrashToTreasure"],"picked":"sneckomod:UnknownUncommonPower","floor":5},{"not_picked":["sneckomod:CheapStock","sneckomod:SoulDraw"],"picked":"sneckomod:SoulExchange","floor":9},{"not_picked":["sneckomod:QuickMove","sneckomod:SoulRoll"],"picked":"sneckomod:IronFang","floor":11},{"not_picked":["sneckomod:UnknownExhaust","sneckomod:UnknownDraw","sneckomod:QuickBite"],"picked":"SKIP","floor":12},{"not_picked":["sneckomod:Unknown2Cost","sneckomod:Nope"],"picked":"sneckomod:Unknown1Cost","floor":14},{"not_picked":["sneckomod:ImprovisedGuard","sneckomod:UnknownExhaust"],"picked":"sneckomod:SlitherStrike","floor":15}],"player_experience":262040,"relics_obtained":[{"floor":7,"key":"Chameleon Ring"},{"floor":14,"key":"Whetstone"}],"event_choices":[{"damage_healed":0,"gold_gain":0,"player_choice":"Agree","damage_taken":0,"max_hp_gain":0,"max_hp_loss":0,"event_name":"conspire:LoneGhost","floor":8,"gold_loss":0}],"is_beta":false,"boss_relics":[],"items_purged_floors":[9],"is_endless":false,"potions_floor_spawned":[2,11,14,15],"killed_by":"IC_STATUS_ARCHETYPE","ascension_level":0}}