{"host":"nsc6ozq3atyrdr3m","time":1613258035,"event":{"mods":["BaseMod","Colored Map","Minty Spire (QoL Compilation)"],"gold_per_floor":[110,185,185,185,198,228,228,242,267,282,282,125,125,46,46,120,120,139,23,73,73,91,91,91],"floor_reached":23,"language":"FRA","playtime":359,"items_purged":["Strike_R"],"score":424,"play_id":"e8136cbb-00ee-4a59-b1ab-590be11a0d6c","local_time":"20210214001355","is_ascension_mode":true,"campfire_choices":[{"data":"Flex","floor":7,"key":"SMITH"},{"data":"Barricade","floor":13,"key":"SMITH"},{"data":"Uppercut","floor":15,"key":"SMITH"}],"circlet_count":0,"master_deck":["AscendersBane","Strike_R","Strike_R","Strike_R","Strike_R","Defend_R","Defend_R","Defend_R","Bash","Fire Breathing","Flex+1","Offering","Barricade+1","Uppercut+1","Reaper","Whirlwind","Whirlwind"],"relics":["Burning Blood","NeowsBlessing","Toy Ornithopter","Pen Nib","MealTicket","Sling","Runic Cube"],"acts_visited":["Exordium","TheCity"],"potions_floor_usage":[16,16,23,23],"damage_taken":[{"damage":0,"enemies":"2 Louse","floor":1,"turns":2},{"damage":0,"enemies":"Jaw Worm","floor":5,"turns":1},{"damage":0,"enemies":"Lagavulin","floor":6,"turns":1},{"damage":1,"enemies":"Cultist","floor":8,"turns":3},{"damage":6,"enemies":"2 Fungi Beasts","floor":10,"turns":2},{"damage":39,"enemies":"Slime Boss","floor":16,"turns":7},{"damage":53,"enemies":"Shell Parasite","floor":18,"turns":5},{"damage":18,"enemies":"Chosen","floor":22,"turns":4},{"damage":58,"enemies":"Book of Stabbing","floor":23,"turns":4}],"seed_played":"8713805601460480352","potions_obtained":[{"floor":1,"key":"Fire Potion"},{"floor":8,"key":"Fire Potion"},{"floor":16,"key":"Explosive Potion"},{"floor":18,"key":"Swift Potion"}],"is_trial":false,"path_per_floor":["M","?","?","T","M","E","R","M","T","M","?","$","R","$","R","B",null,"M","$","?","?","M","E"],"character_chosen":"IRONCLAD","items_purchased":["Sling","Uppercut","Whirlwind"],"campfire_rested":0,"item_purchase_floors":[12,14,19],"current_hp_per_floor":[74,63,56,56,62,68,68,73,73,73,73,75,75,75,75,52,69,22,37,37,52,40,0,0],"gold":91,"neow_bonus":"THREE_ENEMY_KILL","is_daily":false,"chose_seed":false,"campfire_upgraded":3,"win_rate":0.0,"timestamp":1613258035,"path_taken":["M","?","?","?","M","E","R","M","T","?","?","$","R","$","R","BOSS","M","$","?","?","M","E"],"items_purchased_type":["Relic","Card","Card"],"build_version":"2020-12-22","purchased_purges":1,"victory":false,"max_hp_per_floor":[75,75,75,75,75,75,75,75,75,75,75,75,75,75,75,75,75,75,75,75,75,75,75,75],"card_choices":[{"not_picked":["Twin Strike","Armaments"],"picked":"Fire Breathing","floor":1},{"not_picked":["Twin Strike","Hemokinesis"],"picked":"Flex","floor":5},{"not_picked":["Burning Pact","Wild Strike","Anger"],"picked":"SKIP","floor":6},{"not_picked":["Heavy Blade","Sword Boomerang"],"picked":"Offering","floor":8},{"not_picked":["Rage","Iron Wave","Feel No Pain"],"picked":"SKIP","floor":10},{"not_picked":["Exhume","Brutality"],"picked":"Reaper","floor":16},{"not_picked":["Clothesline","True Grit"],"picked":"Whirlwind","floor":18},{"not_picked":["Shockwave","Feel No Pain+1","Armaments"],"picked":"SKIP","floor":22}],"player_experience":413288,"relics_obtained":[{"floor":4,"key":"Toy Ornithopter"},{"floor":6,"key":"Pen Nib"},{"floor":9,"key":"MealTicket"}],"event_choices":[{"damage_healed":0,"gold_gain":75,"player_choice":"Gather Gold","damage_taken":11,"max_hp_gain":0,"max_hp_loss":0,"event_name":"World of Goop","floor":2,"gold_loss":0},{"cards_removed":["Defend_R"],"damage_healed":0,"gold_gain":0,"player_choice":"Card Removal","damage_taken":7,"max_hp_gain":0,"max_hp_loss":0,"event_name":"Golden Wing","floor":3,"gold_loss":0},{"damage_healed":0,"gold_gain":0,"player_choice":"1 cards matched","damage_taken":0,"max_hp_gain":0,"max_hp_loss":0,"event_name":"Match and Keep!","floor":11,"gold_loss":0,"cards_obtained":["Barricade"]},{"damage_healed":0,"gold_gain":50,"player_choice":"Stole From Cult","damage_taken":0,"max_hp_gain":0,"max_hp_loss":0,"event_name":"Nest","floor":20,"gold_loss":0},{"damage_healed":15,"gold_gain":0,"player_choice":"Heal","damage_taken":0,"max_hp_gain":0,"max_hp_loss":0,"event_name":"The Library","floor":21,"gold_loss":0}],"is_beta":false,"boss_relics":[{"not_picked":["Coffee Dripper","Ectoplasm"],"picked":"Runic Cube"}],"items_purged_floors":[19],"is_endless":false,"potions_floor_spawned":[1,8,10,16,18],"killed_by":"Book of Stabbing","ascension_level":20}}