{"host":"ia9e4s524g7bamk7","time":1613207054,"event":{"mods":["AchievementEnabler","BaseMod","Colored Map","Minty Spire (QoL Compilation)","Permanent Neow","Slay-I","slay the spire mod where everything is the same but ironclad has a cowboy hat"],"gold_per_floor":[110,123,141,155,155,186,201,201,201,201,227,237,237,277,277,402,402,423,348,34,49,64,95,114,154,154,188,188,223,267,267,267,395,395,409,474,474,487,787,787,820,820,820,820,287,303,342,357,357,357,357,357,63,96,96],"floor_reached":56,"language":"ENG","playtime":5560,"items_purged":["Strike_R"],"score":1791,"play_id":"bac4dcbd-e85e-47e9-b817-eb50fea96ee5","local_time":"20210213100414","is_ascension_mode":true,"campfire_choices":[{"data":"Demon Form","floor":8.0,"key":"SMITH"},{"data":"Ghostly Armor","floor":10.0,"key":"SMITH"},{"data":"Infernal Blade","floor":15.0,"key":"SMITH"},{"data":"Entrench","floor":28.0,"key":"SMITH"},{"floor":32.0,"key":"DIG"},{"floor":40.0,"key":"DIG"},{"floor":42.0,"key":"RECALL"},{"floor":44.0,"key":"DIG"},{"floor":49.0,"key":"DIG"},{"floor":52,"key":"DIG"}],"circlet_count":0,"master_deck":["Strike_R","Defend_R","Defend_R","Defend_R","Defend_R","Reaper","Ghostly Armor+1","Demon Form+1","Heavy Blade+1","Infernal Blade+1","Rampage","Flex","Metallicize","Ghostly Armor","Barricade","Ghostly Armor+1","Heavy Blade+1","Flame Barrier","Demon Form","Entrench+1","Body Slam","Shockwave","Disarm","Exhume","Limit Break","Madness","Madness","Power Through+1","Sever Soul+1","Armaments+1"],"relics":["Burning Blood","Champion Belt","Magic Flower","Golden Idol","HornCleat","Coffee Dripper","Shovel","Torii","Oddly Smooth Stone","Sundial","Peace Pipe","Red Mask","Ornamental Fan","InkBottle","Busted Crown","Charon\u0027s Ashes","Orichalcum","Bronze Scales","Mummified Hand","Happy Flower","HandDrill","Gambling Chip","Pen Nib","Blue Candle","Letter Opener","Strange Spoon","Whetstone","Kunai"],"acts_visited":["Exordium","TheCity","TheBeyond","TheEnding"],"potions_floor_usage":[50,55,55],"damage_taken":[{"damage":8.0,"enemies":"Jaw Worm","floor":1.0,"turns":4.0},{"damage":8.0,"enemies":"2 Louse","floor":2.0,"turns":3.0},{"damage":15.0,"enemies":"Cultist","floor":3.0,"turns":6.0},{"damage":31.0,"enemies":"Large Slime","floor":4.0,"turns":8.0},{"damage":26.0,"enemies":"Gremlin Nob","floor":6.0,"turns":4.0},{"damage":8.0,"enemies":"3 Louse","floor":7.0,"turns":3.0},{"damage":20.0,"enemies":"Lagavulin","floor":11.0,"turns":7.0},{"damage":12.0,"enemies":"2 Fungi Beasts","floor":12.0,"turns":4.0},{"damage":33.0,"enemies":"3 Sentries","floor":14.0,"turns":8.0},{"damage":0.0,"enemies":"Slime Boss","floor":16.0,"turns":6.0},{"damage":11.0,"enemies":"Spheric Guardian","floor":18.0,"turns":6.0},{"damage":13.0,"enemies":"Shell Parasite","floor":21.0,"turns":12.0},{"damage":8.0,"enemies":"Chosen and Byrds","floor":22.0,"turns":6.0},{"damage":70.0,"enemies":"Slavers","floor":23.0,"turns":8.0},{"damage":36.0,"enemies":"3 Cultists","floor":24.0,"turns":6.0},{"damage":34.0,"enemies":"Book of Stabbing","floor":25.0,"turns":6.0},{"damage":57.0,"enemies":"Gremlin Leader","floor":27.0,"turns":7.0},{"damage":35.0,"enemies":"Masked Bandits","floor":29.0,"turns":6.0},{"damage":12.0,"enemies":"Book of Stabbing","floor":30.0,"turns":7.0},{"damage":0.0,"enemies":"Champ","floor":33.0,"turns":15.0},{"damage":19.0,"enemies":"3 Darklings","floor":35.0,"turns":10.0},{"damage":31.0,"enemies":"2 Orb Walkers","floor":36.0,"turns":6.0},{"damage":0.0,"enemies":"Orb Walker","floor":38.0,"turns":4.0},{"damage":68.0,"enemies":"Reptomancer","floor":41.0,"turns":8.0},{"damage":1.0,"enemies":"4 Shapes","floor":46.0,"turns":6.0},{"damage":32.0,"enemies":"Nemesis","floor":47.0,"turns":13.0},{"damage":42.0,"enemies":"Transient","floor":48.0,"turns":5.0},{"damage":66,"enemies":"Awakened One","floor":50,"turns":12},{"damage":0,"enemies":"Shield and Spear","floor":54,"turns":6},{"damage":88,"enemies":"The Heart","floor":55,"turns":9}],"seed_played":"-5052965318643339632","potions_obtained":[{"floor":1.0,"key":"LiquidMemories"},{"floor":4.0,"key":"DuplicationPotion"},{"floor":6.0,"key":"Weak Potion"},{"floor":11.0,"key":"GamblersBrew"},{"floor":14.0,"key":"SneckoOil"},{"floor":22.0,"key":"SteroidPotion"},{"floor":23.0,"key":"Ancient Potion"},{"floor":25.0,"key":"GamblersBrew"},{"floor":29.0,"key":"Fire Potion"},{"floor":30.0,"key":"Block Potion"},{"floor":35.0,"key":"SpeedPotion"},{"floor":36.0,"key":"Ancient Potion"},{"floor":46.0,"key":"DistilledChaos"},{"floor":54,"key":"Strength Potion"}],"is_trial":false,"path_per_floor":["M","M","M","M","?","E","M","R","T","R","E","M","?","E","R","B",null,"M","?","$","M","M","E","M","E","T","E","R","?","E","?","R","B",null,"M","?","?","M","?","R","E","R","T","R","$","M","E","M","R","B",null,"R","$","E","B",null],"character_chosen":"IRONCLAD","items_purchased":["Shovel","HandDrill","Gambling Chip","Strange Spoon","Whetstone"],"campfire_rested":0,"item_purchase_floors":[20,45,45,53,53],"current_hp_per_floor":[70,72,72,69,69,49,61,61,61,61,47,62,44,67,67,72,72,70,70,70,72,72,52,45,35,35,23,23,24,27,27,27,72,72,72,50,41,59,59,59,48,48,48,48,48,72,53,38,38,72,72,72,72,72,35],"gold":96,"neow_bonus":"THREE_RARE_CARDS","is_daily":false,"chose_seed":false,"campfire_upgraded":4,"win_rate":0.0,"timestamp":1613207054,"path_taken":["M","M","M","M","?","E","M","R","T","R","E","M","?","E","R","BOSS","M","?","$","M","M","E","M","E","T","E","R","?","E","?","R","BOSS","M","?","?","M","?","R","E","R","T","R","$","M","E","?","R","BOSS","R","$","E","BOSS"],"items_purchased_type":["Relic","Relic","Relic","Relic","Relic"],"build_version":"2020-12-22","purchased_purges":1,"victory":true,"max_hp_per_floor":[72,72,72,72,72,72,72,72,72,72,72,72,72,72,72,72,72,72,72,72,72,72,72,72,72,72,72,72,72,72,72,72,72,72,72,72,72,72,72,72,72,72,72,72,72,72,72,72,72,72,72,72,72,72,72],"card_choices":[{"not_picked":["Corruption","Exhume"],"picked":"Reaper","floor":0.0},{"not_picked":["Rampage","Havoc"],"picked":"Ghostly Armor","floor":1.0},{"not_picked":["Armaments","Sword Boomerang"],"picked":"Demon Form","floor":2.0},{"not_picked":["True Grit","Blood for Blood"],"picked":"Heavy Blade","floor":3.0},{"not_picked":["Twin Strike","Headbutt"],"picked":"Infernal Blade","floor":4.0},{"not_picked":["Blood for Blood","Feel No Pain"],"picked":"Rampage","floor":6.0},{"not_picked":["Wild Strike","Feel No Pain"],"picked":"Flex","floor":7.0},{"not_picked":["Sword Boomerang","Carnage","Clash"],"picked":"SKIP","floor":11.0},{"not_picked":["Wild Strike","Warcry"],"picked":"Metallicize","floor":12.0},{"not_picked":["True Grit","Clothesline"],"picked":"Ghostly Armor","floor":14.0},{"not_picked":["Bludgeon","Immolate"],"picked":"Barricade","floor":16.0},{"not_picked":["Flex+1","Rage+1"],"picked":"Ghostly Armor+1","floor":18.0},{"not_picked":["Thunderclap","Cleave+1","Whirlwind"],"picked":"SKIP","floor":21.0},{"not_picked":["Power Through","Twin Strike"],"picked":"Heavy Blade+1","floor":22.0},{"not_picked":["Seeing Red","Immolate"],"picked":"Flame Barrier","floor":23.0},{"not_picked":["Feel No Pain","Pommel Strike","Havoc"],"picked":"SKIP","floor":24.0},{"not_picked":["Havoc","Immolate"],"picked":"Demon Form","floor":25.0},{"not_picked":["Dark Embrace","Flex+1"],"picked":"Entrench","floor":27.0},{"not_picked":["Sword Boomerang","Whirlwind"],"picked":"Body Slam","floor":29.0},{"not_picked":["Rampage","Dropkick"],"picked":"Shockwave","floor":30.0},{"not_picked":["Berserk","Corruption"],"picked":"Limit Break","floor":33.0},{"not_picked":["Fire Breathing"],"picked":"SKIP","floor":35.0},{"not_picked":[],"picked":"Power Through+1","floor":38.0},{"not_picked":["Hemokinesis+1"],"picked":"SKIP","floor":41.0},{"not_picked":["Perfected Strike"],"picked":"SKIP","floor":46.0},{"not_picked":[],"picked":"Sever Soul","floor":47.0},{"not_picked":["Intimidate"],"picked":"SKIP","floor":48.0},{"not_picked":[],"picked":"Armaments+1","floor":54}],"player_experience":334197,"relics_obtained":[{"floor":6.0,"key":"Champion Belt"},{"floor":11.0,"key":"Magic Flower"},{"floor":14.0,"key":"HornCleat"},{"floor":23.0,"key":"Torii"},{"floor":25.0,"key":"Oddly Smooth Stone"},{"floor":26.0,"key":"Sundial"},{"floor":27.0,"key":"Peace Pipe"},{"floor":29.0,"key":"Red Mask"},{"floor":30.0,"key":"Ornamental Fan"},{"floor":32.0,"key":"InkBottle"},{"floor":36.0,"key":"Charon\u0027s Ashes"},{"floor":40.0,"key":"Orichalcum"},{"floor":41.0,"key":"Bronze Scales"},{"floor":43.0,"key":"Mummified Hand"},{"floor":44.0,"key":"Happy Flower"},{"floor":47.0,"key":"Pen Nib"},{"floor":49.0,"key":"Blue Candle"},{"floor":52,"key":"Letter Opener"},{"floor":54,"key":"Kunai"}],"event_choices":[{"cards_removed":["Bash"],"damage_healed":0.0,"max_hp_gain":0.0,"max_hp_loss":0.0,"gold_gain":0.0,"event_name":"Living Wall","player_choice":"Forget","floor":5.0,"gold_loss":0.0,"damage_taken":0.0},{"damage_healed":0.0,"max_hp_gain":0.0,"max_hp_loss":0.0,"gold_gain":0.0,"event_name":"Golden Idol","player_choice":"Take Damage","floor":13.0,"gold_loss":0.0,"damage_taken":18.0,"relics_obtained":["Golden Idol"]},{"cards_removed":["Strike_R"],"damage_healed":0.0,"max_hp_gain":0.0,"max_hp_loss":0.0,"gold_gain":0.0,"event_name":"Beggar","player_choice":"Gave Gold","floor":19.0,"gold_loss":75.0,"damage_taken":0.0},{"damage_healed":0.0,"max_hp_gain":0.0,"max_hp_loss":0.0,"gold_gain":0.0,"event_name":"Masked Bandits","player_choice":"Fought Bandits","floor":29.0,"gold_loss":0.0,"damage_taken":0.0},{"damage_healed":0.0,"max_hp_gain":0.0,"max_hp_loss":0.0,"gold_gain":0.0,"cards_transformed":["Strike_R","Strike_R"],"event_name":"Drug Dealer","player_choice":"Became Test Subject","floor":31.0,"gold_loss":0.0,"damage_taken":0.0,"cards_obtained":["Disarm","Exhume"]},{"damage_healed":0.0,"max_hp_gain":0.0,"max_hp_loss":0.0,"gold_gain":0.0,"event_name":"Mysterious Sphere","player_choice":"Fight","floor":36.0,"gold_loss":0.0,"damage_taken":0.0},{"damage_healed":0.0,"max_hp_gain":0.0,"max_hp_loss":0.0,"gold_gain":0.0,"event_name":"Winding Halls","player_choice":"Embrace Madness","floor":37.0,"gold_loss":0.0,"damage_taken":9.0,"cards_obtained":["Madness","Madness"]},{"damage_healed":0.0,"max_hp_gain":0.0,"max_hp_loss":0.0,"gold_gain":300.0,"event_name":"Wheel of Change","player_choice":"Gold","floor":39.0,"gold_loss":0.0,"damage_taken":0.0}],"is_beta":false,"boss_relics":[{"not_picked":["Pandora\u0027s Box","Black Blood"],"picked":"Coffee Dripper"},{"not_picked":["Runic Dome","Philosopher\u0027s Stone"],"picked":"Busted Crown"}],"items_purged_floors":[45],"is_endless":false,"potions_floor_spawned":[1,4,6,11,14,22,23,25,29,30,35,36,46,54],"ascension_level":6}}