{"host":"vyjryxuuuxkt43k4","time":1613190608,"event":{"mods":["AchievementEnabler","BaseMod","Colored Map","DeckTracker","Keyboard Shortcuts","Minty Spire (QoL Compilation)","Permanent Neow","Quick Restart","Rare Cards Sparkle","StSLib","SuperFastMode","everything is the same but u backflip on backflip"],"gold_per_floor":[109,119,139,159,84,84,112,112,136,154,67,67,94,94,94,166,166,182,4,36,36,36,36,62,80,80,110,134,201,213,245,257,346,358,388,420,159,205,255,255,155,174,226,244,277,287,317,328,328,328,328],"floor_reached":50,"language":"KOR","playtime":3001,"items_purged":["Strike_G","Strike_G"],"score":1205,"play_id":"0be71fcc-d98f-4526-b589-73d288f7a37e","local_time":"20210213133008","is_ascension_mode":true,"campfire_choices":[{"data":"Dash","floor":6.0,"key":"SMITH"},{"data":"Cloak And Dagger","floor":8.0,"key":"SMITH"},{"data":"Deadly Poison","floor":12.0,"key":"SMITH"},{"floor":15.0,"key":"REST"},{"data":"Apotheosis","floor":23.0,"key":"SMITH"},{"data":"Adrenaline","floor":32.0,"key":"SMITH"},{"floor":40,"key":"DIG"},{"data":"Night Terror","floor":49,"key":"SMITH"}],"circlet_count":0,"master_deck":["AscendersBane","Strike_G","Defend_G","Defend_G","Defend_G","Defend_G","Defend_G","Survivor","Neutralize","Cloak And Dagger+1","Backstab","Dash+1","PiercingWail","Acrobatics","Deadly Poison+1","After Image","Finisher","Adrenaline+1","Apotheosis+1","Bouncing Flask","Heel Hook","Choke","Noxious Fumes","Burst","Tactician","Catalyst","The Bomb","Corpse Explosion","Doubt","PiercingWail","PiercingWail+1","Night Terror+1","Prepared+1"],"relics":["Ring of the Snake","Pen Nib","Odd Mushroom","Bronze Scales","Happy Flower","Cursed Key","Red Mask","Omamori","Meat on the Bone","MawBank","Bag of Marbles","FossilizedHelix","Runic Pyramid","Shovel","Vajra","Bag of Preparation","Question Card","Juzu Bracelet"],"acts_visited":["Exordium","TheCity","TheBeyond"],"potions_floor_usage":[38,45,50],"damage_taken":[{"damage":2.0,"enemies":"Small Slimes","floor":1.0,"turns":5.0},{"damage":0.0,"enemies":"2 Louse","floor":2.0,"turns":4.0},{"damage":2.0,"enemies":"Jaw Worm","floor":3.0,"turns":5.0},{"damage":0.0,"enemies":"3 Louse","floor":4.0,"turns":1.0},{"damage":17.0,"enemies":"The Mushroom Lair","floor":7.0,"turns":6.0},{"damage":6.0,"enemies":"Large Slime","floor":10.0,"turns":4.0},{"damage":9.0,"enemies":"3 Sentries","floor":13.0,"turns":8.0},{"damage":28.0,"enemies":"The Guardian","floor":16.0,"turns":11.0},{"damage":10.0,"enemies":"Spheric Guardian","floor":18.0,"turns":4.0},{"damage":3.0,"enemies":"Masked Bandits","floor":20.0,"turns":4.0},{"damage":0.0,"enemies":"Book of Stabbing","floor":24.0,"turns":4.0},{"damage":0.0,"enemies":"2 Thieves","floor":25.0,"turns":3.0},{"damage":29.0,"enemies":"Gremlin Leader","floor":27.0,"turns":5.0},{"damage":13.0,"enemies":"Snake Plant","floor":28.0,"turns":3.0},{"damage":6.0,"enemies":"Cultist and Chosen","floor":31.0,"turns":4.0},{"damage":30.0,"enemies":"Champ","floor":33.0,"turns":13.0},{"damage":0.0,"enemies":"3 Shapes","floor":35.0,"turns":5.0},{"damage":0.0,"enemies":"Orb Walker","floor":36.0,"turns":1.0},{"damage":26,"enemies":"2 Orb Walkers","floor":38,"turns":4},{"damage":16,"enemies":"Writhing Mass","floor":42,"turns":3},{"damage":0,"enemies":"Maw","floor":44,"turns":4},{"damage":23,"enemies":"Reptomancer","floor":45,"turns":5},{"damage":0,"enemies":"4 Shapes","floor":46,"turns":3},{"damage":15,"enemies":"Giant Head","floor":47,"turns":7},{"damage":0,"enemies":"Writhing Mass","floor":48,"turns":4},{"damage":47,"enemies":"Time Eater","floor":50,"turns":5}],"seed_played":"-1971508521570481933","potions_obtained":[{"floor":2.0,"key":"Explosive Potion"},{"floor":3.0,"key":"SpeedPotion"},{"floor":7.0,"key":"SteroidPotion"},{"floor":13.0,"key":"GamblersBrew"},{"floor":18.0,"key":"DuplicationPotion"},{"floor":24.0,"key":"Fruit Juice"},{"floor":27.0,"key":"Energy Potion"},{"floor":31.0,"key":"Dexterity Potion"},{"floor":33.0,"key":"PowerPotion"},{"floor":42,"key":"Weak Potion"},{"floor":45,"key":"GamblersBrew"},{"floor":47,"key":"Swift Potion"},{"floor":48,"key":"Ancient Potion"}],"is_trial":false,"path_per_floor":["M","M","M","M","?","R","?","R","T","M","$","R","E","?","R","B",null,"M","$","?","?","?","R","E","M","T","E","M","T","?","M","R","B",null,"M","M","$","?","?","R","$","M","T","M","E","M","E","M","R","B"],"character_chosen":"THE_SILENT","items_purchased":["After Image","Apotheosis","The Bomb"],"campfire_rested":1,"item_purchase_floors":[11,19,37],"current_hp_per_floor":[57,57,55,55,55,55,38,38,38,32,32,32,23,16,35,7,51,41,41,38,38,38,38,38,38,38,21,25,25,25,31,31,13,57,57,57,57,43,43,43,43,39,39,39,28,40,37,37,37,0,0],"gold":328,"neow_bonus":"RANDOM_COMMON_RELIC","is_daily":false,"chose_seed":false,"campfire_upgraded":6,"win_rate":0.0,"timestamp":1613190608,"path_taken":["M","M","M","M","?","R","?","R","T","M","$","R","E","?","R","BOSS","M","$","?","?","?","R","E","M","T","E","?","?","?","M","R","BOSS","M","?","$","?","?","R","$","?","T","M","E","M","E","M","R","BOSS"],"items_purchased_type":["Card","Card","Card"],"build_version":"2020-12-22","purchased_purges":2,"victory":false,"max_hp_per_floor":[66,66,66,66,66,66,66,66,66,66,66,66,66,66,66,66,66,66,66,66,66,66,66,66,66,66,66,71,71,71,71,71,71,71,71,71,71,71,71,71,71,71,71,71,71,71,71,71,71,71,71],"card_choices":[{"not_picked":["Backflip","Outmaneuver"],"picked":"Cloak And Dagger","floor":1.0},{"not_picked":["Setup","Backflip"],"picked":"Backstab","floor":2.0},{"not_picked":["Dagger Throw","Sucker Punch"],"picked":"Dash","floor":3.0},{"not_picked":["Outmaneuver","Slice"],"picked":"PiercingWail","floor":4.0},{"not_picked":["Dagger Throw","Bane"],"picked":"Acrobatics","floor":7.0},{"not_picked":["Backflip","Flying Knee"],"picked":"Deadly Poison","floor":10.0},{"not_picked":["Riddle With Holes","Outmaneuver"],"picked":"Finisher","floor":13.0},{"not_picked":["Bullet Time","Wraith Form v2"],"picked":"Adrenaline","floor":16.0},{"not_picked":["Dagger Throw","Bane","Slice"],"picked":"SKIP","floor":18.0},{"not_picked":["Underhanded Strike+1","Quick Slash+1"],"picked":"Bouncing Flask","floor":20.0},{"not_picked":["Poisoned Stab","Dodge and Roll+1"],"picked":"Heel Hook","floor":24.0},{"not_picked":["Infinite Blades+1","Dagger Spray"],"picked":"Choke","floor":25.0},{"not_picked":["Finisher","Masterful Stab","Distraction"],"picked":"SKIP","floor":27.0},{"not_picked":["Backstab","Storm of Steel"],"picked":"Noxious Fumes","floor":28.0},{"not_picked":["Dagger Throw","Eviscerate","Heel Hook"],"picked":"SKIP","floor":31.0},{"not_picked":["Doppelganger","Envenom"],"picked":"Burst","floor":33.0},{"not_picked":["Sucker Punch","Underhanded Strike"],"picked":"Tactician","floor":35.0},{"not_picked":["Outmaneuver+1","Sucker Punch"],"picked":"Catalyst","floor":36.0},{"not_picked":["Dagger Throw","Blade Dance"],"picked":"Corpse Explosion","floor":38},{"not_picked":["Sucker Punch","PiercingWail","Blade Dance"],"picked":"SKIP","floor":42},{"not_picked":["Finisher","Infinite Blades"],"picked":"PiercingWail","floor":44},{"not_picked":["Dagger Spray","Outmaneuver+1","Poisoned Stab"],"picked":"SKIP","floor":45},{"not_picked":["Venomology","Deadly Poison+1","Skewer"],"picked":"PiercingWail+1","floor":46},{"not_picked":["Acrobatics+1","Accuracy","Dodge and Roll"],"picked":"Night Terror","floor":47},{"not_picked":["Backflip","Flying Knee","Slice"],"picked":"Prepared+1","floor":48}],"player_experience":968399,"relics_obtained":[{"floor":7.0,"key":"Odd Mushroom"},{"floor":9.0,"key":"Bronze Scales"},{"floor":13.0,"key":"Happy Flower"},{"floor":20.0,"key":"Red Mask"},{"floor":24.0,"key":"Omamori"},{"floor":26.0,"key":"Meat on the Bone"},{"floor":27.0,"key":"MawBank"},{"floor":29.0,"key":"Bag of Marbles"},{"floor":38,"key":"Shovel"},{"floor":40,"key":"Vajra"},{"floor":43,"key":"Bag of Preparation"},{"floor":45,"key":"Question Card"},{"floor":47,"key":"Juzu Bracelet"}],"event_choices":[{"cards_removed":["Strike_G"],"damage_healed":0.0,"max_hp_gain":0.0,"max_hp_loss":0.0,"gold_gain":0.0,"event_name":"The Cleric","player_choice":"Card Removal","floor":5.0,"gold_loss":75.0,"damage_taken":0.0},{"damage_healed":0.0,"max_hp_gain":0.0,"max_hp_loss":0.0,"gold_gain":0.0,"event_name":"Mushrooms","player_choice":"Fought Mushrooms","floor":7.0,"gold_loss":0.0,"damage_taken":0.0},{"cards_removed":["Strike_G"],"damage_healed":0.0,"max_hp_gain":0.0,"max_hp_loss":0.0,"gold_gain":0.0,"event_name":"Golden Wing","player_choice":"Card Removal","floor":14.0,"gold_loss":0.0,"damage_taken":7.0},{"damage_healed":0.0,"max_hp_gain":0.0,"max_hp_loss":0.0,"gold_gain":0.0,"event_name":"Masked Bandits","player_choice":"Fought Bandits","floor":20.0,"gold_loss":0.0,"damage_taken":0.0},{"damage_healed":0.0,"max_hp_gain":0.0,"max_hp_loss":0.0,"gold_gain":0.0,"event_name":"Vampires","player_choice":"Ignored","floor":21.0,"gold_loss":0.0,"damage_taken":0.0},{"damage_healed":0.0,"max_hp_gain":0.0,"max_hp_loss":0.0,"gold_gain":0.0,"event_name":"WeMeetAgain","player_choice":"Gave Potion","floor":30.0,"gold_loss":0.0,"damage_taken":0.0,"relics_obtained":["FossilizedHelix"]},{"damage_healed":0,"gold_gain":0,"player_choice":"Fight","damage_taken":0,"max_hp_gain":0,"max_hp_loss":0,"event_name":"Mysterious Sphere","floor":38,"gold_loss":0},{"damage_healed":0,"gold_gain":50,"player_choice":"Pray","damage_taken":0,"max_hp_gain":0,"max_hp_loss":0,"event_name":"Golden Shrine","floor":39,"gold_loss":0}],"is_beta":false,"boss_relics":[{"not_picked":["Black Star","Calling Bell"],"picked":"Cursed Key"},{"not_picked":["Snecko Eye","Philosopher\u0027s Stone"],"picked":"Runic Pyramid"}],"items_purged_floors":[37,41],"is_endless":false,"potions_floor_spawned":[2,3,7,13,18,24,27,31,33,42,45,47,48],"killed_by":"Time Eater","ascension_level":20}}