{"host":"6xsbn6ynqlzwllfm","time":1613241376,"event":{"mods":["2.2 Compatiblity","BaseMod","Bestiary","Colored Map","Colored Powertips","Curses Come First","Downfall","Highlight Path","Keyboard Shortcuts","Minty Spire (QoL Compilation)","Relic Stats","Slay the Relics Exporter","StSLib","SuperFastMode"],"gold_per_floor":[349,368,386,386,402,17,40,72,82,102,132,149,149,159,172,172,172,172],"floor_reached":16,"language":"ENG","playtime":7269,"items_purged":["Pain"],"score":168,"play_id":"07e6caa6-50fb-4a8f-89e0-e686351dd6ee","local_time":"20210213133616","is_ascension_mode":true,"campfire_choices":[{"data":"bronze:Goto","floor":1,"key":"SMITH"},{"floor":13,"key":"REST"}],"circlet_count":0,"master_deck":["bronze:Strike","bronze:Strike","bronze:Strike","bronze:Strike","bronze:Defend","bronze:Defend","bronze:Defend","bronze:Defend","bronze:Replicate","bronze:Goto+1","bronze:ClassDefault","bronze:Branch","bronze:OilSpill","bronze:Philosophize","bronze:Fortify","bronze:MaxOutput","bronze:BronzeOrb","bronze:Turbo","bronze:InfiniteLoop","bronze:Fortify","bronze:OilSpill"],"relics":["bronze:BronzeCore","WarpedTongs","bronze:DecasWashers","Vajra","Bottled Lightning"],"acts_visited":["Exordium"],"potions_floor_usage":[9,16,16],"damage_taken":[{"damage":10,"enemies":"Small Slimes","floor":2,"turns":4},{"damage":1,"enemies":"Cultist","floor":3,"turns":4},{"damage":4,"enemies":"2 Louse","floor":5,"turns":2},{"damage":5,"enemies":"downfall:FleeingMerchant","floor":6,"turns":4},{"damage":11,"enemies":"Lagavulin","floor":8,"turns":8},{"damage":0,"enemies":"Blue Slaver","floor":9,"turns":1},{"damage":0,"enemies":"Exordium Wildlife","floor":10,"turns":2},{"damage":29,"enemies":"3 Sentries","floor":11,"turns":5},{"damage":0,"enemies":"Red Slaver","floor":12,"turns":1},{"damage":0,"enemies":"2 Fungi Beasts","floor":14,"turns":2},{"damage":0,"enemies":"Lots of Slimes","floor":15,"turns":3},{"damage":24,"enemies":"WA_ARCHETYPE_RETAIN","floor":16,"turns":4}],"seed_played":"5097344071229509628","potions_obtained":[{"floor":5,"key":"AttackPotion"},{"floor":8,"key":"bronze:FreeFunctionsPotion"},{"floor":12,"key":"LiquidMemories"},{"floor":14,"key":"DuplicationPotion"}],"is_trial":false,"path_per_floor":["R","M","M","?","M","$","T","E","M","M","E","M","R","M","M","B"],"character_chosen":"THE_AUTOMATON","items_purchased":["bronze:DecasWashers","bronze:Fortify"],"campfire_rested":1,"item_purchase_floors":[6,6],"current_hp_per_floor":[63,53,52,52,48,43,43,32,32,32,3,3,21,21,21,0,0,0],"gold":172,"neow_bonus":"TWO_FIFTY_GOLD","is_daily":false,"chose_seed":false,"campfire_upgraded":1,"win_rate":0.0,"timestamp":1613241376,"path_taken":["R","M","M","?","M","$","T","E","M","M","E","M","R","M","M","BOSS"],"items_purchased_type":["Relic","Card"],"build_version":"2020-12-22","purchased_purges":1,"victory":false,"max_hp_per_floor":[63,63,63,63,63,63,63,63,63,63,63,63,63,63,63,63,63,63],"relic_stats":{"counters":[12,40],"obtain_stats":[{"bronze:BronzeCore":0,"bronze:DecasWashers":6,"Vajra":8,"Bottled Lightning":11,"WarpedTongs":4},{"bronze:BronzeCore":0,"bronze:DecasWashers":4,"Vajra":5,"Bottled Lightning":8,"WarpedTongs":2},{"bronze:BronzeCore":0,"bronze:DecasWashers":14,"Vajra":22,"Bottled Lightning":30,"WarpedTongs":8}],"WarpedTongs":[32]},"card_choices":[{"not_picked":["bronze:Shield","bronze:Repulsor"],"picked":"bronze:ClassDefault","floor":2},{"not_picked":["bronze:WildBeam","bronze:Constructor"],"picked":"bronze:Branch","floor":3},{"not_picked":["bronze:Branch","bronze:BronzeOrb"],"picked":"bronze:OilSpill","floor":5},{"not_picked":["bronze:Terminator","bronze:Optimize"],"picked":"bronze:Philosophize","floor":6},{"not_picked":["bronze:Constructor","bronze:ForLoop"],"picked":"bronze:MaxOutput","floor":8},{"not_picked":["bronze:WhirlingStrike","bronze:WildBeam"],"picked":"bronze:BronzeOrb","floor":9},{"not_picked":["bronze:BitShift","bronze:DelayedSlice"],"picked":"bronze:Turbo","floor":10},{"not_picked":["bronze:Optimize","bronze:WildBeam"],"picked":"bronze:InfiniteLoop","floor":11},{"not_picked":["bronze:Deprecate","bronze:Shield"],"picked":"bronze:Fortify","floor":12},{"not_picked":["bronze:Turbo","bronze:DelayedSlice"],"picked":"bronze:OilSpill","floor":14},{"not_picked":["bronze:FineTuning","bronze:ChosenStrike","bronze:DelayedSlice"],"picked":"SKIP","floor":15}],"player_experience":1755563,"relics_obtained":[{"floor":8,"key":"Vajra"},{"floor":11,"key":"Bottled Lightning"}],"event_choices":[],"is_beta":false,"boss_relics":[],"items_purged_floors":[6],"is_endless":false,"potions_floor_spawned":[5,8,12,14],"killed_by":"WA_ARCHETYPE_RETAIN","ascension_level":9}}