{"host":"itme","time":1613247579,"event":{"mods":["BaseMod","Minty Spire (QoL Compilation)","StSLib"],"gold_per_floor":[364,380,35,52,77,103,103,139,187,187,187],"floor_reached":10,"language":"ENG","playtime":526,"items_purged":[],"score":152,"play_id":"fda1af67-6da7-40e7-b0b8-191c88a1f901","local_time":"20210213141939","is_ascension_mode":true,"campfire_choices":[{"floor":7,"key":"REST"}],"circlet_count":0,"master_deck":["AscendersBane","Strike_B","Strike_B","Strike_B","Strike_B","Defend_B","Defend_B","Defend_B","Defend_B","Zap","Dualcast","Clumsy","Rebound","Sweeping Beam","Cold Snap","Ball Lightning","Double Energy","Go for the Eyes"],"relics":["Cracked Core","Kunai","Smiling Mask","Matryoshka","CeramicFish","Lantern","Vajra"],"acts_visited":[],"potions_floor_usage":[8,8],"damage_taken":[{"damage":1,"enemies":"Cultist","floor":1,"turns":3},{"damage":0,"enemies":"2 Louse","floor":2,"turns":3},{"damage":8,"enemies":"Small Slimes","floor":4,"turns":2},{"damage":37,"enemies":"Gremlin Nob","floor":6,"turns":4},{"damage":18,"enemies":"Lagavulin","floor":8,"turns":7},{"damage":32,"enemies":"Gremlin Nob","floor":10,"turns":3}],"seed_played":"6778220449498967959","potions_obtained":[{"floor":2,"key":"Explosive Potion"},{"floor":4,"key":"PowerPotion"}],"is_trial":false,"path_per_floor":["M","M","$","M","T","E","R","E","T","E"],"character_chosen":"DEFECT","items_purchased":["Kunai","Cold Snap","Ball Lightning"],"campfire_rested":1,"item_purchase_floors":[3,3,3],"current_hp_per_floor":[63,63,63,55,55,18,39,21,21,0,0],"gold":187,"neow_bonus":"TWO_FIFTY_GOLD","is_daily":false,"chose_seed":false,"campfire_upgraded":0,"win_rate":0.0,"timestamp":1613247579,"path_taken":["M","M","$","M","?","E","R","E","T","E"],"items_purchased_type":["Relic","Card","Card"],"build_version":"2020-12-18","purchased_purges":0,"victory":false,"max_hp_per_floor":[71,71,71,71,71,71,71,71,71,71,71],"card_choices":[{"not_picked":["Streamline","BootSequence"],"picked":"Rebound","floor":1},{"not_picked":["Beam Cell","Rip and Tear"],"picked":"Sweeping Beam","floor":2},{"not_picked":["Barrage","Sweeping Beam","Doom and Gloom"],"picked":"SKIP","floor":4},{"not_picked":["Recycle","Streamline"],"picked":"Double Energy","floor":6},{"not_picked":["Capacitor","Reprogram"],"picked":"Go for the Eyes","floor":8}],"player_experience":905354,"relics_obtained":[{"floor":5,"key":"Smiling Mask"},{"floor":6,"key":"Matryoshka"},{"floor":8,"key":"CeramicFish"},{"floor":9,"key":"Lantern"},{"floor":9,"key":"Vajra"}],"event_choices":[],"is_beta":true,"boss_relics":[],"items_purged_floors":[],"is_endless":false,"potions_floor_spawned":[2,4,6],"killed_by":"Gremlin Nob","ascension_level":20}}