{"host":"0pyv9je0pz1gg9m7","time":1613249310,"event":{"mods":["AchievementEnabler","BaseMod","Colored Map","DeckTracker","Minty Spire (QoL Compilation)","Permanent Neow","StSLib","SuperFastMode","everything is the same but u backflip on backflip"],"gold_per_floor":[110,126,76,95,95,95,124,136,223,250,262,274,303,315,327,467,479,507,534,546,578,590,642,675,687,699,636,661,239,239,255,255,375,375,390,136,160,175,200,235,275,296,320,363,363,363,363,363,363,363,363,363,34,74,74],"floor_reached":56,"language":"KOR","playtime":2515,"items_purged":["EmptyFist","Establishment"],"score":1457,"play_id":"96ac26de-4138-43dc-8454-b7ef7cc14671","local_time":"20210214054830","is_ascension_mode":false,"campfire_choices":[{"data":"Eruption","floor":6,"key":"SMITH"},{"data":"CrushJoints","floor":8,"key":"SMITH"},{"floor":15,"key":"REST"},{"data":"Adaptation","floor":25,"key":"SMITH"},{"data":"Halt+1","floor":32,"key":"PURGE"},{"data":"ClearTheMind","floor":45,"key":"PURGE"},{"floor":47,"key":"RECALL"},{"data":"Vigilance","floor":49,"key":"PURGE"},{"data":"FearNoEvil","floor":52,"key":"SMITH"}],"circlet_count":0,"master_deck":["Eruption+1","Vault","Scrawl","FearNoEvil+1","MentalFortress","InnerPeace+1","MentalFortress","Adaptation+1","Vault","Adaptation+1","MentalFortress","Wish"],"relics":["PureWater","Anchor","MawBank","Mercury Hourglass","Golden Idol","Pandora\u0027s Box","Nilry\u0027s Codex","InkBottle","Peace Pipe","WingedGreaves","Sozu","Medical Kit","Pantograph","HornCleat","Prayer Wheel","Turnip","Kunai"],"acts_visited":["Exordium","TheCity","TheBeyond","TheEnding"],"potions_floor_usage":[24,55,55],"damage_taken":[{"damage":0,"enemies":"Cultist","floor":1,"turns":2},{"damage":0,"enemies":"2 Louse","floor":2,"turns":1},{"damage":5,"enemies":"Small Slimes","floor":4,"turns":2},{"damage":26,"enemies":"3 Sentries","floor":7,"turns":5},{"damage":11,"enemies":"Exordium Thugs","floor":10,"turns":3},{"damage":0,"enemies":"Large Slime","floor":13,"turns":2},{"damage":0,"enemies":"Slime Boss","floor":16,"turns":7},{"damage":0,"enemies":"Chosen","floor":18,"turns":3},{"damage":0,"enemies":"3 Byrds","floor":19,"turns":4},{"damage":0,"enemies":"Snake Plant","floor":21,"turns":3},{"damage":1,"enemies":"Gremlin Leader","floor":23,"turns":4},{"damage":15,"enemies":"Cultist and Chosen","floor":24,"turns":6},{"damage":0,"enemies":"Shelled Parasite and Fungi","floor":28,"turns":2},{"damage":0,"enemies":"3 Cultists","floor":31,"turns":2},{"damage":0,"enemies":"Automaton","floor":33,"turns":4},{"damage":0,"enemies":"3 Shapes","floor":35,"turns":2},{"damage":0,"enemies":"Orb Walker","floor":37,"turns":2},{"damage":0,"enemies":"Maw","floor":38,"turns":2},{"damage":0,"enemies":"Sphere and 2 Shapes","floor":39,"turns":2},{"damage":0,"enemies":"Reptomancer","floor":40,"turns":3},{"damage":0,"enemies":"Nemesis","floor":41,"turns":6},{"damage":0,"enemies":"4 Shapes","floor":42,"turns":2},{"damage":0,"enemies":"Reptomancer","floor":44,"turns":1},{"damage":6,"enemies":"Time Eater","floor":50,"turns":7},{"damage":2,"enemies":"Shield and Spear","floor":54,"turns":3},{"damage":50,"enemies":"The Heart","floor":55,"turns":7}],"seed_played":"-6824532769520474847","potions_obtained":[{"floor":4,"key":"Weak Potion"},{"floor":7,"key":"Energy Potion"},{"floor":16,"key":"SkillPotion"},{"floor":19,"key":"PowerPotion"}],"is_trial":false,"path_per_floor":["M","M","?","M","?","R","E","R","T","M","$","?","M","?","R","B",null,"M","M","?","M","?","E","M","R","T","?","M","$","?","M","R","B",null,"M","$","M","M","M","E","E","M","T","E","R","?","R","$","R","B",null,"R","$","E","B",null],"character_chosen":"WATCHER","items_purchased":["Vault","WingedGreaves","Medical Kit","MentalFortress","Turnip"],"campfire_rested":1,"item_purchase_floors":[29,29,36,53,53],"current_hp_per_floor":[65,65,65,60,53,53,27,27,27,16,16,16,16,16,34,34,60,60,60,60,60,44,43,28,28,28,28,28,28,18,18,18,18,65,65,65,65,65,65,65,65,65,65,65,65,59,59,59,59,59,65,65,65,63,15],"gold":74,"neow_bonus":"REMOVE_TWO","is_daily":false,"chose_seed":false,"campfire_upgraded":4,"win_rate":0.0,"timestamp":1613249310,"path_taken":["M","?","?","M","?","R","E","R","T","M","$","?","?","?","R","BOSS","M","M","?","M","?","E","M","R","T","?","M","$","?","M","R","BOSS","M","$","M","M","M","E","E","M","T","E","R","?","R","$","R","BOSS","R","$","E","BOSS"],"items_purchased_type":["Card","Relic","Relic","Card","Relic"],"build_version":"2020-12-22","purchased_purges":2,"victory":true,"max_hp_per_floor":[65,65,65,65,65,65,65,65,65,65,65,65,65,60,60,60,60,60,60,60,60,60,60,60,60,60,60,60,60,65,65,65,65,65,65,65,65,65,65,65,65,65,65,65,65,65,65,65,65,65,65,65,65,65,65],"card_choices":[{"not_picked":["CutThroughFate","ReachHeaven"],"picked":"EmptyFist","floor":1},{"not_picked":["CutThroughFate","ThirdEye","EmptyFist"],"picked":"SKIP","floor":2},{"not_picked":["ForeignInfluence","Study"],"picked":"CrushJoints","floor":4},{"not_picked":["Pray","FollowUp"],"picked":"Halt","floor":7},{"not_picked":["SashWhip","ClearTheMind","BowlingBash"],"picked":"SKIP","floor":10},{"not_picked":["WaveOfTheHand","JustLucky","CutThroughFate"],"picked":"SKIP","floor":13},{"not_picked":["Judgement","LessonLearned"],"picked":"Vault","floor":16},{"not_picked":["ClearTheMind","EmptyFist"],"picked":"InnerPeace+1","floor":18},{"not_picked":["Wallop","FollowUp","EmptyBody"],"picked":"SKIP","floor":19},{"not_picked":["FollowUp","EmptyMind"],"picked":"MentalFortress","floor":21},{"not_picked":["BowlingBash+1","Prostrate","Halt"],"picked":"SKIP","floor":23},{"not_picked":["LikeWater","Indignation"],"picked":"Adaptation","floor":24},{"not_picked":["ClearTheMind+1","SashWhip","Consecrate"],"picked":"SKIP","floor":28},{"not_picked":["SashWhip","FlyingSleeves","Halt"],"picked":"SKIP","floor":31},{"not_picked":["FearNoEvil","CutThroughFate","FlurryOfBlows+1"],"picked":"SKIP","floor":35},{"not_picked":["CarveReality+1","Fasting2+1","ThirdEye"],"picked":"SKIP","floor":37},{"not_picked":["Swivel","FlurryOfBlows+1","ThirdEye"],"picked":"SKIP","floor":38},{"not_picked":["Perseverance","ThirdEye+1"],"picked":"Adaptation+1","floor":39},{"not_picked":["Nirvana","BowlingBash","CarveReality+1"],"picked":"SKIP","floor":40},{"not_picked":["Pray","SashWhip+1","Sanctity"],"picked":"SKIP","floor":41},{"not_picked":["Pray","SashWhip+1","Sanctity"],"picked":"SKIP","floor":41},{"not_picked":["Conclude+1","CutThroughFate+1","FollowUp+1"],"picked":"SKIP","floor":42},{"not_picked":["Collect","EmptyBody+1","WreathOfFlame"],"picked":"SKIP","floor":44},{"not_picked":["FearNoEvil","ThirdEye+1"],"picked":"Wish","floor":54}],"player_experience":449948,"relics_obtained":[{"floor":7,"key":"MawBank"},{"floor":9,"key":"Mercury Hourglass"},{"floor":22,"key":"Nilry\u0027s Codex"},{"floor":23,"key":"InkBottle"},{"floor":26,"key":"Peace Pipe"},{"floor":40,"key":"Pantograph"},{"floor":41,"key":"HornCleat"},{"floor":44,"key":"Prayer Wheel"},{"floor":54,"key":"Kunai"}],"event_choices":[{"cards_removed":["Strike_P"],"damage_healed":0,"gold_gain":0,"player_choice":"Card Removal","damage_taken":0,"max_hp_gain":0,"max_hp_loss":0,"event_name":"The Cleric","floor":3,"gold_loss":50},{"damage_healed":0,"gold_gain":0,"player_choice":"Success","damage_taken":7,"relics_obtained":["Anchor"],"max_hp_gain":0,"max_hp_loss":0,"event_name":"Scrap Ooze","floor":5,"gold_loss":0},{"damage_healed":0,"gold_gain":0,"player_choice":"Upgraded","damage_taken":0,"max_hp_gain":0,"max_hp_loss":0,"event_name":"Upgrade Shrine","floor":12,"gold_loss":0,"cards_upgraded":["Halt"]},{"damage_healed":0,"gold_gain":0,"player_choice":"Lose Max HP","damage_taken":0,"relics_obtained":["Golden Idol"],"max_hp_gain":0,"max_hp_loss":5,"event_name":"Golden Idol","floor":14,"gold_loss":0},{"damage_healed":0,"gold_gain":0,"player_choice":"Ignored","damage_taken":0,"max_hp_gain":0,"max_hp_loss":0,"event_name":"Ghosts","floor":20,"gold_loss":0},{"damage_healed":0,"gold_gain":0,"player_choice":"Obtained Book","damage_taken":16,"max_hp_gain":0,"max_hp_loss":0,"event_name":"Cursed Tome","floor":22,"gold_loss":0},{"cards_removed":["CrushJoints"],"damage_healed":0,"gold_gain":0,"player_choice":"Gave Gold","damage_taken":0,"max_hp_gain":0,"max_hp_loss":0,"event_name":"Beggar","floor":27,"gold_loss":75},{"damage_healed":0,"gold_gain":0,"player_choice":"Shed Blood","damage_taken":15,"max_hp_gain":5,"max_hp_loss":0,"event_name":"Forgotten Altar","floor":30,"gold_loss":0},{"damage_healed":0,"gold_gain":0,"player_choice":"Damaged","damage_taken":6,"max_hp_gain":0,"max_hp_loss":0,"event_name":"Wheel of Change","floor":46,"gold_loss":0}],"is_beta":false,"boss_relics":[{"not_picked":["Runic Dome","Runic Pyramid"],"picked":"Pandora\u0027s Box"},{"not_picked":["Calling Bell","Snecko Eye"],"picked":"Sozu"}],"items_purged_floors":[29,36],"is_endless":false,"potions_floor_spawned":[4,7,16,19,21,37,39,41],"ascension_level":0}}