{"host":"5kirneupyg4uzd3w","time":1613223960,"event":{"mods":["BaseMod","Colored Map","Custom Start","Minty Spire (QoL Compilation)","StSLib","SuperFastMode"],"gold_per_floor":[115,115,125,141,159,159,186,186,186,221,234,234,159,174,174,250,250,267,284,334,344,344,344],"floor_reached":22,"language":"KOR","playtime":511,"items_purged":["Strike_R"],"score":396,"play_id":"d626bb06-357b-4c8b-98f8-8ad8d0e8749c","local_time":"20210213224600","is_ascension_mode":true,"campfire_choices":[{"data":"Inflame","floor":6.0,"key":"SMITH"},{"data":"Sword Boomerang","floor":8.0,"key":"SMITH"},{"data":"Battle Trance","floor":12.0,"key":"SMITH"},{"data":"Second Wind","floor":15.0,"key":"SMITH"}],"circlet_count":0,"master_deck":["AscendersBane","Strike_R","Strike_R","Strike_R","Defend_R","Defend_R","Defend_R","Defend_R","Bash","Iron Wave","Battle Trance+1","Inflame+1","Cleave","Sword Boomerang+1","Second Wind+1","Fire Breathing+1","Wild Strike","Brutality+1","Dual Wield","Demon Form+1"],"relics":["Burning Blood","Regal Pillow","Pear","Frozen Egg 2","Bronze Scales","SlaversCollar"],"acts_visited":["Exordium","TheCity"],"potions_floor_usage":[22],"damage_taken":[{"damage":12.0,"enemies":"Small Slimes","floor":1.0,"turns":4.0},{"damage":7.0,"enemies":"Cultist","floor":3.0,"turns":4.0},{"damage":11.0,"enemies":"Jaw Worm","floor":4.0,"turns":4.0},{"damage":28.0,"enemies":"Exordium Wildlife","floor":5.0,"turns":6.0},{"damage":25.0,"enemies":"3 Sentries","floor":7.0,"turns":8.0},{"damage":20.0,"enemies":"Lagavulin","floor":10.0,"turns":6.0},{"damage":3.0,"enemies":"Blue Slaver","floor":11.0,"turns":3.0},{"damage":2.0,"enemies":"2 Fungi Beasts","floor":14.0,"turns":2.0},{"damage":13.0,"enemies":"Slime Boss","floor":16.0,"turns":6.0},{"damage":3.0,"enemies":"Chosen","floor":18.0,"turns":4.0},{"damage":42.0,"enemies":"2 Thieves","floor":19.0,"turns":4.0},{"damage":34,"enemies":"Centurion and Healer","floor":21,"turns":7},{"damage":35,"enemies":"Snecko","floor":22,"turns":4}],"seed_played":"3612405885052328529","potions_obtained":[{"floor":1.0,"key":"SpeedPotion"},{"floor":3.0,"key":"LiquidBronze"},{"floor":7.0,"key":"FearPotion"},{"floor":10.0,"key":"Fruit Juice"},{"floor":18.0,"key":"LiquidMemories"}],"is_trial":false,"path_per_floor":["M","?","M","M","M","R","E","R","T","E","M","R","$","M","R","B",null,"M","M","?","M","M"],"character_chosen":"IRONCLAD","items_purchased":[],"campfire_rested":0,"item_purchase_floors":[],"current_hp_per_floor":[62,62,61,56,34,34,25,25,25,11,14,14,14,18,18,16,72,75,39,39,11,0,0],"gold":344,"neow_bonus":"RANDOM_COMMON_RELIC","is_daily":false,"chose_seed":false,"campfire_upgraded":4,"win_rate":0.0,"timestamp":1613223960,"path_taken":["M","?","M","M","M","R","E","R","T","E","M","R","?","?","R","BOSS","BOSS","M","M","?","M","?"],"items_purchased_type":[],"build_version":"2020-12-22","purchased_purges":1,"victory":false,"max_hp_per_floor":[75,75,75,75,75,75,85,85,85,85,85,85,85,85,85,90,90,90,90,90,90,90,90],"card_choices":[{"not_picked":["Burning Pact","Heavy Blade"],"picked":"Iron Wave","floor":1.0},{"not_picked":["Clash","Rampage"],"picked":"Inflame","floor":3.0},{"not_picked":["Warcry","Thunderclap","Dark Embrace"],"picked":"SKIP","floor":4.0},{"not_picked":["Anger","Body Slam"],"picked":"Cleave","floor":5.0},{"not_picked":["Rupture","Combust"],"picked":"Sword Boomerang","floor":7.0},{"not_picked":["Havoc","Rupture+1"],"picked":"Second Wind","floor":10.0},{"not_picked":["Clothesline","Blood for Blood"],"picked":"Fire Breathing+1","floor":11.0},{"not_picked":["Heavy Blade","Iron Wave"],"picked":"Wild Strike","floor":14.0},{"not_picked":["Impervious","Double Tap"],"picked":"Brutality+1","floor":16.0},{"not_picked":["Flex","Perfected Strike"],"picked":"Dual Wield","floor":18.0},{"not_picked":["Cleave","Armaments"],"picked":"Demon Form+1","floor":19.0},{"not_picked":["Rampage","Body Slam","Anger"],"picked":"SKIP","floor":21}],"player_experience":323928,"relics_obtained":[{"floor":7.0,"key":"Pear"},{"floor":9.0,"key":"Frozen Egg 2"},{"floor":10.0,"key":"Bronze Scales"}],"event_choices":[{"damage_healed":0.0,"max_hp_gain":0.0,"max_hp_loss":0.0,"gold_gain":0.0,"cards_transformed":["Strike_R"],"event_name":"Transmorgrifier","player_choice":"Transformed","floor":2.0,"gold_loss":0.0,"damage_taken":0.0,"cards_obtained":["Battle Trance"]},{"damage_healed":0.0,"max_hp_gain":0.0,"max_hp_loss":0.0,"gold_gain":50.0,"event_name":"Golden Shrine","player_choice":"Pray","floor":20.0,"gold_loss":0.0,"damage_taken":0.0}],"is_beta":false,"boss_relics":[{"not_picked":["Velvet Choker","Runic Dome"],"picked":"SlaversCollar"}],"items_purged_floors":[13],"is_endless":false,"potions_floor_spawned":[1,3,7,10,18],"killed_by":"Snecko","ascension_level":20}}