{"host":"kh6fvhxn285ncg0o","time":1613183795,"event":{"mods":["Act Like it!","BaseMod","Colored Map","Friendly Minions","Keyboard Shortcuts","Minty Spire (QoL Compilation)","Quick Restart","Relic Stats","StSLib","SuperFastMode","UnlockEverythingMod"],"gold_per_floor":[119,119,173,98,115,115,146,146,146,157,184,196,121,176,176,250,250,267,267,192,204,223,223,257,257,257,268,302,302,482,382,382,454,454,466,517,517,542,417,448,483,517,588,616,146,175,175,188,188,188,188,188,188,11,42,42],"floor_reached":57,"language":"KOR","playtime":2117,"items_purged":["Strike_R","Anger","Wild Strike"],"score":3605,"play_id":"c4fb9bd6-da76-4f03-a1ee-e6921f2fad96","local_time":"20210213113635","is_ascension_mode":true,"campfire_choices":[{"data":"Bash","floor":6.0,"key":"SMITH"},{"data":"Fire Breathing","floor":8.0,"key":"SMITH"},{"data":"Offering","floor":15.0,"key":"SMITH"},{"data":"Evolve","floor":23.0,"key":"SMITH"},{"data":"Battle Trance","floor":25.0,"key":"SMITH"},{"data":"Burning Pact","floor":29.0,"key":"SMITH"},{"data":"Berserk","floor":32.0,"key":"SMITH"},{"floor":49.0,"key":"RECALL"},{"data":"Wild Strike","floor":53,"key":"PURGE"}],"circlet_count":0,"master_deck":["AscendersBane","Bash+1","Evolve+1","Fire Breathing+1","Pommel Strike","Sever Soul","Burning Pact+1","Offering+1","Feed","Bloodletting","Reckless Charge","Shrug It Off","Battle Trance+1","Disarm","Warcry+1","Berserk+1","Barricade","Rage","Apotheosis","Deep Breath"],"relics":["Burning Blood","NeowsBlessing","Thread and Needle","Toy Ornithopter","Potion Belt","Nunchaku","Darkstone Periapt","Pantograph","Pandora\u0027s Box","Strawberry","Meat on the Bone","Happy Flower","Black Star","WingedGreaves","Ginger","Bronze Scales","White Beast Statue","Peace Pipe","Sundial","Lantern","Shuriken","HornCleat","FossilizedHelix","OrangePellets","Paper Frog","Champion Belt","The Courier","Bag of Preparation","Bird Faced Urn","Ice Cream"],"acts_visited":["TheCity","TheBeyond","TheEnding"],"potions_floor_usage":[51,56,56,56,56],"damage_taken":[{"damage":0.0,"enemies":"2 Louse","floor":1.0,"turns":1.0},{"damage":0.0,"enemies":"Jaw Worm","floor":5.0,"turns":1.0},{"damage":0.0,"enemies":"3 Sentries","floor":7.0,"turns":2.0},{"damage":3.0,"enemies":"Small Slimes","floor":10.0,"turns":5.0},{"damage":41.0,"enemies":"Lagavulin","floor":11.0,"turns":7.0},{"damage":9.0,"enemies":"3 Louse","floor":12.0,"turns":3.0},{"damage":11.0,"enemies":"3 Sentries","floor":14.0,"turns":3.0},{"damage":6.0,"enemies":"Slime Boss","floor":16.0,"turns":5.0},{"damage":15.0,"enemies":"3 Byrds","floor":18.0,"turns":3.0},{"damage":12.0,"enemies":"Chosen","floor":21.0,"turns":3.0},{"damage":25.0,"enemies":"Centurion and Healer","floor":22.0,"turns":3.0},{"damage":13.0,"enemies":"Gremlin Leader","floor":24.0,"turns":3.0},{"damage":20.0,"enemies":"Snecko","floor":27.0,"turns":3.0},{"damage":30.0,"enemies":"Slavers","floor":28.0,"turns":3.0},{"damage":14.0,"enemies":"Automaton","floor":33.0,"turns":5.0},{"damage":7.0,"enemies":"3 Darklings","floor":35.0,"turns":2.0},{"damage":37.0,"enemies":"2 Orb Walkers","floor":36.0,"turns":2.0},{"damage":12.0,"enemies":"Mind Bloom Boss Battle","floor":38.0,"turns":6.0},{"damage":32.0,"enemies":"Giant Head","floor":40.0,"turns":4.0},{"damage":28.0,"enemies":"Nemesis","floor":41.0,"turns":5.0},{"damage":11.0,"enemies":"Giant Head","floor":42.0,"turns":5.0},{"damage":51.0,"enemies":"Nemesis","floor":44.0,"turns":5.0},{"damage":6.0,"enemies":"Reptomancer","floor":46.0,"turns":3.0},{"damage":6.0,"enemies":"Orb Walker","floor":48.0,"turns":3.0},{"damage":0.0,"enemies":"Time Eater","floor":50.0,"turns":6.0},{"damage":6,"enemies":"Donu and Deca","floor":51,"turns":3},{"damage":12,"enemies":"Shield and Spear","floor":55,"turns":2},{"damage":29,"enemies":"The Heart","floor":56,"turns":4}],"seed_played":"6007222445756476593","potions_obtained":[{"floor":1.0,"key":"DistilledChaos"},{"floor":7.0,"key":"Swift Potion"},{"floor":14.0,"key":"CultistPotion"},{"floor":21.0,"key":"BloodPotion"},{"floor":22.0,"key":"DuplicationPotion"},{"floor":27.0,"key":"EssenceOfSteel"},{"floor":33.0,"key":"LiquidBronze"},{"floor":35.0,"key":"BlessingOfTheForge"},{"floor":41.0,"key":"Strength Potion"},{"floor":42.0,"key":"LiquidBronze"},{"floor":44.0,"key":"HeartOfIron"},{"floor":46.0,"key":"LiquidBronze"},{"floor":48.0,"key":"SpeedPotion"}],"is_trial":false,"path_per_floor":["M","?","T","?","M","R","E","R","T","M","E","M","$","?","R","B",null,"M","?","?","M","M","R","E","R","T","M","E","R","?","$","R","B",null,"M","?","?","?","$","E","E","E","T","E","$","E","T","M","R","B","B",null,"R","$","E","B",null],"character_chosen":"IRONCLAD","items_purchased":["Apotheosis","Deep Breath","OrangePellets","Bag of Preparation","SteroidPotion"],"campfire_rested":0,"item_purchase_floors":[45,45,45,54,54],"current_hp_per_floor":[74,63,63,63,69,69,75,75,75,75,40,37,37,37,37,62,72,63,42,42,39,23,23,26,26,26,27,20,20,19,19,19,53,88,90,64,64,83,83,66,56,63,63,38,38,59,59,71,71,106,112,112,112,112,106,112],"gold":42,"neow_bonus":"THREE_ENEMY_KILL","is_daily":false,"chose_seed":false,"campfire_upgraded":7,"win_rate":0.0,"timestamp":1613183795,"path_taken":["M","?","?","?","M","R","E","R","T","M","E","M","$","?","R","BOSS","M","?","?","M","M","R","E","R","T","?","E","R","?","?","R","BOSS","M","?","?","?","$","E","E","E","T","E","$","E","?","?","R","BOSS","BOSS","R","$","E","BOSS"],"items_purchased_type":["Card","Card","Relic","Relic","Potion"],"build_version":"2020-12-22","purchased_purges":3,"victory":true,"max_hp_per_floor":[75,75,75,75,75,75,75,75,75,75,75,75,75,75,75,75,75,75,80,80,83,86,86,96,96,96,99,99,99,99,99,99,99,99,102,102,97,97,97,101,101,101,101,104,104,108,108,108,108,112,112,112,112,112,112,112],"relic_stats":{"Darkstone Periapt":0,"Happy Flower":[18],"counters":[28,100],"Bag of Preparation":[4],"Ginger":[5],"Burning Blood":165,"Peace Pipe":1,"OrangePellets":[13],"Nunchaku":[29],"Sundial":[164],"Shuriken":[34],"Pantograph":112,"Bronze Scales":[141],"Bird Faced Urn":[4],"Pandora\u0027s Box":["Havoc","Thunderclap","Wild Strike","Bloodletting","Reckless Charge","Shrug It Off","Wild Strike"],"Black Star":6,"Champion Belt":[0],"obtain_stats":[{"Darkstone Periapt":11,"Ice Cream":55,"Lantern":42,"Bag of Preparation":54,"Ginger":38,"Burning Blood":0,"Nunchaku":9,"HornCleat":44,"Sundial":41,"Pantograph":14,"Strawberry":24,"WingedGreaves":36,"Paper Frog":46,"Potion Belt":7,"NeowsBlessing":0,"Happy Flower":28,"Thread and Needle":2,"The Courier":47,"White Beast Statue":40,"Peace Pipe":41,"OrangePellets":45,"Shuriken":42,"Bronze Scales":40,"Bird Faced Urn":55,"Pandora\u0027s Box":17,"Black Star":34,"Champion Belt":46,"Toy Ornithopter":3,"FossilizedHelix":44,"Meat on the Bone":26},{"Darkstone Periapt":5,"Ice Cream":27,"Lantern":21,"Bag of Preparation":26,"Ginger":18,"Burning Blood":0,"Nunchaku":3,"HornCleat":22,"Sundial":20,"Pantograph":7,"Strawberry":12,"WingedGreaves":17,"Paper Frog":23,"Potion Belt":3,"NeowsBlessing":0,"Happy Flower":14,"Thread and Needle":1,"The Courier":23,"White Beast Statue":19,"Peace Pipe":20,"OrangePellets":22,"Shuriken":21,"Bronze Scales":19,"Bird Faced Urn":27,"Pandora\u0027s Box":8,"Black Star":15,"Champion Belt":23,"Toy Ornithopter":1,"FossilizedHelix":22,"Meat on the Bone":12},{"Darkstone Periapt":16,"Ice Cream":96,"Lantern":74,"Bag of Preparation":94,"Ginger":60,"Burning Blood":0,"Nunchaku":4,"HornCleat":79,"Sundial":69,"Pantograph":22,"Strawberry":39,"WingedGreaves":54,"Paper Frog":82,"Potion Belt":4,"NeowsBlessing":0,"Happy Flower":45,"Thread and Needle":1,"The Courier":82,"White Beast Statue":64,"Peace Pipe":69,"OrangePellets":79,"Shuriken":74,"Bronze Scales":64,"Bird Faced Urn":96,"Pandora\u0027s Box":27,"Black Star":50,"Champion Belt":82,"Toy Ornithopter":1,"FossilizedHelix":79,"Meat on the Bone":39}],"Toy Ornithopter":59,"Meat on the Bone":96},"card_choices":[{"not_picked":["Pummel","Reckless Charge"],"picked":"Evolve","floor":1.0},{"not_picked":["Heavy Blade","Flex"],"picked":"Fire Breathing","floor":5.0},{"not_picked":["Body Slam","Anger"],"picked":"Pommel Strike","floor":7.0},{"not_picked":["Havoc","Wild Strike"],"picked":"Sever Soul","floor":10.0},{"not_picked":["Clothesline","Metallicize","Iron Wave"],"picked":"SKIP","floor":11.0},{"not_picked":["Perfected Strike","Clash"],"picked":"Burning Pact","floor":12.0},{"not_picked":["Wild Strike","Sentinel"],"picked":"Offering","floor":14.0},{"not_picked":["Berserk","Brutality"],"picked":"Feed","floor":16.0},{"not_picked":["Metallicize+1","Ghostly Armor"],"picked":"Battle Trance","floor":18.0},{"not_picked":["Anger","Body Slam"],"picked":"Warcry+1","floor":21.0},{"not_picked":["Burning Pact","Flex+1","Twin Strike"],"picked":"SKIP","floor":22.0},{"not_picked":["Thunderclap","Sword Boomerang","Perfected Strike"],"picked":"SKIP","floor":24.0},{"not_picked":["Inflame","Body Slam","Clothesline+1"],"picked":"SKIP","floor":27.0},{"not_picked":["Iron Wave+1","Anger"],"picked":"Berserk","floor":28.0},{"not_picked":["Limit Break","Double Tap"],"picked":"Barricade","floor":33.0},{"not_picked":["Twin Strike+1","Warcry","Thunderclap+1"],"picked":"SKIP","floor":35.0},{"not_picked":["Corruption","Battle Trance"],"picked":"Rage","floor":38.0},{"not_picked":["Clash","Infernal Blade","Searing Blow"],"picked":"SKIP","floor":40.0},{"not_picked":["Wild Strike","Shockwave","Headbutt"],"picked":"SKIP","floor":41.0},{"not_picked":["Wild Strike","Shockwave","Headbutt"],"picked":"SKIP","floor":41.0},{"not_picked":["Cleave","Entrench","Power Through+1"],"picked":"SKIP","floor":42.0},{"not_picked":["Dual Wield+1","Heavy Blade","True Grit"],"picked":"SKIP","floor":44.0},{"not_picked":["True Grit","Anger","Pommel Strike"],"picked":"SKIP","floor":46.0},{"not_picked":["Armaments+1","Feed","Iron Wave+1"],"picked":"SKIP","floor":48.0},{"not_picked":["Havoc","Clash","Flex"],"picked":"SKIP","floor":55}],"player_experience":1376700,"relics_obtained":[{"floor":3.0,"key":"Toy Ornithopter"},{"floor":7.0,"key":"Potion Belt"},{"floor":9.0,"key":"Nunchaku"},{"floor":11.0,"key":"Darkstone Periapt"},{"floor":14.0,"key":"Pantograph"},{"floor":24.0,"key":"Strawberry"},{"floor":26.0,"key":"Meat on the Bone"},{"floor":28.0,"key":"Happy Flower"},{"floor":36.0,"key":"WingedGreaves"},{"floor":38.0,"key":"Ginger"},{"floor":40.0,"key":"Bronze Scales"},{"floor":40.0,"key":"White Beast Statue"},{"floor":41.0,"key":"Peace Pipe"},{"floor":41.0,"key":"Sundial"},{"floor":42.0,"key":"Lantern"},{"floor":42.0,"key":"Shuriken"},{"floor":44.0,"key":"HornCleat"},{"floor":44.0,"key":"FossilizedHelix"},{"floor":46.0,"key":"Paper Frog"},{"floor":46.0,"key":"Champion Belt"},{"floor":47.0,"key":"The Courier"},{"floor":55,"key":"Bird Faced Urn"},{"floor":55,"key":"Ice Cream"}],"event_choices":[{"damage_healed":0.0,"max_hp_gain":0.0,"max_hp_loss":0.0,"gold_gain":0.0,"event_name":"Scrap Ooze","player_choice":"Success","floor":2.0,"gold_loss":0.0,"damage_taken":11.0,"relics_obtained":["Thread and Needle"]},{"cards_removed":["Strike_R"],"damage_healed":0.0,"max_hp_gain":0.0,"max_hp_loss":0.0,"gold_gain":0.0,"event_name":"The Cleric","player_choice":"Card Removal","floor":4.0,"gold_loss":75.0,"damage_taken":0.0},{"damage_healed":0.0,"max_hp_gain":0.0,"max_hp_loss":0.0,"gold_gain":0.0,"event_name":"Dead Adventurer","player_choice":"Searched \u00272\u0027 times","floor":14.0,"gold_loss":0.0,"damage_taken":0.0},{"damage_healed":0.0,"max_hp_gain":5.0,"max_hp_loss":0.0,"gold_gain":0.0,"event_name":"Forgotten Altar","player_choice":"Shed Blood","floor":19.0,"gold_loss":0.0,"damage_taken":26.0},{"damage_healed":0.0,"max_hp_gain":0.0,"max_hp_loss":0.0,"gold_gain":0.0,"cards_transformed":["Thunderclap","Havoc"],"event_name":"Designer","player_choice":"Transformed Cards","floor":20.0,"gold_loss":75.0,"damage_taken":0.0,"cards_obtained":["Anger","Disarm"]},{"damage_healed":0.0,"max_hp_gain":0.0,"max_hp_loss":0.0,"gold_gain":180.0,"event_name":"Knowing Skull","player_choice":"GOLD POTION GOLD ","floor":30.0,"potions_obtained":["DistilledChaos"],"gold_loss":0.0,"damage_taken":25.0,"cards_obtained":[]},{"damage_healed":0.0,"max_hp_gain":0.0,"max_hp_loss":0.0,"gold_gain":0.0,"event_name":"Mysterious Sphere","player_choice":"Fight","floor":36.0,"gold_loss":0.0,"damage_taken":0.0},{"damage_healed":0.0,"max_hp_gain":0.0,"max_hp_loss":5.0,"gold_gain":0.0,"event_name":"Winding Halls","player_choice":"Max HP","floor":37.0,"gold_loss":0.0,"damage_taken":0.0},{"damage_healed":0.0,"max_hp_gain":0.0,"max_hp_loss":0.0,"gold_gain":0.0,"event_name":"MindBloom","player_choice":"Fight","floor":38.0,"gold_loss":0.0,"damage_taken":0.0}],"is_beta":false,"boss_relics":[{"not_picked":["Ectoplasm","Astrolabe"],"picked":"Pandora\u0027s Box"},{"not_picked":["Velvet Choker","Fusion Hammer"],"picked":"Black Star"}],"items_purged_floors":[13,31,39],"is_endless":false,"potions_floor_spawned":[1,7,14,21,22,27,33,35,41,42,44,46,48,55],"ascension_level":20}}