{"host":"r4yhuzs0e1z69tr3","time":1613241302,"event":{"mods":["BaseMod","Minty Spire (QoL Compilation)","Rare Cards Sparkle"],"gold_per_floor":[109,109,59,72,72,107,119,119,119,131,144,164,213,64,64,64,64],"floor_reached":16,"language":"ENG","playtime":903,"items_purged":[],"score":127,"play_id":"c9f4db88-360d-4a5f-ba09-d5911c29013e","local_time":"20210213133502","is_ascension_mode":false,"campfire_choices":[{"data":"SandsOfTime","floor":8,"key":"SMITH"},{"floor":15,"key":"REST"}],"circlet_count":0,"master_deck":["Strike_P","Strike_P","Strike_P","Strike_P","Defend_P","Defend_P","Defend_P","Eruption+1","Vigilance","SandsOfTime+1","CutThroughFate","Protect+1","Consecrate","Protect+1"],"relics":["PureWater","NeowsBlessing","Toxic Egg 2","Ginger","White Beast Statue","Ancient Tea Set","Dream Catcher"],"acts_visited":["Exordium"],"potions_floor_usage":[16],"damage_taken":[{"damage":0,"enemies":"2 Louse","floor":1,"turns":1},{"damage":0,"enemies":"Small Slimes","floor":4,"turns":1},{"damage":0,"enemies":"Lagavulin","floor":6,"turns":1},{"damage":0,"enemies":"Jaw Worm","floor":7,"turns":1},{"damage":16,"enemies":"Gremlin Gang","floor":10,"turns":3},{"damage":12,"enemies":"3 Louse","floor":11,"turns":3},{"damage":8,"enemies":"Lots of Slimes","floor":12,"turns":4},{"damage":40,"enemies":"Hexaghost","floor":16,"turns":14}],"seed_played":"2142404333350977102","potions_obtained":[{"floor":1,"key":"SkillPotion"},{"floor":10,"key":"Dexterity Potion"},{"floor":11,"key":"Explosive Potion"}],"is_trial":false,"path_per_floor":["M","?","?","M","?","E","M","R","T","M","M","M","T","$","R","B"],"character_chosen":"WATCHER","items_purchased":["Dream Catcher"],"campfire_rested":1,"item_purchase_floors":[14],"current_hp_per_floor":[72,72,72,72,54,54,54,54,54,38,26,18,18,18,39,0,0],"gold":64,"neow_bonus":"THREE_ENEMY_KILL","is_daily":false,"chose_seed":false,"campfire_upgraded":1,"win_rate":0.0,"timestamp":1613241302,"path_taken":["M","?","?","M","?","E","M","R","T","M","M","M","?","?","R","BOSS"],"items_purchased_type":["Relic"],"build_version":"2020-12-22","purchased_purges":0,"victory":false,"max_hp_per_floor":[72,72,72,72,72,72,72,72,72,72,72,72,72,72,72,72,72],"card_choices":[{"not_picked":["JustLucky","Prostrate","BowlingBash"],"picked":"SKIP","floor":1},{"not_picked":["CrushJoints","Prostrate"],"picked":"SandsOfTime","floor":4},{"not_picked":["CarveReality","FearNoEvil"],"picked":"CutThroughFate","floor":6},{"not_picked":["ThirdEye+1","EmptyFist"],"picked":"Protect+1","floor":7},{"not_picked":["PathToVictory+1","Crescendo+1","JustLucky"],"picked":"SKIP","floor":10},{"not_picked":["JustLucky","SignatureMove"],"picked":"Consecrate","floor":11},{"not_picked":["FlurryOfBlows","FearNoEvil","WheelKick"],"picked":"SKIP","floor":12},{"not_picked":["Crescendo+1","JustLucky"],"picked":"Protect+1","floor":15}],"player_experience":136551,"relics_obtained":[{"floor":6,"key":"Ginger"},{"floor":9,"key":"White Beast Statue"},{"floor":13,"key":"Ancient Tea Set"}],"event_choices":[{"damage_healed":0,"gold_gain":0,"player_choice":"Grow","damage_taken":0,"max_hp_gain":0,"max_hp_loss":0,"event_name":"Living Wall","floor":2,"gold_loss":0,"cards_upgraded":["Eruption"]},{"cards_removed":["Defend_P"],"damage_healed":0,"gold_gain":0,"player_choice":"Card Removal","damage_taken":0,"max_hp_gain":0,"max_hp_loss":0,"event_name":"The Cleric","floor":3,"gold_loss":50},{"damage_healed":0,"gold_gain":0,"player_choice":"Success","damage_taken":18,"relics_obtained":["Toxic Egg 2"],"max_hp_gain":0,"max_hp_loss":0,"event_name":"Scrap Ooze","floor":5,"gold_loss":0}],"is_beta":false,"boss_relics":[],"items_purged_floors":[],"is_endless":false,"potions_floor_spawned":[1,10,11,12],"killed_by":"Hexaghost","ascension_level":0}}