{"host":"eaiphzh066bwqdh7","time":1613176797,"event":{"mods":["BaseMod","Better Note","Halation","Hubris","Minty Spire (QoL Compilation)","Reliquary","Replay The Spire","StSLib"],"gold_per_floor":[112,53,68,68,79,79,95,95,95,95,56,56,56,87,87,189,189,206,206,206,224,237,262,274,274,274,274,13,25,42,42,42,137,137,148,160,160,260,270,270,270],"floor_reached":40,"language":"ENG","playtime":1559,"items_purged":[],"score":487,"play_id":"6a257b74-4ffb-4185-b519-98bb08ad82a1","local_time":"20210212193957","is_ascension_mode":true,"campfire_choices":[{"data":"Deadly Poison","floor":6.0,"key":"SMITH"},{"data":"Hidden Blade","floor":8.0,"key":"SMITH"},{"data":"Backstab","floor":12.0,"key":"SMITH"},{"floor":15.0,"key":"REST"},{"floor":25,"key":"REST"},{"floor":27,"key":"REST"},{"floor":32,"key":"REST"}],"circlet_count":0,"master_deck":["Strike_G","Strike_G","Strike_G","Defend_G","Defend_G","Defend_G","Survivor","Neutralize","Deadly Poison+1","Hidden Blade+1","Backstab+1","Deflect","After Image","PiercingWail+1","Prepared+1","A Thousand Cuts+1","Blade Dance","Footwork","Noxious Fumes","Blade Dance+1","Cloak And Dagger","Toxin Wave+1"],"relics":["Ring of the Serpent","hubris:MedicalManual","halation:OrihimeAndHikoboshiSamaAndTears","halation:TwoAmDonut","reliquary:NewFriend","halation:EternalFortune","Nloth\u0027s Gift","Replay:Multitool","hubris:PeanutButter","Paper Crane"],"acts_visited":["Exordium","TheCity","TheBeyond"],"potions_floor_usage":[18,23,24,33,33,40],"damage_taken":[{"damage":8.0,"enemies":"2 Louse","floor":1.0,"turns":3.0},{"damage":0.0,"enemies":"Cultist","floor":3.0,"turns":4.0},{"damage":4.0,"enemies":"Jaw Worm","floor":5.0,"turns":4.0},{"damage":5.0,"enemies":"Red Slaver","floor":7.0,"turns":4.0},{"damage":31.0,"enemies":"Gremlin Nob","floor":14.0,"turns":4.0},{"damage":59.0,"enemies":"Fading Forest","floor":16.0,"turns":11.0},{"damage":3,"enemies":"3 Byrds","floor":18,"turns":4},{"damage":4,"enemies":"Chosen","floor":21,"turns":4},{"damage":27,"enemies":"Sentry and Sphere","floor":22,"turns":7},{"damage":24,"enemies":"Replay:Snechameleon","floor":23,"turns":5},{"damage":1,"enemies":"3 Cultists","floor":24,"turns":4},{"damage":1,"enemies":"Snecko","floor":29,"turns":6},{"damage":24,"enemies":"Shelled Parasite and Fungi","floor":30,"turns":4},{"damage":25,"enemies":"Champ","floor":33,"turns":9},{"damage":0,"enemies":"3 Shapes","floor":35,"turns":5},{"damage":29,"enemies":"3 Darklings","floor":36,"turns":4},{"damage":41,"enemies":"Jaw Worm Horde","floor":39,"turns":5},{"damage":35,"enemies":"Giant Head","floor":40,"turns":5}],"seed_played":"1408032883052731971","potions_obtained":[{"floor":3.0,"key":"SpeedPotion"},{"floor":16.0,"key":"ColorlessPotion"},{"floor":22,"key":"SkillPotion"},{"floor":23,"key":"Poison Potion"},{"floor":24,"key":"Block Potion"},{"floor":29,"key":"Doom Potion"},{"floor":36,"key":"Strength Potion"}],"is_trial":false,"path_per_floor":["M","?","M","?","M","R","M","R","T","T","$","R","?","E","R","B",null,"M","?","?","M","M","E","M","R","T","R","$","M","M","$","R","B",null,"M","M","?","?","M","E"],"character_chosen":"THE_SILENT","items_purchased":["Backstab","Paper Crane"],"campfire_rested":4,"item_purchase_floors":[11,28],"current_hp_per_floor":[69,69,69,69,65,65,60,60,60,60,60,60,65,34,58,7,82,79,82,82,78,51,27,26,51,51,76,76,75,51,51,76,51,85,85,56,56,56,15,0,0],"gold":270,"neow_bonus":"TEN_PERCENT_HP_BONUS","is_daily":false,"chose_seed":false,"campfire_upgraded":3,"win_rate":0.0,"timestamp":1613176797,"path_taken":["M","?","?","?","M","R","?","R","T","?","$","R","?","E","R","BOSS","M","?","?","M","M","E","?","R","T","R","$","M","M","$","R","BOSS","M","M","?","?","?","E"],"items_purchased_type":["Card","Relic"],"build_version":"2020-12-22","purchased_purges":0,"victory":false,"max_hp_per_floor":[77,77,77,77,77,77,77,77,77,77,77,77,82,82,82,82,82,82,85,85,85,85,85,85,85,85,85,85,85,85,85,85,85,85,85,85,81,81,81,81,81],"card_choices":[{"not_picked":["Sucker Punch","Dodge and Roll","PiercingWail"],"picked":"SKIP","floor":1.0},{"not_picked":["Outmaneuver","Acrobatics","Eviscerate"],"picked":"SKIP","floor":3.0},{"not_picked":["Outmaneuver","Quick Slash"],"picked":"Deadly Poison","floor":5.0},{"not_picked":["Outmaneuver","All Out Attack"],"picked":"Hidden Blade","floor":7.0},{"not_picked":["Doppelganger","Underhanded Strike"],"picked":"Deflect","floor":14.0},{"not_picked":["Die Die Die","Venomology"],"picked":"After Image","floor":16.0},{"not_picked":["Underhanded Strike","Noxious Fumes"],"picked":"Blade Dance","floor":18},{"not_picked":["ReplayTheSpireMod:From All Sides","Well Laid Plans+1"],"picked":"Footwork","floor":21},{"not_picked":["Dagger Throw","Dodge and Roll"],"picked":"Noxious Fumes","floor":22},{"not_picked":["Reflex+1","Expertise+1"],"picked":"Blade Dance+1","floor":23},{"not_picked":["Blur","All Out Attack","Outmaneuver+1"],"picked":"SKIP","floor":24},{"not_picked":["Hidden Blade","Flying Knee","Underhanded Strike+1"],"picked":"SKIP","floor":29},{"not_picked":["Blur","Riddle With Holes","Acrobatics"],"picked":"SKIP","floor":30},{"not_picked":["Prepared","Outmaneuver+1"],"picked":"Cloak And Dagger","floor":35},{"not_picked":["All Out Attack","Riddle With Holes","Outmaneuver+1"],"picked":"SKIP","floor":36},{"not_picked":["Deadly Poison+1","Poisoned Stab"],"picked":"Toxin Wave+1","floor":39}],"player_experience":299183,"relics_obtained":[{"floor":9.0,"key":"halation:OrihimeAndHikoboshiSamaAndTears"},{"floor":10.0,"key":"halation:TwoAmDonut"},{"floor":14.0,"key":"reliquary:NewFriend"},{"floor":23,"key":"Replay:Multitool"},{"floor":26,"key":"hubris:PeanutButter"}],"event_choices":[{"damage_healed":0.0,"max_hp_gain":0.0,"max_hp_loss":0.0,"gold_gain":0.0,"event_name":"WeMeetAgain","player_choice":"Paid Gold","floor":2.0,"gold_loss":59.0,"damage_taken":0.0,"relics_obtained":["hubris:MedicalManual"]},{"cards_removed":["Defend_G"],"damage_healed":0.0,"max_hp_gain":0.0,"max_hp_loss":0.0,"gold_gain":0.0,"event_name":"Purifier","player_choice":"Purged","floor":4.0,"gold_loss":0.0,"damage_taken":0.0},{"damage_healed":0.0,"max_hp_gain":5.0,"max_hp_loss":0.0,"gold_gain":0.0,"event_name":"Big Fish","player_choice":"Donut","floor":13.0,"gold_loss":0.0,"damage_taken":0.0},{"damage_healed":0,"gold_gain":0,"player_choice":"Traded Relic","damage_taken":0,"relics_obtained":["Nloth\u0027s Gift"],"max_hp_gain":0,"max_hp_loss":0,"event_name":"N\u0027loth","floor":20,"relics_lost":["Astrolabe"],"gold_loss":0},{"damage_healed":0,"gold_gain":0,"player_choice":"Max HP","damage_taken":0,"max_hp_gain":0,"max_hp_loss":4,"event_name":"Winding Halls","floor":37,"gold_loss":0},{"damage_healed":0,"gold_gain":100,"player_choice":"Pray","damage_taken":0,"max_hp_gain":0,"max_hp_loss":0,"event_name":"Golden Shrine","floor":38,"gold_loss":0}],"is_beta":false,"boss_relics":[{"not_picked":["hubris:HollowSoul","reliquary:KinkedSpring"],"picked":"Astrolabe"},{"not_picked":["Kintsugi","halation:Yufonium"],"picked":"Ring of the Serpent"}],"items_purged_floors":[],"is_endless":false,"potions_floor_spawned":[3,16,22,23,24,29,36],"killed_by":"Giant Head","ascension_level":4}}