{"host":"ynimr9ugvc6f046i","time":1613254484,"event":{"mods":["2.2 Compatiblity","BaseMod","Colored Map","DeckTracker","Highlight Path","Keyboard Shortcuts","Minty Spire (QoL Compilation)","Permanent Neow","Quick Restart","StSLib","SuperFastMode"],"gold_per_floor":[111,124,124,124,124,124,140,159,206,206,50,50,50,63,63,156,156,177,177,36,60,75,75,89,14,14,14,14,14,14,25,25,103,103,118,130,145,145,20,20,30,62,62,78,91,91,102,136,136,136,136,136,136,136,163,163],"floor_reached":57,"language":"KOR","playtime":1627,"items_purged":["Strike_R","Bash","Blood for Blood+1"],"score":2733,"play_id":"8a48f4c0-4a7b-4274-ad29-cc0dc14f91db","local_time":"20210214071444","is_ascension_mode":true,"campfire_choices":[{"data":"Blood for Blood","floor":6.0,"key":"SMITH"},{"data":"Power Through","floor":10.0,"key":"SMITH"},{"data":"Fire Breathing","floor":12.0,"key":"SMITH"},{"floor":15.0,"key":"RECALL"},{"data":"Burning Pact","floor":23.0,"key":"SMITH"},{"data":"Body Slam","floor":30.0,"key":"SMITH"},{"data":"Shrug It Off","floor":32.0,"key":"SMITH"},{"data":"Barricade","floor":40.0,"key":"SMITH"},{"data":"Evolve","floor":49.0,"key":"SMITH"},{"data":"Finesse","floor":53,"key":"SMITH"}],"circlet_count":0,"master_deck":["AscendersBane","Defend_R","Power Through+1","Fire Breathing+1","Shrug It Off+1","True Grit+1","Juggernaut+1","Burning Pact+1","Warcry","Body Slam+1","Shrug It Off","Barricade+1","Entrench+1","Finesse","Finesse+1","Evolve+1","Feel No Pain+1","Battle Trance+1"],"relics":["Burning Blood","Bloody Idol","Blood Vial","Strawberry","Astrolabe","Lantern","SacredBark","Pen Nib","Juzu Bracelet","HornCleat"],"acts_visited":["Exordium","TheCity","TheBeyond","TheEnding"],"potions_floor_usage":[56,56,56],"damage_taken":[{"damage":6.0,"enemies":"Cultist","floor":1.0,"turns":3.0},{"damage":11.0,"enemies":"Jaw Worm","floor":2.0,"turns":5.0},{"damage":0.0,"enemies":"2 Louse","floor":7.0,"turns":4.0},{"damage":14.0,"enemies":"Exordium Wildlife","floor":8.0,"turns":4.0},{"damage":3.0,"enemies":"Blue Slaver","floor":14.0,"turns":4.0},{"damage":8.0,"enemies":"Slime Boss","floor":16.0,"turns":7.0},{"damage":13.0,"enemies":"Spheric Guardian","floor":18.0,"turns":6.0},{"damage":0.0,"enemies":"Chosen","floor":21.0,"turns":5.0},{"damage":15.0,"enemies":"Snake Plant","floor":22.0,"turns":5.0},{"damage":6.0,"enemies":"Centurion and Healer","floor":24.0,"turns":5.0},{"damage":3.0,"enemies":"Shelled Parasite and Fungi","floor":31.0,"turns":4.0},{"damage":47.0,"enemies":"Collector","floor":33.0,"turns":8.0},{"damage":3.0,"enemies":"Orb Walker","floor":35.0,"turns":4.0},{"damage":20.0,"enemies":"3 Darklings","floor":36.0,"turns":5.0},{"damage":30.0,"enemies":"Transient","floor":37.0,"turns":6.0},{"damage":18.0,"enemies":"Sphere and 2 Shapes","floor":41.0,"turns":5.0},{"damage":6.0,"enemies":"Reptomancer","floor":42.0,"turns":4.0},{"damage":17.0,"enemies":"Spire Growth","floor":44.0,"turns":5.0},{"damage":0.0,"enemies":"Maw","floor":45.0,"turns":5.0},{"damage":21.0,"enemies":"Jaw Worm Horde","floor":47.0,"turns":6.0},{"damage":0.0,"enemies":"Nemesis","floor":48.0,"turns":9.0},{"damage":28.0,"enemies":"Time Eater","floor":50.0,"turns":8.0},{"damage":24,"enemies":"Donu and Deca","floor":51,"turns":6},{"damage":40,"enemies":"Shield and Spear","floor":55,"turns":5},{"damage":29,"enemies":"The Heart","floor":56,"turns":9}],"seed_played":"-4781294283425684201","potions_obtained":[{"floor":1.0,"key":"DuplicationPotion"},{"floor":2.0,"key":"Weak Potion"},{"floor":18.0,"key":"Weak Potion"},{"floor":42.0,"key":"Weak Potion"},{"floor":44.0,"key":"PowerPotion"}],"is_trial":false,"path_per_floor":["M","M","?","?","?","R","M","M","T","R","$","R","?","M","R","B",null,"M","?","$","M","M","R","M","?","T","?","?","?","R","M","R","B",null,"M","M","M","?","$","R","M","E","T","M","M","?","M","E","R","B","B",null,"R","$","E","B",null],"character_chosen":"IRONCLAD","items_purchased":["Fire Breathing","Burning Pact"],"campfire_rested":0,"item_purchase_floors":[11,20],"current_hp_per_floor":[50,45,45,45,34,34,42,36,43,43,43,43,43,48,48,48,68,63,63,63,71,64,64,66,66,66,66,66,66,66,75,75,39,66,75,66,49,39,39,39,34,41,41,37,50,50,42,55,55,35,19,61,61,61,34,13],"gold":163,"neow_bonus":"REMOVE_TWO","is_daily":false,"chose_seed":false,"campfire_upgraded":9,"win_rate":0.0,"timestamp":1613254484,"path_taken":["M","M","?","?","?","R","M","?","T","R","$","R","?","?","R","BOSS","M","?","?","?","M","R","M","?","T","?","?","?","R","?","R","BOSS","M","M","M","?","$","R","M","E","T","M","M","?","M","E","R","BOSS","BOSS","R","$","E","BOSS"],"items_purchased_type":["Card","Card"],"build_version":"2020-12-22","purchased_purges":3,"victory":true,"max_hp_per_floor":[75,75,68,68,68,68,68,68,75,75,75,75,75,75,75,75,75,75,75,75,75,75,75,75,75,75,75,75,75,75,75,75,75,75,75,75,75,75,75,75,75,75,75,75,75,75,75,75,75,75,75,75,75,75,75,75],"card_choices":[{"not_picked":["Iron Wave","Warcry"],"picked":"Blood for Blood","floor":1.0},{"not_picked":["Flex","Heavy Blade","Headbutt"],"picked":"SKIP","floor":2.0},{"not_picked":["Cleave","Seeing Red"],"picked":"Power Through","floor":7.0},{"not_picked":["Clothesline","Iron Wave","Warcry"],"picked":"SKIP","floor":8.0},{"not_picked":["Twin Strike","Armaments"],"picked":"Shrug It Off","floor":14.0},{"not_picked":["Shrug It Off","Heavy Blade+1","Havoc"],"picked":"SKIP","floor":18.0},{"not_picked":["Twin Strike+1","Headbutt","Infernal Blade"],"picked":"SKIP","floor":21.0},{"not_picked":["Armaments+1","Ghostly Armor+1"],"picked":"Warcry","floor":22.0},{"not_picked":["Inflame","Anger","Body Slam"],"picked":"SKIP","floor":24.0},{"not_picked":["Inflame","Anger"],"picked":"Body Slam","floor":24.0},{"not_picked":["Havoc","Thunderclap"],"picked":"Shrug It Off","floor":31.0},{"not_picked":["Juggernaut","Double Tap"],"picked":"Barricade","floor":33.0},{"not_picked":["Pommel Strike","Spot Weakness+1","Anger"],"picked":"SKIP","floor":35.0},{"not_picked":["Headbutt","Cleave","Clothesline"],"picked":"SKIP","floor":36.0},{"not_picked":["Uppercut","Rage"],"picked":"Entrench+1","floor":37.0},{"not_picked":["Impatience","Chrysalis"],"picked":"Finesse","floor":38.0},{"not_picked":["Dramatic Entrance","Madness"],"picked":"Finesse","floor":38.0},{"not_picked":["Heavy Blade","Armaments","Wild Strike"],"picked":"SKIP","floor":41.0},{"not_picked":["Sentinel","Berserk","True Grit"],"picked":"SKIP","floor":42.0},{"not_picked":["Cleave","Perfected Strike","Clothesline+1"],"picked":"SKIP","floor":44.0},{"not_picked":["Warcry","Ghostly Armor","Body Slam"],"picked":"SKIP","floor":45.0},{"not_picked":["Sword Boomerang","Anger"],"picked":"Feel No Pain+1","floor":47.0},{"not_picked":["Sentinel","Sever Soul"],"picked":"Battle Trance+1","floor":48.0},{"not_picked":["Twin Strike","Bloodletting","Juggernaut"],"picked":"SKIP","floor":55}],"player_experience":579018,"relics_obtained":[{"floor":9.0,"key":"Strawberry"},{"floor":26.0,"key":"Lantern"},{"floor":42.0,"key":"Pen Nib"},{"floor":48.0,"key":"Juzu Bracelet"},{"floor":55,"key":"HornCleat"}],"event_choices":[{"damage_healed":0.0,"max_hp_gain":0.0,"max_hp_loss":7.0,"gold_gain":0.0,"event_name":"Golden Idol","player_choice":"Lose Max HP","floor":3.0,"gold_loss":0.0,"damage_taken":0.0,"relics_obtained":["Golden Idol"]},{"damage_healed":0.0,"max_hp_gain":0.0,"max_hp_loss":0.0,"gold_gain":0.0,"event_name":"Liars Game","player_choice":"Ignored","floor":4.0,"gold_loss":0.0,"damage_taken":0.0},{"damage_healed":0.0,"max_hp_gain":0.0,"max_hp_loss":0.0,"gold_gain":0.0,"event_name":"Scrap Ooze","player_choice":"Success","floor":5.0,"gold_loss":0.0,"damage_taken":11.0,"relics_obtained":["Blood Vial"]},{"cards_removed":["Strike_R"],"damage_healed":0.0,"max_hp_gain":0.0,"max_hp_loss":0.0,"gold_gain":0.0,"event_name":"Bonfire Elementals","player_choice":"Offered Basic","floor":13.0,"gold_loss":0.0,"damage_taken":0.0},{"cards_removed":["Defend_R"],"damage_healed":0.0,"max_hp_gain":0.0,"max_hp_loss":0.0,"gold_gain":0.0,"event_name":"Back to Basics","player_choice":"Elegance","floor":19.0,"gold_loss":0.0,"damage_taken":0.0},{"cards_removed":["Cleave"],"damage_healed":0.0,"max_hp_gain":0.0,"max_hp_loss":0.0,"gold_gain":0.0,"event_name":"Beggar","player_choice":"Gave Gold","floor":25.0,"gold_loss":75.0,"damage_taken":0.0},{"damage_healed":0.0,"max_hp_gain":0.0,"max_hp_loss":0.0,"gold_gain":0.0,"event_name":"Ghosts","player_choice":"Ignored","floor":27.0,"gold_loss":0.0,"damage_taken":0.0},{"damage_healed":0.0,"max_hp_gain":0.0,"max_hp_loss":0.0,"gold_gain":0.0,"event_name":"Forgotten Altar","player_choice":"Gave Idol","floor":28.0,"relics_lost":["Golden Idol"],"gold_loss":0.0,"damage_taken":0.0,"relics_obtained":["Bloody Idol"]},{"damage_healed":0.0,"max_hp_gain":0.0,"max_hp_loss":0.0,"gold_gain":0.0,"event_name":"Lab","player_choice":"Got Potions","floor":29.0,"gold_loss":0.0,"damage_taken":0.0},{"damage_healed":0.0,"max_hp_gain":0.0,"max_hp_loss":0.0,"gold_gain":0.0,"event_name":"SensoryStone","player_choice":"Memory 3","floor":38.0,"gold_loss":0.0,"damage_taken":10.0},{"damage_healed":0.0,"max_hp_gain":0.0,"max_hp_loss":0.0,"gold_gain":0.0,"event_name":"Match and Keep!","player_choice":"0 cards matched","floor":46.0,"gold_loss":0.0,"damage_taken":0.0,"cards_obtained":[]}],"is_beta":false,"boss_relics":[{"not_picked":["Snecko Eye","Philosopher\u0027s Stone"],"picked":"Astrolabe"},{"not_picked":["Busted Crown","Fusion Hammer"],"picked":"SacredBark"}],"items_purged_floors":[11,20,39],"is_endless":false,"potions_floor_spawned":[1,2,18,33,37,42,44,55],"ascension_level":20}}