{"host":"krw8kyiy0um8ye49","time":1613217408,"event":{"mods":["BaseMod","Minty Spire (QoL Compilation)","StSLib","The Runesmith"],"gold_per_floor":[216,68,85,85,85,113,113,113,139,167,186,186,186,206,206,326,326,339,339,339,339,354,354,373,414,439,272,293,293,293,293],"floor_reached":30,"language":"ENG","playtime":2076,"items_purged":["Pain"],"score":256,"play_id":"478504bd-4891-4192-885e-da22bccd0804","local_time":"20210213125648","is_ascension_mode":false,"campfire_choices":[{"data":"Runesmith:CraftIncendium","floor":7,"key":"SMITH"},{"data":"Runesmith:FissionHammer","floor":13,"key":"SMITH"},{"floor":15,"key":"REST"},{"data":"Runesmith:Repurpose","floor":23,"key":"SMITH"}],"circlet_count":0,"master_deck":["Runesmith:Strike_RS","Runesmith:Strike_RS","Runesmith:Strike_RS","Runesmith:Defend_RS+1","Runesmith:Defend_RS","Runesmith:Defend_RS","Runesmith:Defend_RS","Runesmith:CraftFirestone","Runesmith:Fortify+1","Runesmith:GoWithTheFlow","Runesmith:CraftIncendium+1","Runesmith:Firestorm","Runesmith:EarthShield","Runesmith:GoWithTheFlow","Runesmith:FissionHammer+1","Runesmith:HeatExchange","Runesmith:Accelerate","Runesmith:CraftMedicinae","Runesmith:EarthShield+1","Writhe","Runesmith:Grindstone","Runesmith:Repurpose+1","Runesmith:HammerThrow"],"relics":["Runesmith:BrokenRuby","The Courier","War Paint","InkBottle","Golden Idol","Cursed Key","Pen Nib","Smiling Mask","Runesmith:AutoHammer","Omamori","MutagenicStrength"],"acts_visited":["Exordium","TheCity"],"potions_floor_usage":[16,16,25],"damage_taken":[{"damage":10,"enemies":"Small Slimes","floor":1,"turns":3},{"damage":8,"enemies":"Jaw Worm","floor":3,"turns":4},{"damage":14,"enemies":"3 Sentries","floor":6,"turns":8},{"damage":12,"enemies":"Lagavulin","floor":10,"turns":7},{"damage":0,"enemies":"2 Louse","floor":11,"turns":2},{"damage":0,"enemies":"Looter","floor":14,"turns":2},{"damage":1,"enemies":"The Guardian","floor":16,"turns":9},{"damage":0,"enemies":"Spheric Guardian","floor":18,"turns":5},{"damage":13,"enemies":"3 Byrds","floor":22,"turns":7},{"damage":15,"enemies":"Snake Plant","floor":24,"turns":6},{"damage":41,"enemies":"Book of Stabbing","floor":25,"turns":7},{"damage":35,"enemies":"Cultist and Chosen","floor":28,"turns":7},{"damage":9,"enemies":"Centurion and Healer","floor":30,"turns":5}],"seed_played":"-5246165069224679543","potions_obtained":[{"floor":1,"key":"EssenceOfSteel"},{"floor":6,"key":"FairyPotion"},{"floor":10,"key":"LiquidBronze"},{"floor":22,"key":"GamblersBrew"}],"is_trial":false,"path_per_floor":["M","$","M","?","?","E","R","$","T","E","M","?","R","M","R","B",null,"M","?","?","?","M","R","M","E","T","$","M","?","M"],"character_chosen":"RUNESMITH_CLASS","items_purchased":["Runesmith:CraftIncendium","Runesmith:Firestorm","Omamori"],"campfire_rested":1,"item_purchase_floors":[2,2,27],"current_hp_per_floor":[60,60,52,45,50,36,36,36,36,24,24,24,24,24,44,43,69,69,69,69,69,61,61,46,10,10,10,4,4,0,0],"gold":293,"neow_bonus":"HUNDRED_GOLD","is_daily":false,"chose_seed":false,"campfire_upgraded":3,"win_rate":0.0,"timestamp":1613217408,"path_taken":["M","$","M","?","?","E","R","?","T","E","M","?","R","M","R","BOSS","M","?","?","?","M","R","?","E","T","$","M","?","M"],"items_purchased_type":["Card","Card","Relic"],"build_version":"2020-12-22","purchased_purges":1,"victory":false,"max_hp_per_floor":[70,70,70,70,75,75,75,75,75,75,75,69,69,69,69,69,69,69,69,69,69,69,69,69,69,69,69,69,69,69,69],"card_choices":[{"not_picked":["Runesmith:StaticCage","Runesmith:Attraction"],"picked":"Runesmith:GoWithTheFlow","floor":1},{"not_picked":["Runesmith:PerfectChisel","Runesmith:RuneHurl"],"picked":"Runesmith:EarthShield","floor":3},{"not_picked":["Runesmith:ShiftingStrike","Runesmith:Accelerate"],"picked":"Runesmith:GoWithTheFlow","floor":6},{"not_picked":["Runesmith:CraftMagma","Runesmith:CraftReservo"],"picked":"Runesmith:FissionHammer","floor":10},{"not_picked":["Runesmith:CraftMagma","Runesmith:UnstableHammer"],"picked":"Runesmith:HeatExchange","floor":11},{"not_picked":["Runesmith:EnergizedChisel","Runesmith:Discharge"],"picked":"Runesmith:Accelerate","floor":14},{"not_picked":["Runesmith:ReplicatingBarrier","Runesmith:FissionHammer"],"picked":"Runesmith:CraftMedicinae","floor":16},{"not_picked":["Runesmith:NegativeSpace","Runesmith:CraftMagma"],"picked":"Runesmith:EarthShield+1","floor":18},{"not_picked":["Runesmith:MakeshiftArmor+1","Runesmith:EarthShield"],"picked":"Runesmith:Repurpose","floor":22},{"not_picked":["Runesmith:ShiftingStrike","Runesmith:EnergizedChisel"],"picked":"Runesmith:HammerThrow","floor":24},{"not_picked":["Runesmith:HeatExchange","Runesmith:ShiftingStrike","Runesmith:BackupBattery"],"picked":"SKIP","floor":25},{"not_picked":["Runesmith:ElementalConversion","Runesmith:StaticCage","Runesmith:Repurpose"],"picked":"SKIP","floor":28}],"player_experience":168694,"relics_obtained":[{"floor":6,"key":"The Courier"},{"floor":9,"key":"War Paint"},{"floor":10,"key":"InkBottle"},{"floor":25,"key":"Smiling Mask"},{"floor":26,"key":"Runesmith:AutoHammer"}],"event_choices":[{"cards_removed":["Runesmith:Strike_RS"],"damage_healed":0,"gold_gain":0,"player_choice":"Card Removal","damage_taken":7,"max_hp_gain":0,"max_hp_loss":0,"event_name":"Golden Wing","floor":4,"gold_loss":0},{"damage_healed":0,"gold_gain":0,"player_choice":"Donut","damage_taken":0,"max_hp_gain":5,"max_hp_loss":0,"event_name":"Big Fish","floor":5,"gold_loss":0},{"damage_healed":0,"gold_gain":0,"player_choice":"Lose Max HP","damage_taken":0,"relics_obtained":["Golden Idol"],"max_hp_gain":0,"max_hp_loss":6,"event_name":"Golden Idol","floor":12,"gold_loss":0},{"damage_healed":0,"gold_gain":0,"player_choice":"Opened","damage_taken":0,"relics_obtained":["Pen Nib"],"max_hp_gain":0,"max_hp_loss":0,"event_name":"The Mausoleum","floor":19,"gold_loss":0,"cards_obtained":["Writhe"]},{"damage_healed":0,"gold_gain":0,"player_choice":"Read","damage_taken":0,"max_hp_gain":0,"max_hp_loss":0,"event_name":"The Library","floor":20,"gold_loss":0,"cards_obtained":["Runesmith:Grindstone"]},{"damage_healed":0,"gold_gain":0,"player_choice":"Ignored","damage_taken":0,"max_hp_gain":0,"max_hp_loss":0,"event_name":"Ghosts","floor":21,"gold_loss":0},{"damage_healed":0,"gold_gain":0,"player_choice":"Inject Mutagens","damage_taken":0,"relics_obtained":["MutagenicStrength"],"max_hp_gain":0,"max_hp_loss":0,"event_name":"Drug Dealer","floor":29,"gold_loss":0}],"is_beta":false,"boss_relics":[{"not_picked":["Runic Dome","Sozu"],"picked":"Cursed Key"}],"items_purged_floors":[27],"is_endless":false,"potions_floor_spawned":[1,6,10,22],"killed_by":"Centurion and Healer","ascension_level":0}}