{"host":"8b9ba58w9pmbqmpe","time":1613244732,"event":{"mods":["BaseMod","Downfall","Minty Spire (QoL Compilation)","StSLib"],"gold_per_floor":[99,99,99,99,99,146,158,170,217,129,141,173,205,217,247,276,393,405,417,443,455,467,2,36,36,36,48,48,48,48,33,51,51,51,61,165,165,65,82,102,102,114,114,114,114],"floor_reached":43,"language":"ENG","playtime":3104,"items_purged":[],"score":462,"play_id":"6c42c52b-4772-4e07-8baf-2998ba15860c","local_time":"20210213203212","is_ascension_mode":true,"campfire_choices":[{"data":"bronze:Replicate","floor":1,"key":"SMITH"},{"floor":10,"key":"REST"},{"data":"bronze:BuggyMess","floor":14,"key":"SMITH"},{"data":"bronze:Explode","floor":19,"key":"SMITH"},{"floor":29,"key":"REST"},{"data":"bronze:BurnOut","floor":33,"key":"SMITH"},{"floor":38,"key":"RECALL"}],"circlet_count":0,"master_deck":["bronze:Defend","bronze:Defend","bronze:Defend","bronze:Defend","bronze:Replicate+1","bronze:Goto","bronze:DazingPulse","bronze:Explode+1","bronze:WildBeam","bronze:OilSpill","bronze:BuggyMess+1","bronze:HyperBeam","bronze:OilSpill","bronze:Refactor","bronze:ChosenStrike","bronze:BuggyMess","bronze:RecursiveStrike","bronze:Separator+1","bronze:Flail+1","bronze:Mutator+1","Slimebound:Tackle+1","Slimebound:Tackle+1","Slimebound:Tackle+1","bronze:Repair+1","bronze:FindAndReplace+1","bronze:ItsAFeature","bronze:OilSpill","bronze:BugBarrage+1","bronze:BurnOut+1","bronze:Allocate+1","bronze:Branch","bronze:DarkDash+1","bronze:GetLatest+1","bronze:Branch+1","Parasite"],"relics":["bronze:BronzeCore","downfall:HeartsMalice","MawBank","Letter Opener","CaptainsWheel","Torii","downfall:HeartBlessingGreen","Astrolabe","Toxic Egg 2","Ice Cream","Frozen Egg 2","Bottled Lightning","Runic Pyramid","downfall:HeartBlessingBlue","Spirit Poop"],"acts_visited":["Exordium","TheCity","TheBeyond"],"potions_floor_usage":[24,24,36,36],"damage_taken":[{"damage":0,"enemies":"IC_STATUS_ARCHETYPE","floor":2,"turns":1},{"damage":0,"enemies":"2 Louse","floor":3,"turns":1},{"damage":0,"enemies":"Small Slimes","floor":5,"turns":1},{"damage":41,"enemies":"Lagavulin","floor":9,"turns":7},{"damage":0,"enemies":"Cultist","floor":12,"turns":3},{"damage":11,"enemies":"Exordium Thugs","floor":13,"turns":3},{"damage":1,"enemies":"downfall:LooterAlt","floor":15,"turns":2},{"damage":0,"enemies":"3 Louse","floor":16,"turns":3},{"damage":11,"enemies":"SI_SHIV_ARCHETYPE","floor":17,"turns":7},{"damage":20,"enemies":"Shell Parasite","floor":20,"turns":3},{"damage":0,"enemies":"downfall:FleeingMerchant","floor":23,"turns":4},{"damage":34,"enemies":"Slavers","floor":24,"turns":6},{"damage":0,"enemies":"Spheric Guardian","floor":27,"turns":2},{"damage":5,"enemies":"downfall:FleeingMerchant","floor":31,"turns":4},{"damage":1,"enemies":"3 Cultists","floor":32,"turns":4},{"damage":12,"enemies":"Snecko","floor":35,"turns":4},{"damage":70,"enemies":"IC_MUSHROOM_ARCHETYPE","floor":36,"turns":5},{"damage":15,"enemies":"Orb Walker","floor":39,"turns":2},{"damage":8,"enemies":"3 Shapes","floor":40,"turns":3},{"damage":55,"enemies":"Transient","floor":42,"turns":5},{"damage":15,"enemies":"Writhing Mass","floor":43,"turns":2}],"seed_played":"3099945192588203157","potions_obtained":[{"floor":9,"key":"FearPotion"},{"floor":15,"key":"Regen Potion"},{"floor":16,"key":"PowerPotion"},{"floor":24,"key":"ColorlessPotion"},{"floor":27,"key":"Ancient Potion"}],"is_trial":false,"path_per_floor":["R","?","M","?","M","T","T","T","E","R","?","M","M","R","M","M","B",null,"R","M","?","T","$","E","T","T","M","?","R","M","$","M","R","?","M","B",null,"R","M","M","?","M","M"],"character_chosen":"THE_AUTOMATON","items_purchased":["bronze:FindAndReplace+1","Ice Cream","bronze:ItsAFeature"],"campfire_rested":2,"item_purchase_floors":[23,23,23],"current_hp_per_floor":[70,70,70,70,70,70,70,70,29,50,67,67,56,56,55,55,44,70,70,50,50,50,50,26,26,26,26,26,47,47,42,41,41,64,52,4,70,80,65,67,67,12,0,0,0],"gold":114,"neow_bonus":"THREE_ENEMY_KILL","is_daily":false,"chose_seed":false,"campfire_upgraded":4,"win_rate":0.0,"timestamp":1613244732,"path_taken":["R","?","M","?","?","?","T","T","E","R","?","M","M","R","M","M","BOSS","R","M","?","?","$","E","T","T","M","?","R","M","$","?","R","?","M","BOSS","R","M","M","?","M","?"],"items_purchased_type":["Card","Relic","Card"],"build_version":"2020-12-22","purchased_purges":0,"victory":false,"max_hp_per_floor":[70,70,70,70,70,70,70,70,70,70,70,70,70,70,70,70,70,70,70,70,70,70,70,70,70,70,70,70,70,70,70,70,70,70,70,70,70,80,80,80,77,77,77,77,77],"card_choices":[{"not_picked":[],"picked":"bronze:DazingPulse","floor":2},{"not_picked":[],"picked":"bronze:Explode","floor":2},{"not_picked":["bronze:Separator","bronze:Overheat"],"picked":"bronze:WildBeam","floor":2},{"not_picked":["bronze:DarkDash","bronze:Flail"],"picked":"bronze:OilSpill","floor":3},{"not_picked":["bronze:Boost","bronze:Constructor"],"picked":"bronze:BuggyMess","floor":5},{"not_picked":["bronze:Turbo","bronze:Safeguard"],"picked":"bronze:HyperBeam","floor":9},{"not_picked":["bronze:DelayedGuard","bronze:Deprecate"],"picked":"bronze:OilSpill","floor":12},{"not_picked":["bronze:FineTuning","bronze:Shield"],"picked":"bronze:Refactor","floor":13},{"not_picked":["bronze:CutThrough","bronze:Backtrace"],"picked":"bronze:ChosenStrike","floor":15},{"not_picked":["bronze:ChosenStrike","bronze:Branch"],"picked":"bronze:BuggyMess","floor":16},{"not_picked":["bronze:HardenedForm","bronze:Virus"],"picked":"bronze:RecursiveStrike","floor":17},{"not_picked":["bronze:WhirlingStrike","bronze:Overheat","bronze:CutThrough+1"],"picked":"SKIP","floor":20},{"not_picked":["bronze:Deprecate+1","bronze:Flail"],"picked":"bronze:Repair+1","floor":23},{"not_picked":["bronze:Return+1","bronze:BitShift+1"],"picked":"bronze:OilSpill","floor":24},{"not_picked":["bronze:Branch+1","bronze:DelayedGuard+1"],"picked":"bronze:BugBarrage+1","floor":27},{"not_picked":["bronze:Shield+1","bronze:DelayedGuard+1"],"picked":"bronze:BurnOut","floor":31},{"not_picked":["bronze:DelayedSlice+1","bronze:CutThrough+1"],"picked":"bronze:Allocate+1","floor":32},{"not_picked":["bronze:InfiniteBeams+1","bronze:Shell+1"],"picked":"bronze:Branch","floor":35},{"not_picked":["bronze:ItsAFeature+1","bronze:Invalidate+1"],"picked":"bronze:DarkDash+1","floor":39},{"not_picked":["bronze:WildBeam+1","bronze:DelayedSlice"],"picked":"bronze:GetLatest+1","floor":40},{"not_picked":["bronze:Invalidate+1","bronze:DelayedGuard+1"],"picked":"bronze:Branch+1","floor":42}],"player_experience":295270,"relics_obtained":[{"floor":6,"key":"MawBank"},{"floor":7,"key":"Letter Opener"},{"floor":8,"key":"CaptainsWheel"},{"floor":9,"key":"Torii"},{"floor":22,"key":"Toxic Egg 2"},{"floor":24,"key":"Frozen Egg 2"},{"floor":26,"key":"Bottled Lightning"}],"event_choices":[{"damage_healed":17,"gold_gain":0,"player_choice":"Healed and dodged fight","damage_taken":0,"max_hp_gain":0,"max_hp_loss":0,"event_name":"Mushrooms","floor":11,"gold_loss":0,"cards_obtained":["Parasite"]},{"damage_healed":23,"gold_gain":0,"player_choice":"Heal","damage_taken":0,"max_hp_gain":0,"max_hp_loss":0,"event_name":"The Library","floor":34,"gold_loss":0},{"cards_removed":["Parasite"],"damage_healed":0,"gold_gain":0,"player_choice":"Offered Curse","damage_taken":0,"relics_obtained":["Spirit Poop"],"max_hp_gain":0,"max_hp_loss":0,"event_name":"Bonfire Elementals","floor":41,"gold_loss":0}],"is_beta":false,"boss_relics":[{"not_picked":["Empty Cage","Coffee Dripper"],"picked":"Astrolabe"},{"not_picked":["bronze:MakeshiftBattery","Snecko Eye"],"picked":"Runic Pyramid"}],"items_purged_floors":[],"is_endless":false,"potions_floor_spawned":[9,15,16,17,24,27,39],"killed_by":"Writhing Mass","ascension_level":1}}