{"host":"q57ekfojy3i00x9o","time":1613223271,"event":{"mods":["Act Like it!","Arknights","Aspiration","BaseMod","Colored Map","Energized Spire","Hermit","Minty Spire (QoL Compilation)","Quick Restart","Spicy Shops","Spikes Relics","StSLib","slay the spire mod where everything is the same but ironclad has a cowboy hat"],"gold_per_floor":[110,285,138,138,38,71,71,82,82,94,52,52,52,124,124,252,252,271,271,271,321,342,342,342],"floor_reached":23,"language":"RUS","playtime":340,"items_purged":["Doubt","Regret"],"score":315,"play_id":"4e22fa7c-3f40-4229-9ff7-96609f118ed1","local_time":"20210213183431","is_ascension_mode":true,"campfire_choices":[{"data":"ats:Closed Bolt Burst Fire","floor":7,"key":"SMITH"},{"data":"ats:Roar Of Ursus","floor":12,"key":"SMITH"},{"data":"ats:Flexible Camouflage","floor":15,"key":"SMITH"}],"circlet_count":0,"master_deck":["AscendersBane","ats:Strike G","ats:Strike S","ats:Armor Crushing Shot","ats:Defend","ats:Defend","ats:Defend","ats:Emotion Absorption","ats:Closed Bolt Burst Fire","ats:Closed Bolt Burst Fire+1","ats:Roar Of Ursus+1","ats:Flexible Camouflage+1","ats:Consecutive Shot Auto","ats:Powerful Strike","ats:Rat Pack","ats:Composite Medical Shells+1","ats:Shadow Raid+1","ats:Part Time Job+1","ats:Poison Spread","ats:Consecutive Shot Auto","ats:Powerful Strike"],"relics":["ats:Sanity","NeowsBlessing","Anchor","ats:Originium","ats:Military Tradition","The Courier","Golden Idol","aspiration:StickyExplosives_weak","Astrolabe"],"acts_visited":["Exordium","TheCity"],"potions_floor_usage":[16,16,16,16,18],"damage_taken":[{"damage":0,"enemies":"2 Louse","floor":1,"turns":2},{"damage":0,"enemies":"Gremlin Nob","floor":6,"turns":1},{"damage":0,"enemies":"Jaw Worm","floor":8,"turns":1},{"damage":10,"enemies":"Small Slimes","floor":10,"turns":3},{"damage":38,"enemies":"The Guardian","floor":16,"turns":6},{"damage":18,"enemies":"2 Thieves","floor":18,"turns":3},{"damage":23,"enemies":"3 Byrds","floor":22,"turns":6},{"damage":23,"enemies":"Gremlin Leader","floor":23,"turns":1}],"seed_played":"-710425679365062968","potions_obtained":[{"floor":1,"key":"LiquidBronze"},{"floor":8,"key":"EntropicBrew"},{"floor":18,"key":"Fruit Juice"}],"is_trial":false,"path_per_floor":["M","?","$","?","$","E","R","M","T","M","$","R","?","T","R","B",null,"M","$","?","?","M","E"],"character_chosen":"DOCTOR_CLASS","items_purchased":["ats:Closed Bolt Burst Fire","ats:Powerful Strike"],"campfire_rested":0,"item_purchase_floors":[3,11],"current_hp_per_floor":[65,65,65,65,65,65,65,65,65,55,55,55,55,55,55,17,55,42,42,42,42,19,0,0],"gold":342,"neow_bonus":"THREE_ENEMY_KILL","is_daily":false,"chose_seed":false,"campfire_upgraded":3,"win_rate":0.0,"timestamp":1613223271,"path_taken":["M","?","$","?","$","E","R","M","T","M","$","R","?","?","R","BOSS","M","$","?","?","?","E"],"items_purchased_type":["Card","Card"],"build_version":"2020-12-22","purchased_purges":2,"victory":false,"max_hp_per_floor":[72,72,72,72,72,72,72,72,72,72,72,72,67,67,67,67,67,72,72,72,72,72,72,72],"card_choices":[{"not_picked":["ats:Leaping Hammer","ats:Powerful Strike"],"picked":"ats:Closed Bolt Burst Fire","floor":1},{"not_picked":["ats:Burning Ground","ats:Very Hot Blade"],"picked":"ats:Roar Of Ursus","floor":6},{"not_picked":["ats:Song Of Battle","ats:Healing Drone"],"picked":"ats:Flexible Camouflage","floor":8},{"not_picked":["ats:Curse Doll","ats:Apocalypse"],"picked":"ats:Consecutive Shot Auto","floor":10},{"not_picked":["ats:Disruption Kick","ats:Soul Rend"],"picked":"ats:Rat Pack","floor":16},{"not_picked":["ats:Spore Proliferation","ats:Powerful Strike"],"picked":"ats:Poison Spread","floor":18},{"not_picked":["ats:Hammer On","ats:Ignite"],"picked":"ats:Powerful Strike","floor":22}],"player_experience":766910,"relics_obtained":[{"floor":6,"key":"ats:Originium"},{"floor":6,"key":"ats:Military Tradition"},{"floor":9,"key":"The Courier"},{"floor":14,"key":"aspiration:StickyExplosives_weak"}],"event_choices":[{"damage_healed":0,"gold_gain":175,"player_choice":"AGREE","damage_taken":0,"max_hp_gain":0,"max_hp_loss":0,"event_name":"Liars Game","floor":2,"gold_loss":0,"cards_obtained":["Doubt"]},{"damage_healed":0,"gold_gain":0,"player_choice":"Box","damage_taken":0,"relics_obtained":["Anchor"],"max_hp_gain":0,"max_hp_loss":0,"event_name":"Big Fish","floor":4,"gold_loss":0,"cards_obtained":["Regret"]},{"damage_healed":0,"gold_gain":0,"player_choice":"Lose Max HP","damage_taken":0,"relics_obtained":["Golden Idol"],"max_hp_gain":0,"max_hp_loss":5,"event_name":"Golden Idol","floor":13,"gold_loss":0},{"damage_healed":0,"gold_gain":0,"player_choice":"Read","damage_taken":0,"max_hp_gain":0,"max_hp_loss":0,"event_name":"The Library","floor":20,"gold_loss":0,"cards_obtained":["ats:Consecutive Shot Auto"]},{"damage_healed":0,"gold_gain":100,"player_choice":"Bet on Murderer","damage_taken":0,"max_hp_gain":0,"max_hp_loss":0,"event_name":"The Joust","floor":21,"gold_loss":50}],"is_beta":false,"boss_relics":[{"not_picked":["CosmicIsotope","energizedSpire:RedRose"],"picked":"Astrolabe"}],"items_purged_floors":[3,5],"is_endless":false,"potions_floor_spawned":[1,8,18],"killed_by":"Gremlin Leader","ascension_level":10}}