{"host":"Lingo","time":1613260657,"event":{"mods":["BaseMod","Better Third Choice","Bossed Relics","Evolution","Minty Spire (QoL Compilation)","Relic Stats","Replay The Spire","StSLib"],"gold_per_floor":[366,46,61,61,61,61,94,94,94,110,31,31,60,74,74,171,171,183,22,22,22,22,57,72,84,84,84,84,84,95,120,132,132,132],"floor_reached":33,"language":"ENG","playtime":2606,"items_purged":["Strike_G"],"score":398,"play_id":"f6707cfc-aaf8-4e27-83bb-17ffc1d3bb8d","local_time":"20210213155737","is_ascension_mode":true,"campfire_choices":[{"data":"Neutralize","floor":6,"key":"SMITH"},{"data":"Envenom","floor":15,"key":"SMITH"}],"circlet_count":0,"master_deck":["Flying Knee","Strike_G","Strike_G","Strike_G","Defend_G","Defend_G","Defend_G+1","Defend_G","Defend_G","Survivor","Neutralize+1","Cloak And Dagger","Bane+1","Glass Knife+1","Backflip","Blade Dance","All Out Attack","Leg Sweep","Dash","Machine Learning+1","Envenom+1","Backflip","Venomology","Hidden Blade+1","Night Terror+1","Replay:Poison Smokescreen","Catalyst","Tools of the Trade","Deadly Poison+1","Burst","Acrobatics+1","Well Laid Plans+1","Blur+1"],"relics":["Ring of the Snake","EVO:Axolotl","FossilizedHelix","Toy Ornithopter","Prayer Wheel","Painkiller Herb","Bag of Preparation","Sundial","Oddly Smooth Stone"],"acts_visited":["Exordium","TheCity"],"potions_floor_usage":[18,23,23,25,30,31,31,31,31,33,33],"damage_taken":[{"damage":4,"enemies":"Small Slimes","floor":1,"turns":4},{"damage":0,"enemies":"2 Louse","floor":3,"turns":2},{"damage":11,"enemies":"Lagavulin","floor":7,"turns":5},{"damage":0,"enemies":"Jaw Worm","floor":10,"turns":2},{"damage":0,"enemies":"3 Sentries","floor":13,"turns":7},{"damage":0,"enemies":"Large Slime","floor":14,"turns":5},{"damage":3,"enemies":"The Guardian","floor":16,"turns":13},{"damage":0,"enemies":"2 Thieves","floor":18,"turns":3},{"damage":38,"enemies":"Slavers","floor":23,"turns":5},{"damage":7,"enemies":"Chosen","floor":24,"turns":5},{"damage":8,"enemies":"Snake Plant","floor":25,"turns":4},{"damage":0,"enemies":"Centurion and Healer","floor":30,"turns":5},{"damage":30,"enemies":"Gremlin Leader","floor":31,"turns":6},{"damage":16,"enemies":"3 Cultists","floor":32,"turns":6},{"damage":16,"enemies":"Masked Bandits","floor":33,"turns":3}],"seed_played":"-141806038367844329","potions_obtained":[{"floor":10,"key":"Swift Potion"},{"floor":13,"key":"Fire Potion"},{"floor":14,"key":"EssenceOfSteel"},{"floor":24,"key":"SpeedPotion"}],"is_trial":false,"path_per_floor":["M","$","M","?","?","R","E","?","T","M","$","?","E","M","R","B",null,"?","T","?","T","?","E","?","?","T","?","PTL","PTL","?","E","?","?"],"character_chosen":"THE_SILENT","items_purchased":["Bane+1","Glass Knife","Backflip","Dash","Night Terror"],"campfire_rested":0,"item_purchase_floors":[2,2,2,11,19],"current_hp_per_floor":[45,45,45,45,45,45,34,34,34,34,34,32,32,32,32,29,60,65,65,65,65,65,37,30,27,27,27,27,27,32,22,6,0,0],"gold":132,"neow_bonus":"TWO_FIFTY_GOLD","is_daily":false,"chose_seed":false,"campfire_upgraded":2,"win_rate":0.0,"timestamp":1613260657,"path_taken":["M","$","M","?","?","R","E","?","T","M","$","?","E","?","R","BOSS","?","T","?","T","?","E","?","?","T","?","PTL","PTL","?","E","?","?"],"items_purchased_type":["Card","Card","Card","Card","Card"],"build_version":"2020-12-18","purchased_purges":1,"victory":false,"max_hp_per_floor":[70,70,70,70,70,70,70,70,70,70,70,70,70,70,70,70,70,70,70,70,70,70,70,70,70,70,70,70,70,70,70,70,70,70],"relic_stats":{"counters":[15,75],"Sundial":[2],"Prayer Wheel":6,"Bag of Preparation":[12],"obtain_stats":[{"Sundial":26,"Oddly Smooth Stone":31,"Prayer Wheel":13,"Painkiller Herb":17,"Bag of Preparation":23,"EVO:Axolotl":0,"FossilizedHelix":7,"Toy Ornithopter":9,"Ring of the Snake":0},{"Sundial":11,"Oddly Smooth Stone":13,"Prayer Wheel":5,"Painkiller Herb":7,"Bag of Preparation":9,"EVO:Axolotl":0,"FossilizedHelix":3,"Toy Ornithopter":3,"Ring of the Snake":0},{"Sundial":55,"Oddly Smooth Stone":66,"Prayer Wheel":20,"Painkiller Herb":38,"Bag of Preparation":46,"EVO:Axolotl":0,"FossilizedHelix":11,"Toy Ornithopter":11,"Ring of the Snake":0}],"Toy Ornithopter":55,"Ring of the Snake":[30]},"card_choices":[{"not_picked":["Dodge and Roll","PiercingWail"],"picked":"Cloak And Dagger","floor":1},{"not_picked":["Deflect","Riddle With Holes"],"picked":"Blade Dance","floor":3},{"not_picked":["Flying Knee","Outmaneuver"],"picked":"All Out Attack","floor":7},{"not_picked":["Cloak And Dagger","Deadly Poison"],"picked":"Leg Sweep","floor":10},{"not_picked":["Bouncing Flask","Caltrops"],"picked":"Envenom","floor":13},{"not_picked":["Prepared","Reflex"],"picked":"Backflip","floor":14},{"not_picked":["Hidden Blade","ReplayTheSpireMod:Shiv Toss","Dagger Spray"],"picked":"SKIP","floor":14},{"not_picked":["Hidden Blade","ReplayTheSpireMod:Shiv Toss","Dagger Spray"],"picked":"SKIP","floor":14},{"not_picked":["Doppelganger","Unload"],"picked":"Venomology","floor":16},{"not_picked":["Deadly Poison","Underhanded Strike"],"picked":"Hidden Blade+1","floor":18},{"not_picked":["Deadly Poison","Quick Slash","Eviscerate"],"picked":"SKIP","floor":18},{"not_picked":["Dagger Spray+1","Escape Plan"],"picked":"Replay:Poison Smokescreen","floor":23},{"not_picked":["Bane","Terror"],"picked":"Catalyst","floor":24},{"not_picked":["Riddle With Holes","Dagger Spray+1"],"picked":"Tools of the Trade","floor":24},{"not_picked":["Quick Slash","Sucker Punch"],"picked":"Deadly Poison+1","floor":25},{"not_picked":["Slice+1","Poisoned Stab+1","Expertise"],"picked":"SKIP","floor":25},{"not_picked":["Sucker Punch","Underhanded Strike+1"],"picked":"Burst","floor":30},{"not_picked":["Deflect","Dagger Throw"],"picked":"Acrobatics+1","floor":30},{"not_picked":["Draining Mist","Underhanded Strike+1"],"picked":"Well Laid Plans+1","floor":31},{"not_picked":["Dagger Throw","Backflip+1"],"picked":"Blur+1","floor":32},{"not_picked":["Choke+1","Bane","Cloak And Dagger"],"picked":"SKIP","floor":32}],"player_experience":620829,"relics_obtained":[{"floor":7,"key":"FossilizedHelix"},{"floor":9,"key":"Toy Ornithopter"},{"floor":13,"key":"Prayer Wheel"},{"floor":23,"key":"Bag of Preparation"},{"floor":26,"key":"Sundial"},{"floor":31,"key":"Oddly Smooth Stone"}],"event_choices":[{"damage_healed":0,"gold_gain":0,"player_choice":"Grow","damage_taken":0,"max_hp_gain":0,"max_hp_loss":0,"event_name":"Living Wall","floor":4,"gold_loss":0,"cards_upgraded":["Glass Knife"]},{"damage_healed":0,"gold_gain":0,"player_choice":"Ignored","damage_taken":61,"max_hp_gain":0,"max_hp_loss":0,"event_name":"betterThird:BetterSerpent","floor":5,"gold_loss":0},{"damage_healed":0,"gold_gain":1,"player_choice":"Card ","damage_taken":2,"max_hp_gain":0,"max_hp_loss":0,"event_name":"betterThird:BetterScrap","floor":12,"gold_loss":0,"cards_obtained":["Machine Learning","Blasphemy"]},{"damage_healed":0,"gold_gain":0,"player_choice":"Upgraded","damage_taken":0,"max_hp_gain":0,"max_hp_loss":0,"event_name":"Upgrade Shrine","floor":20,"gold_loss":0,"cards_upgraded":["Night Terror"]},{"damage_healed":0,"gold_gain":0,"player_choice":"Ignored","damage_taken":0,"max_hp_gain":0,"max_hp_loss":0,"event_name":"The Mausoleum","floor":27,"gold_loss":0},{"damage_healed":0,"gold_gain":0,"player_choice":"Fought Bandits","damage_taken":0,"max_hp_gain":0,"max_hp_loss":0,"event_name":"Masked Bandits","floor":33,"gold_loss":0}],"is_beta":true,"boss_relics":[{"not_picked":["Ring of the Serpent","SlaversCollar"],"picked":"Painkiller Herb"}],"items_purged_floors":[2],"is_endless":false,"potions_floor_spawned":[10,13,14,24,30],"killed_by":"Masked Bandits","ascension_level":5}}