{"host":"8a3jzv7qxg3y7b6t","time":1613205834,"event":{"mods":["BaseMod","Better Third Choice","Downfall","Hermit","Minty Spire (QoL Compilation)","Relic Stats","StSLib","The Bug Knight","The Cursed"],"gold_per_floor":[111,111,124,55,66,93,93,118,144,157,177,196,225,172,172,172,172],"floor_reached":16,"language":"ENG","playtime":864,"items_purged":[],"score":176,"play_id":"d574f620-f15d-4662-a5df-be2279340bcb","local_time":"20210213004354","is_ascension_mode":true,"campfire_choices":[{"floor":7,"key":"RECALL"},{"floor":15,"key":"REST"}],"circlet_count":0,"master_deck":["Strike_G","Strike_G","Strike_G","Strike_G","Defend_G","Defend_G","Defend_G","Defend_G","Defend_G","Survivor","Neutralize","Slice","Noxious Fumes","Infinite Blades","Dagger Throw","Burst","Dagger Spray","Cloak And Dagger","Sucker Punch","Backstab","Dagger Spray"],"relics":["Ring of the Snake","Potion Belt","Oddly Smooth Stone","Meat on the Bone","Centennial Puzzle"],"acts_visited":["Exordium"],"potions_floor_usage":[6,11,13,13],"damage_taken":[{"damage":4,"enemies":"Jaw Worm","floor":1,"turns":4},{"damage":2,"enemies":"Small Slimes","floor":3,"turns":3},{"damage":0,"enemies":"Cultist","floor":5,"turns":4},{"damage":34,"enemies":"Lagavulin","floor":6,"turns":8},{"damage":0,"enemies":"HollowMod:MossKnight","floor":8,"turns":6},{"damage":19,"enemies":"Large Slime","floor":10,"turns":6},{"damage":0,"enemies":"Lots of Slimes","floor":11,"turns":2},{"damage":1,"enemies":"Gremlin Gang","floor":12,"turns":3},{"damage":4,"enemies":"3 Sentries","floor":13,"turns":3},{"damage":17,"enemies":"Hexaghost","floor":16,"turns":6}],"seed_played":"5135046152508234457","potions_obtained":[{"floor":5,"key":"Guardian:BlockOnCardUsePotion"},{"floor":6,"key":"Slimebound:ThreeZeroPotion"},{"floor":10,"key":"ColorlessPotion"},{"floor":12,"key":"SkillPotion"}],"is_trial":false,"path_per_floor":["M","?","M","$","M","E","R","E","T","M","M","M","E","?","R","B"],"character_chosen":"THE_SILENT","items_purchased":["Infinite Blades"],"campfire_rested":1,"item_purchase_floors":[4],"current_hp_per_floor":[73,66,64,64,64,30,30,30,30,11,11,10,6,6,29,12,12],"gold":172,"neow_bonus":"TEN_PERCENT_HP_BONUS","is_daily":false,"chose_seed":false,"campfire_upgraded":0,"win_rate":0.0,"timestamp":1613205834,"path_taken":["M","?","M","$","M","E","R","E","T","M","M","M","E","?","R","BOSS"],"items_purchased_type":["Card"],"build_version":"2020-12-22","purchased_purges":0,"victory":false,"max_hp_per_floor":[77,77,77,77,77,77,77,77,77,77,77,77,77,77,77,77,77],"relic_stats":{"Centennial Puzzle":[3],"counters":[10,45],"obtain_stats":[{"Potion Belt":6,"Centennial Puzzle":14,"Oddly Smooth Stone":8,"Ring of the Snake":0,"Meat on the Bone":13},{"Potion Belt":4,"Centennial Puzzle":9,"Oddly Smooth Stone":5,"Ring of the Snake":0,"Meat on the Bone":9},{"Potion Belt":19,"Centennial Puzzle":39,"Oddly Smooth Stone":25,"Ring of the Snake":0,"Meat on the Bone":39}],"Ring of the Snake":[20],"Meat on the Bone":0},"card_choices":[{"not_picked":["Outmaneuver","Deadly Poison"],"picked":"Slice","floor":1},{"not_picked":["Outmaneuver","Calculated Gamble"],"picked":"Noxious Fumes","floor":3},{"not_picked":["Prepared","Reflex"],"picked":"Dagger Throw","floor":5},{"not_picked":["Calculated Gamble","Deadly Poison"],"picked":"Burst","floor":6},{"not_picked":["Accuracy","Crippling Poison"],"picked":"Dagger Spray","floor":8},{"not_picked":["Bane","Poisoned Stab"],"picked":"Cloak And Dagger","floor":10},{"not_picked":["Outmaneuver","Calculated Gamble"],"picked":"Sucker Punch","floor":11},{"not_picked":["PiercingWail","Cloak And Dagger"],"picked":"Backstab","floor":12},{"not_picked":["Acrobatics","PiercingWail"],"picked":"Dagger Spray","floor":13}],"player_experience":681819,"relics_obtained":[{"floor":6,"key":"Potion Belt"},{"floor":8,"key":"Oddly Smooth Stone"},{"floor":13,"key":"Meat on the Bone"}],"event_choices":[{"cards_removed":["Strike_G"],"damage_healed":0,"gold_gain":0,"player_choice":"Card Removal","damage_taken":7,"max_hp_gain":0,"max_hp_loss":0,"event_name":"Golden Wing","floor":2,"gold_loss":0},{"damage_healed":0,"gold_gain":0,"player_choice":"Paid Gold","damage_taken":0,"relics_obtained":["Centennial Puzzle"],"max_hp_gain":0,"max_hp_loss":0,"event_name":"WeMeetAgain","floor":14,"gold_loss":53}],"is_beta":false,"boss_relics":[],"items_purged_floors":[],"is_endless":false,"potions_floor_spawned":[5,6,10,12],"killed_by":"Hexaghost","ascension_level":4}}