{"host":"xspno2hvvkg1vi3z","time":1613191984,"event":{"mods":["100% Spire Juice","BaseMod","Downfall","Energized Spire","Minty Spire (QoL Compilation)","StSLib"],"gold_per_floor":[111,129,145,164,164,164,164,164,164],"floor_reached":8,"language":"ZHS","playtime":344,"items_purged":[],"score":48,"play_id":"cd6fcae8-e8a0-4833-886e-0015eeaad897","local_time":"20210213125304","is_ascension_mode":false,"campfire_choices":[{"data":"Moonworks:Ambush","floor":6,"key":"SMITH"}],"circlet_count":0,"master_deck":["Moonworks:Strike","Moonworks:Strike","Moonworks:Strike","Moonworks:Strike","Moonworks:Defend","Moonworks:Defend","Moonworks:Defend","Moonworks:Defend","Moonworks:Ambush+1","Moonworks:LongDistanceShot","Violence","Moonworks:DeployBits","Moonworks:IntelligenceOfficer","Regret"],"relics":["Moonworks:BrokenBomb","Moonworks:Homemark","Gremlin Horn","Meat on the Bone"],"acts_visited":["Exordium"],"potions_floor_usage":[4],"damage_taken":[{"damage":0,"enemies":"Cultist","floor":1,"turns":3},{"damage":0,"enemies":"Small Slimes","floor":2,"turns":3},{"damage":7,"enemies":"Jaw Worm","floor":3,"turns":4},{"damage":3,"enemies":"Exordium Thugs","floor":4,"turns":4},{"damage":34,"enemies":"Gremlin Nob","floor":8,"turns":3}],"seed_played":"-8364526878671144125","potions_obtained":[{"floor":1,"key":"GamblersBrew"}],"is_trial":false,"path_per_floor":["M","M","M","M","?","R","T","E"],"character_chosen":"THE_STARBREAKER","items_purchased":[],"campfire_rested":0,"item_purchase_floors":[],"current_hp_per_floor":[42,42,35,32,32,32,32,0,0],"gold":164,"neow_bonus":"RANDOM_COLORLESS_2","is_daily":false,"chose_seed":false,"campfire_upgraded":1,"win_rate":0.0,"timestamp":1613191984,"path_taken":["M","M","?","M","?","R","?","E"],"items_purchased_type":[],"build_version":"2020-12-22","purchased_purges":0,"victory":false,"max_hp_per_floor":[60,60,60,60,60,60,60,60,60],"card_choices":[{"not_picked":["Magnetism","Sadistic Nature"],"picked":"Violence","floor":0},{"not_picked":["Moonworks:CompletionReward","Moonworks:CloudOfSeagulls"],"picked":"Moonworks:DeployBits","floor":1},{"not_picked":["Moonworks:TacticalRetreat","Moonworks:DevilHand"],"picked":"Moonworks:IntelligenceOfficer","floor":2},{"not_picked":["Moonworks:ImOnFire","Moonworks:JonathanRush","Moonworks:Assault"],"picked":"SKIP","floor":3},{"not_picked":["Moonworks:ImOnFire","Moonworks:Assault","Moonworks:IndiscriminateFireSupport"],"picked":"SKIP","floor":4}],"player_experience":203834,"relics_obtained":[{"floor":7,"key":"Meat on the Bone"}],"event_choices":[{"damage_healed":0,"gold_gain":0,"player_choice":"Box","damage_taken":0,"relics_obtained":["Gremlin Horn"],"max_hp_gain":0,"max_hp_loss":0,"event_name":"Big Fish","floor":5,"gold_loss":0,"cards_obtained":["Regret"]}],"is_beta":false,"boss_relics":[],"items_purged_floors":[],"is_endless":false,"potions_floor_spawned":[1],"killed_by":"Gremlin Nob","ascension_level":0}}