{"host":"tia00321x3ndnwo4","time":1613254123,"event":{"mods":["2.2 Compatiblity","BaseMod","Bestiary","Colored Map","Colored Powertips","Curses Come First","Downfall","Highlight Path","Minty Spire (QoL Compilation)","Relic Stats","Slay the Relics Exporter","StSLib","SuperFastMode"],"gold_per_floor":[0,16,16,16,26,26,51,65,65,65,81,26,26,36,46,151,151,151,162,262,332,346,356,432,508,127,127,141,191,191,241,254,254,254,254],"floor_reached":33,"language":"ENG","playtime":1297,"items_purged":["bronze:Strike"],"score":239,"play_id":"9f6f2434-3ce2-44de-b6d4-88ad0f0b8409","local_time":"20210213140843","is_ascension_mode":false,"campfire_choices":[{"data":"bronze:Return","floor":1,"key":"SMITH"},{"data":"bronze:FindAndReplace","floor":6,"key":"SMITH"},{"data":"bronze:DelayedSlice","floor":10,"key":"SMITH"},{"data":"bronze:MaxOutput","floor":13,"key":"SMITH"},{"data":"bronze:InfiniteLoop","floor":18,"key":"SMITH"},{"data":"bronze:Branch","floor":27,"key":"SMITH"},{"floor":30,"key":"REST"}],"circlet_count":0,"master_deck":["bronze:Strike","bronze:Strike","bronze:Defend","bronze:Defend","bronze:Defend","bronze:Replicate","bronze:Goto","bronze:FindAndReplace+1","bronze:Return+1","bronze:Iterate","bronze:DelayedSlice+1","bronze:Terminator","bronze:Fortify","bronze:MaxOutput+1","bronze:Turbo","bronze:Branch+1","bronze:InfiniteLoop+1","bronze:WildBeam+1","bronze:Iterate","bronze:DelayedSlice+1","bronze:Separator","downfall:Icky","bronze:ForceShield+1","bronze:BronzeOrb","bronze:ItsAFeature","Writhe","Necronomicurse","bronze:Repulsor+1"],"relics":["bronze:BronzeCore","Mummified Hand","Blood Vial","Gremlin Horn","Cursed Key","downfall:CloakOfManyFaces","CultistMask","FaceOfCleric","NlothsMask","GremlinMask","SsserpentHead","Red Mask","Membership Card","Toxic Egg 2","bronze:CableSpool","Necronomicon"],"acts_visited":["Exordium","TheCity"],"potions_floor_usage":[16,20,23,33],"damage_taken":[{"damage":8,"enemies":"2 Louse","floor":2,"turns":2},{"damage":1,"enemies":"Jaw Worm","floor":5,"turns":3},{"damage":0,"enemies":"Cultist","floor":8,"turns":4},{"damage":6,"enemies":"Exordium Wildlife","floor":11,"turns":3},{"damage":5,"enemies":"downfall:FleeingMerchant","floor":12,"turns":4},{"damage":5,"enemies":"Blue Slaver","floor":14,"turns":2},{"damage":0,"enemies":"2 Fungi Beasts","floor":15,"turns":2},{"damage":32,"enemies":"WA_ARCHETYPE_RETAIN","floor":16,"turns":6},{"damage":0,"enemies":"Spheric Guardian","floor":19,"turns":2},{"damage":18,"enemies":"downfall:FaceTrader","floor":20,"turns":7},{"damage":5,"enemies":"Chosen","floor":21,"turns":3},{"damage":0,"enemies":"Sentry and Sphere","floor":22,"turns":2},{"damage":29,"enemies":"Snake Plant","floor":23,"turns":3},{"damage":0,"enemies":"Masked Bandits","floor":25,"turns":2},{"damage":8,"enemies":"downfall:FleeingMerchant","floor":26,"turns":4},{"damage":6,"enemies":"Snecko","floor":28,"turns":5},{"damage":11,"enemies":"3 Cultists","floor":32,"turns":4},{"damage":29,"enemies":"DF_ARCHETYPE_CLAW","floor":33,"turns":4}],"seed_played":"-590662025816940999","potions_obtained":[{"floor":2,"key":"SkillPotion"},{"floor":14,"key":"SpeedPotion"},{"floor":15,"key":"bronze:CleanCodePotion"},{"floor":16,"key":"champ:CounterPotion"},{"floor":19,"key":"Fire Potion"},{"floor":22,"key":"Strength Potion"},{"floor":32,"key":"Fruit Juice"}],"is_trial":false,"path_per_floor":["R","M","?","?","M","R","T","M","T","R","M","$","R","M","M","B",null,"R","M","?","M","M","M","T","?","$","R","M","T","R","?","M","B"],"character_chosen":"THE_AUTOMATON","items_purchased":["bronze:MaxOutput","Membership Card","bronze:ItsAFeature","Toxic Egg 2"],"campfire_rested":1,"item_purchase_floors":[12,26,26,26],"current_hp_per_floor":[70,62,62,62,61,61,61,63,63,63,59,56,56,53,55,25,70,70,70,52,50,53,27,27,30,25,25,22,22,44,28,20,0,0,0],"gold":254,"neow_bonus":"TRANSFORM_TWO_CARDS","is_daily":false,"chose_seed":false,"campfire_upgraded":6,"win_rate":0.0,"timestamp":1613254123,"path_taken":["R","M","?","?","M","R","T","M","?","R","M","?","R","M","M","BOSS","R","M","?","?","M","M","T","?","$","R","M","?","R","?","M","BOSS"],"items_purchased_type":["Card","Relic","Card","Relic"],"build_version":"2020-12-22","purchased_purges":1,"victory":false,"max_hp_per_floor":[70,70,70,70,70,70,70,70,70,70,70,70,70,70,70,70,70,70,70,70,71,72,73,73,74,75,75,76,76,76,76,77,82,82,82],"relic_stats":{"Blood Vial":28,"SsserpentHead":200,"Gremlin Horn":[9,9],"FaceOfCleric":7,"counters":[18,62],"Mummified Hand":[15],"Necronomicon":[1],"Cursed Key":2,"obtain_stats":[{"bronze:BronzeCore":0,"Gremlin Horn":9,"GremlinMask":20,"Cursed Key":17,"bronze:CableSpool":29,"Blood Vial":7,"SsserpentHead":20,"FaceOfCleric":20,"Mummified Hand":3,"CultistMask":20,"downfall:CloakOfManyFaces":20,"Red Mask":25,"Necronomicon":31,"Membership Card":26,"Toxic Egg 2":26,"NlothsMask":20},{"bronze:BronzeCore":0,"Gremlin Horn":3,"GremlinMask":10,"Cursed Key":8,"bronze:CableSpool":16,"Blood Vial":2,"SsserpentHead":10,"FaceOfCleric":10,"Mummified Hand":1,"CultistMask":10,"downfall:CloakOfManyFaces":10,"Red Mask":14,"Necronomicon":16,"Membership Card":15,"Toxic Egg 2":15,"NlothsMask":10},{"bronze:BronzeCore":0,"Gremlin Horn":9,"GremlinMask":35,"Cursed Key":26,"bronze:CableSpool":54,"Blood Vial":5,"SsserpentHead":35,"FaceOfCleric":35,"Mummified Hand":2,"CultistMask":35,"downfall:CloakOfManyFaces":35,"Red Mask":45,"Necronomicon":54,"Membership Card":49,"Toxic Egg 2":49,"NlothsMask":35}]},"card_choices":[{"not_picked":["bronze:Repair","bronze:InfiniteBeams"],"picked":"bronze:Iterate","floor":2},{"not_picked":["bronze:FollowUp","bronze:DelayedGuard","bronze:Overheat"],"picked":"SKIP","floor":5},{"not_picked":["bronze:Iterate","bronze:DarkDash"],"picked":"bronze:DelayedSlice","floor":8},{"not_picked":["bronze:BuggyMess","bronze:Repulsor"],"picked":"bronze:Terminator","floor":11},{"not_picked":["bronze:BitShift","bronze:CutThrough"],"picked":"bronze:Fortify","floor":12},{"not_picked":["bronze:WildBeam","bronze:BuggyMess"],"picked":"bronze:Turbo","floor":14},{"not_picked":["bronze:Frontload","bronze:Philosophize"],"picked":"bronze:Branch","floor":15},{"not_picked":["bronze:AlphaBuild","bronze:HardenedForm"],"picked":"bronze:InfiniteLoop","floor":16},{"not_picked":["bronze:DelayedGuard+1","bronze:Separator"],"picked":"bronze:WildBeam+1","floor":19},{"not_picked":["bronze:NullPointer","bronze:CutThrough"],"picked":"bronze:Iterate","floor":20},{"not_picked":["bronze:Constructor","bronze:Deprecate"],"picked":"bronze:DelayedSlice+1","floor":21},{"not_picked":["bronze:CloningBeam","bronze:Refactor"],"picked":"bronze:Separator","floor":22},{"not_picked":["bronze:CleanCode","bronze:FollowUp","bronze:BuggyMess+1"],"picked":"SKIP","floor":23},{"not_picked":["bronze:Overload","bronze:Turbo"],"picked":"bronze:ForceShield+1","floor":25},{"not_picked":["bronze:Refactor","bronze:Safeguard"],"picked":"bronze:BronzeOrb","floor":26},{"not_picked":["bronze:FollowUp","bronze:BronzeArmor+1","bronze:Shield+1"],"picked":"SKIP","floor":28},{"not_picked":["bronze:DelayedGuard+1","bronze:BitShift+1"],"picked":"bronze:Repulsor+1","floor":32}],"player_experience":198644,"relics_obtained":[{"floor":7,"key":"Blood Vial"},{"floor":9,"key":"Gremlin Horn"},{"floor":20,"key":"downfall:CloakOfManyFaces"},{"floor":25,"key":"Red Mask"},{"floor":29,"key":"bronze:CableSpool"},{"floor":31,"key":"Necronomicon"}],"event_choices":[{"damage_healed":0,"gold_gain":0,"player_choice":"Box","damage_taken":0,"relics_obtained":["Mummified Hand"],"max_hp_gain":0,"max_hp_loss":0,"event_name":"Big Fish","floor":3,"gold_loss":0,"cards_obtained":["Regret"]},{"cards_removed":["Regret"],"damage_healed":0,"gold_gain":0,"player_choice":"Card Removal","damage_taken":0,"max_hp_gain":0,"max_hp_loss":0,"event_name":"The Cleric","floor":4,"gold_loss":0},{"damage_healed":0,"gold_gain":0,"player_choice":"Fought Bandits","damage_taken":0,"max_hp_gain":0,"max_hp_loss":0,"event_name":"Masked Bandits","floor":25,"gold_loss":0}],"is_beta":false,"boss_relics":[{"not_picked":["Fusion Hammer","Tiny House"],"picked":"Cursed Key"}],"items_purged_floors":[26],"is_endless":false,"potions_floor_spawned":[2,14,15,16,19,22,32],"killed_by":"DF_ARCHETYPE_CLAW","ascension_level":0}}