{"host":"fortuna","time":1613225418,"event":{"mods":["100% Spire Juice","Act Like it!","Arknights","BaseMod","CapriCore","Gensokyo","Hallownest","Koishi","Minty Spire (QoL Compilation)","MostiFishMod","Reimu£®≤©¿ˆ¡È√Œ£©","Relic Stats","StSLib","The Animator","The Bug Knight","The Immortal","Waifu the Spire","WarShipGirlsR/’ΩΩ¢…Ÿ≈ÆR mod","Yakumo Yukari mod"],"gold_per_floor":[210,37,37,47,127,154,154,182,209,209,426,458,470,360,360,462,462,1199,1213,1213,1173,1193,1218,1232,1261,1284,648,664,664,696,710,710,811,811,823,823,1812,2882,1970,1996,1996,2030,2030,2030,1236,1254,1254,1280,1280,1280,1280,1280,10,39,39],"floor_reached":56,"language":"ZHS","playtime":2100,"items_purged":["HollowMod:NailStrikeStart","HollowMod:NailStrikeStart","HollowMod:NailStrikeStart","HollowMod:QuickDashStart"],"score":1819,"play_id":"393d3566-700f-4bb4-b50d-49ba3fab89d6","local_time":"20210213221018","is_ascension_mode":true,"campfire_choices":[{"data":"HollowMod:SoulEater","floor":7.0,"key":"SMITH"},{"data":"HollowMod:NewGlowingWomb","floor":15.0,"key":"SMITH"},{"data":"HollowMod:FocusHealStart","floor":29.0,"key":"SMITH"},{"data":"HollowMod:RadiancesLament","floor":32.0,"key":"SMITH"},{"floor":41,"key":"RECALL"},{"floor":49,"key":"REST"},{"floor":52,"key":"REST"}],"circlet_count":0,"master_deck":["HollowMod:NailStrikeStart","HollowMod:QuickDashStart","HollowMod:QuickDashStart","HollowMod:QuickDashStart","HollowMod:FocusHealStart+1","HollowMod:PogoStrike","HollowMod:CycloneSlash","HollowMod:SoulEater+1","HollowMod:MantisMark","HollowMod:InfectedCysts","HollowMod:PaleKingsBlessing","HollowMod:NewGlowingWomb+1","HollowMod:BrokenVessel","HollowMod:SlysStrikes+1","HollowMod:InfectedAttack+1","HollowMod:BrokenVessel","HollowMod:PogoStrike","HollowMod:HuntersJournal","HollowMod:MantisMark","HollowMod:Hiveblood","HollowMod:InfectedAttack","HollowMod:PerfectDash","HollowMod:RadiancesLament+1","HollowMod:CloakDash+1","HollowMod:NewInfectedGuardian","HollowMod:PerfectDash+1","HollowMod:InfectionAssault+1","HollowMod:MothsMistake","HollowMod:MothsMistake+1","HollowMod:BrokenVessel","HollowMod:InfectedCysts+1","MostiFishMod:OneDayCity","HollowMod:RadiancesLament"],"relics":["HollowMod:VesselMask","DaveBox","SynthV:TestCard","FeatherPendant","Civilization","Gensokyo:OccultBall","Art of War","Blue Candle","HollowMod:MillibellesNoteRelic","Bird Faced Urn","Philosopher\u0027s Stone","MealTicket","HollowMod:PaleOreRelic","Pen Nib","Bottled Lightning","Du-Vu Doll","Fusion Hammer","DianPoetry","ImprovedEquipment","Lee\u0027s Waffle","CaptainsWheel","ArrowTower","ChiLing","Chi","Ling","MostiFishMod:Haymaker","SynthV:C4","ThornShield","Akabeko","BirthdayGift-Tetrahedron","PureWhite:ReiMu"],"acts_visited":["Gensokyo:Gensokyo","Gensokyo:Gensokyoer","Gensokyo:Gensokyoest","TheEnding"],"potions_floor_usage":[48],"damage_taken":[{"damage":4.0,"enemies":"Gensokyo:2_Kodama","floor":1.0,"turns":4.0},{"damage":0.0,"enemies":"Gensokyo:Python","floor":4.0,"turns":1.0},{"damage":0.0,"enemies":"Gensokyo:Mamizou","floor":6.0,"turns":7.0},{"damage":0.0,"enemies":"Gensokyo:Cirno","floor":8.0,"turns":4.0},{"damage":0.0,"enemies":"Gensokyo:Gryphon","floor":11.0,"turns":1.0},{"damage":0.0,"enemies":"Gensokyo:Mamizou","floor":12.0,"turns":5.0},{"damage":0.0,"enemies":"Gensokyo:3_Kodama","floor":13.0,"turns":1.0},{"damage":19.0,"enemies":"Gensokyo:Kokoro","floor":16.0,"turns":4.0},{"damage":80.0,"enemies":"Gensokyo:Chomper","floor":18.0,"turns":2.0},{"damage":20.0,"enemies":"Gensokyo:2_Gloops","floor":19.0,"turns":4.0},{"damage":0.0,"enemies":"Gensokyo:Swordslinger","floor":22.0,"turns":2.0},{"damage":33.0,"enemies":"Gensokyo:Tenshi","floor":23.0,"turns":2.0},{"damage":0.0,"enemies":"Gensokyo:Slime_Group","floor":24.0,"turns":1.0},{"damage":35.0,"enemies":"Gensokyo:Koishi","floor":25.0,"turns":3.0},{"damage":36.0,"enemies":"Gensokyo:Chomper_and_Gloop","floor":28.0,"turns":2.0},{"damage":6.0,"enemies":"Gensokyo:Reisen","floor":30.0,"turns":3.0},{"damage":0.0,"enemies":"Gensokyo:Swordslinger","floor":31.0,"turns":1.0},{"damage":23.0,"enemies":"Gensokyo:Eternal_Rivals","floor":33.0,"turns":4.0},{"damage":0.0,"enemies":"Gensokyo:AncientGuardian","floor":35.0,"turns":1.0},{"damage":101,"enemies":"Gensokyo:3_Bats","floor":37,"turns":6},{"damage":125,"enemies":"Gensokyo:SeedOfUnknown","floor":38,"turns":2},{"damage":20,"enemies":"Gensokyo:Doremy","floor":40,"turns":2},{"damage":2,"enemies":"Gensokyo:Kasen","floor":42,"turns":2},{"damage":23,"enemies":"Gensokyo:Rafflesia","floor":46,"turns":2},{"damage":50,"enemies":"Gensokyo:Marisa","floor":48,"turns":1},{"damage":20,"enemies":"Gensokyo:Yuyuko","floor":50,"turns":2},{"damage":2,"enemies":"Shield and Spear","floor":54,"turns":1},{"damage":12,"enemies":"The Heart","floor":55,"turns":3}],"seed_played":"-4620975934274277214","potions_obtained":[{"floor":1.0,"key":"LiquidMemories"},{"floor":4.0,"key":"Weak Potion"},{"floor":11.0,"key":"SmokeBomb"},{"floor":16.0,"key":"Fire Potion"},{"floor":42,"key":"FairyPotion"},{"floor":54,"key":"PowerPotion"}],"is_trial":false,"path_per_floor":["M","COS","?","M","?","E","R","E","T","T","M","E","M","$","R","B",null,"M","M","?","?","M","E","M","E","T","$","M","R","E","M","R","B",null,"M","?","M","M","$","E","R","E","T","?","$","M","?","E","R","B",null,"R","$","E","B",null],"character_chosen":"THE_BUGKNIGHT","items_purchased":["HollowMod:BrokenVessel","HollowMod:Hiveblood","Bottled Lightning","HollowMod:InfectedAttack","HollowMod:PerfectDash","DianPoetry","ImprovedEquipment","Lee\u0027s Waffle","HollowMod:MothsMistake","ChiLing","MostiFishMod:Haymaker","SynthV:C4","HollowMod:BrokenVessel","BirthdayGift-Tetrahedron","MostiFishMod:OneDayCity"],"campfire_rested":2,"item_purchase_floors":[14,27,27,27,27,39,39,39,39,45,45,45,45,53,53],"current_hp_per_floor":[75,75,75,76,76,78,78,80,80,80,83,87,92,92,92,82,97,30,81,81,81,98,70,75,63,63,78,101,101,137,142,142,144,147,152,130,108,81,169,174,174,179,179,179,179,181,108,67,123,123,194,194,194,197,203],"gold":39,"neow_bonus":"HUNDRED_GOLD","is_daily":false,"chose_seed":false,"campfire_upgraded":4,"win_rate":0.0,"timestamp":1613225418,"path_taken":["M","COS","?","M","?","E","R","E","T","?","?","E","M","$","R","BOSS","M","?","?","?","M","E","M","E","T","$","M","R","E","M","R","BOSS","M","?","M","?","$","E","R","E","T","?","?","?","?","E","R","BOSS","R","$","E","BOSS"],"items_purchased_type":["Card","Card","Relic","Card","Card","Relic","Relic","Relic","Card","Relic","Relic","Relic","Card","Relic","Card"],"build_version":"2020-12-18","purchased_purges":4,"victory":true,"max_hp_per_floor":[75,75,75,76,76,78,78,80,80,80,83,87,92,92,92,97,97,102,107,107,107,112,117,122,127,127,127,132,132,137,142,142,147,147,152,152,157,162,169,174,174,179,179,179,179,184,184,189,189,194,194,194,194,199,204],"relic_stats":{"Lee\u0027s Waffle":73,"counters":[28,72],"Blue Candle":[0],"Bird Faced Urn":[136],"MealTicket":30,"Pen Nib":[10],"Art of War":[10],"obtain_stats":[{"DaveBox":0,"MostiFishMod:Haymaker":45,"DianPoetry":39,"Chi":45,"HollowMod:VesselMask":0,"HollowMod:MillibellesNoteRelic":10,"SynthV:C4":45,"Civilization":2,"Frozen Eye":25,"Gensokyo:OccultBall":3,"Philosopher\u0027s Stone":17,"MealTicket":23,"Fusion Hammer":34,"HollowMod:PaleOreRelic":25,"BirthdayGift-Tetrahedron":53,"Lee\u0027s Waffle":39,"Blue Candle":8,"ImprovedEquipment":39,"Pen Nib":26,"ThornShield":47,"Akabeko":48,"Du-Vu Doll":30,"CaptainsWheel":40,"Ling":45,"PureWhite:ReiMu":54,"SynthV:TestCard":1,"FeatherPendant":1,"Bird Faced Urn":12,"Art of War":6,"Bottled Lightning":27,"ArrowTower":43,"ChiLing":45},{"DaveBox":0,"MostiFishMod:Haymaker":23,"DianPoetry":21,"Chi":23,"HollowMod:VesselMask":0,"HollowMod:MillibellesNoteRelic":4,"SynthV:C4":23,"Civilization":1,"Frozen Eye":13,"Gensokyo:OccultBall":1,"Philosopher\u0027s Stone":8,"MealTicket":12,"Fusion Hammer":18,"HollowMod:PaleOreRelic":14,"BirthdayGift-Tetrahedron":26,"Lee\u0027s Waffle":21,"Blue Candle":4,"ImprovedEquipment":21,"Pen Nib":14,"ThornShield":24,"Akabeko":25,"Du-Vu Doll":16,"CaptainsWheel":22,"Ling":23,"PureWhite:ReiMu":27,"SynthV:TestCard":1,"FeatherPendant":1,"Bird Faced Urn":6,"Art of War":3,"Bottled Lightning":14,"ArrowTower":23,"ChiLing":23},{"DaveBox":0,"MostiFishMod:Haymaker":63,"DianPoetry":59,"Chi":63,"HollowMod:VesselMask":0,"HollowMod:MillibellesNoteRelic":16,"SynthV:C4":63,"Civilization":4,"Frozen Eye":38,"Gensokyo:OccultBall":4,"Philosopher\u0027s Stone":27,"MealTicket":37,"Fusion Hammer":50,"HollowMod:PaleOreRelic":40,"BirthdayGift-Tetrahedron":68,"Lee\u0027s Waffle":59,"Blue Candle":16,"ImprovedEquipment":59,"Pen Nib":40,"ThornShield":65,"Akabeko":66,"Du-Vu Doll":45,"CaptainsWheel":61,"Ling":63,"PureWhite:ReiMu":69,"SynthV:TestCard":4,"FeatherPendant":4,"Bird Faced Urn":22,"Art of War":12,"Bottled Lightning":40,"ArrowTower":63,"ChiLing":63}]},"card_choices":[{"not_picked":["HollowMod:GoodIntentions","HollowMod:CrystalDash"],"picked":"HollowMod:FastStrike","floor":1.0},{"not_picked":["HollowMod:InfectedAttack","HollowMod:VengefulSpirit","HollowMod:InfectedCysts","HollowMod:HowlingWraiths"],"picked":"HollowMod:CycloneSlash","floor":4.0},{"not_picked":["HollowMod:InfectedAttack","HollowMod:ChannelNail","HollowMod:SiblingsSouls","HollowMod:QuirrelsAssistance"],"picked":"HollowMod:SoulEater","floor":6.0},{"not_picked":["HollowMod:DoubleDash","HollowMod:CrystalDash","HollowMod:FastStrike","HollowMod:VengefulVoid"],"picked":"HollowMod:MantisMark","floor":8.0},{"not_picked":["HollowMod:WraithStrike","HollowMod:FastStrike","HollowMod:TaintedHusks","HollowMod:VengefulVoid"],"picked":"HollowMod:InfectedCysts","floor":11.0},{"not_picked":["HollowMod:ShadowDash","HollowMod:VengefulVoid","HollowMod:CloakDash","HollowMod:WraithStrike"],"picked":"HollowMod:PaleKingsBlessing","floor":12.0},{"not_picked":["HollowMod:SharpenedShadows","HollowMod:VengefulVoid","HollowMod:NewJinnsSoul","HollowMod:BlackTendrils"],"picked":"HollowMod:NewGlowingWomb","floor":13.0},{"not_picked":["HollowMod:ZotesMagnificence","HollowMod:PaleKingsBlessing","HollowMod:Weaversong","HollowMod:VoidDash"],"picked":"HollowMod:SlysStrikes","floor":16.0},{"not_picked":["HollowMod:DoubleDash","HollowMod:TaintedHusks+1","HollowMod:ShadowDash+1","HollowMod:SoulSplash"],"picked":"HollowMod:InfectedAttack+1","floor":18.0},{"not_picked":["HollowMod:DescendingDark+1","HollowMod:SiblingsShadow","HollowMod:NewJinnsSoul+1","HollowMod:DungDefenderAura"],"picked":"HollowMod:BrokenVessel","floor":19.0},{"not_picked":["HollowMod:ShadowDash","HollowMod:SoulEater+1","HollowMod:Grubsong","HollowMod:FastStrike","HollowMod:NewJinnsSoul"],"picked":"SKIP","floor":22.0},{"not_picked":["HollowMod:RecoilStrike","HollowMod:SiblingsSouls","HollowMod:InfectedAttack+1","HollowMod:WhiteLadysBlessing"],"picked":"HollowMod:HuntersJournal","floor":23.0},{"not_picked":["HollowMod:NewGlowingWomb","HollowMod:FallenFury","HollowMod:SharpenedShadows","HollowMod:TaintedHusks","HollowMod:DescendingDark"],"picked":"SKIP","floor":24.0},{"not_picked":["HollowMod:ZotesMagnificence","HollowMod:GrimmsGift","HollowMod:SoulEater+1","HollowMod:PerfectDash"],"picked":"HollowMod:MantisMark","floor":25.0},{"not_picked":["HollowMod:NewJinnsSoul","HollowMod:Grubsong","HollowMod:DescendingDark+1","HollowMod:CloakDash","HollowMod:CornifersMapStart"],"picked":"SKIP","floor":28.0},{"not_picked":["HollowMod:LifebloodCocoon","HollowMod:DescendingDark+1","HollowMod:WraithStrike","HollowMod:PerfectDash"],"picked":"HollowMod:RadiancesLament","floor":30.0},{"not_picked":["HollowMod:CornifersMapStart+1","HollowMod:DescendingDark","HollowMod:ChannelNail","HollowMod:DungDefenderAura"],"picked":"HollowMod:CloakDash+1","floor":31.0},{"not_picked":["HollowMod:HornetsHelp","HollowMod:HerrahsAnger","HollowMod:theNailsmith","HollowMod:Weaversong"],"picked":"HollowMod:NewInfectedGuardian","floor":33.0},{"not_picked":["HollowMod:ShapeofUnn+1","HollowMod:NewGlowingWomb+1","HollowMod:DoubleDash","HollowMod:SiblingsSouls"],"picked":"HollowMod:PerfectDash+1","floor":35.0},{"not_picked":["HollowMod:NewLittleFool+1","HollowMod:SoulVessel","HollowMod:SoulStrike+1","HollowMod:MothsMistake+1"],"picked":"HollowMod:InfectionAssault+1","floor":37},{"not_picked":["HollowMod:SoulVessel+1","HollowMod:RecoilStrike+1","HollowMod:NewJinnsSoul","HollowMod:QuirrelsAssistance","HollowMod:DescendingDark+1"],"picked":"SKIP","floor":38},{"not_picked":["HollowMod:PerfectDash","HollowMod:AbyssShriek+1","HollowMod:GoodIntentions","HollowMod:TaintedHusks+1"],"picked":"HollowMod:MothsMistake+1","floor":40},{"not_picked":["HollowMod:ChannelNail+1","HollowMod:RecoilStrike+1","HollowMod:CrystalDash+1","HollowMod:DoubleDash","HollowMod:InfectedCysts"],"picked":"SKIP","floor":42},{"not_picked":["HollowMod:CornifersMapStart","HollowMod:Grubsong","HollowMod:CrystalDash","HollowMod:SharpenedNail","HollowMod:RecoilStrike+1"],"picked":"SKIP","floor":46},{"not_picked":["HollowMod:GrimmsGift","HollowMod:MantisMark+1","HollowMod:DoubleDash","HollowMod:LifebloodCocoon"],"picked":"HollowMod:InfectedCysts+1","floor":48},{"not_picked":["HollowMod:SharpenedShadows","HollowMod:QuirrelsAssistance+1","HollowMod:WraithStrike+1","HollowMod:CrystalDash+1"],"picked":"HollowMod:RadiancesLament","floor":54}],"player_experience":377813,"relics_obtained":[{"floor":1.0,"key":"SynthV:TestCard"},{"floor":6.0,"key":"Gensokyo:OccultBall"},{"floor":6.0,"key":"Art of War"},{"floor":8.0,"key":"Blue Candle"},{"floor":10.0,"key":"HollowMod:MillibellesNoteRelic"},{"floor":12.0,"key":"Bird Faced Urn"},{"floor":16.0,"key":"Gensokyo:OccultBall"},{"floor":23.0,"key":"MealTicket"},{"floor":25.0,"key":"HollowMod:PaleOreRelic"},{"floor":26.0,"key":"Pen Nib"},{"floor":30.0,"key":"Du-Vu Doll"},{"floor":33.0,"key":"Gensokyo:OccultBall"},{"floor":40,"key":"CaptainsWheel"},{"floor":43,"key":"ArrowTower"},{"floor":48,"key":"Akabeko"},{"floor":54,"key":"PureWhite:ReiMu"}],"event_choices":[],"is_beta":true,"boss_relics":[{"not_picked":["Calling Bell","RedLine:ReiMu"],"picked":"Philosopher\u0027s Stone"},{"not_picked":["Snecko Eye","SacredBark"],"picked":"Fusion Hammer"}],"items_purged_floors":[14,27,39,45],"is_endless":false,"potions_floor_spawned":[1,4,11,16,23,24,31,35,40,42,46,54],"ascension_level":2}}