{"host":"gobyjzz6xbwq9f9i","time":1613184366,"event":{"mods":["AchievementEnabler","BaseMod","Bestiary","Colored Map","Minty Spire (QoL Compilation)","Relic Stats"],"gold_per_floor":[111,129,129,304,110,110,137,137,160,175,190,218,238,298,298,401,401,413,512,512,27,39,39,54,87,87,112,112,139,139,156,156,256,256,266,283,296,313,313,341,356,387,387,412,412,432,432,445,445,445,445,445,3,37,37,37],"floor_reached":55,"language":"ENG","playtime":3622,"items_purged":["Doubt","Strike_B","Strike_B"],"score":1366,"play_id":"8c2e9835-f400-47cb-ac1d-37a3c67ca702","local_time":"20210212184606","is_ascension_mode":true,"campfire_choices":[{"data":"Sunder","floor":6,"key":"SMITH"},{"data":"Genetic Algorithm","floor":8,"key":"SMITH"},{"data":"Defragment","floor":15,"key":"SMITH"},{"data":"Fission","floor":23,"key":"SMITH"},{"data":"Capacitor","floor":28,"key":"SMITH"},{"data":"Recycle","floor":30,"key":"SMITH"},{"data":"Glacier","floor":32,"key":"SMITH"},{"floor":45,"key":"RECALL"},{"floor":47,"key":"REST"},{"floor":49,"key":"REST"},{"floor":52,"key":"REST"}],"circlet_count":0,"master_deck":["AscendersBane","Strike_B","Strike_B","Defend_B","Defend_B","Defend_B+1","Defend_B+1","Zap","Dualcast","Conserve Battery","Genetic Algorithm+1","Sunder+1","Defragment+1","Undo","Cold Snap","Ball Lightning","Glacier+1","Recycle+1","Machine Learning","Capacitor+1","Bandage Up","Fission+1","Coolheaded+1","Coolheaded+1","Consume+1","Loop+1","Steam Power+1","Buffer+1","Compile Driver","Darkness+1","Glacier+1","Lockon+1","Chaos+1","Heatsinks+1","Capacitor+1","Stack+1"],"relics":["Velvet Choker","Bottled Lightning","DataDisk","Symbiotic Virus","Blue Candle","Runic Pyramid","Membership Card","Frozen Egg 2","TungstenRod","Toxic Egg 2","Vajra","Potion Belt","Happy Flower","Fusion Hammer","Centennial Puzzle","The Courier","Orichalcum","Pear","Art of War","Sundial","HornCleat","War Paint"],"acts_visited":["Exordium","TheCity","TheBeyond","TheEnding"],"potions_floor_usage":[12,25,38,50,50,55,55,55],"damage_taken":[{"damage":0,"enemies":"Jaw Worm","floor":1,"turns":3},{"damage":4,"enemies":"Small Slimes","floor":2,"turns":3},{"damage":22,"enemies":"3 Sentries","floor":7,"turns":9},{"damage":0,"enemies":"2 Louse","floor":10,"turns":3},{"damage":4,"enemies":"Gremlin Gang","floor":11,"turns":4},{"damage":10,"enemies":"Lagavulin","floor":12,"turns":8},{"damage":0,"enemies":"3 Louse","floor":13,"turns":2},{"damage":17,"enemies":"Lagavulin Event","floor":14,"turns":5},{"damage":7,"enemies":"Hexaghost","floor":16,"turns":11},{"damage":11,"enemies":"Spheric Guardian","floor":18,"turns":3},{"damage":0,"enemies":"2 Thieves","floor":22,"turns":4},{"damage":0,"enemies":"Chosen and Byrds","floor":24,"turns":7},{"damage":0,"enemies":"Gremlin Leader","floor":25,"turns":6},{"damage":5,"enemies":"Slavers","floor":27,"turns":10},{"damage":17,"enemies":"Book of Stabbing","floor":29,"turns":8},{"damage":0,"enemies":"Centurion and Healer","floor":31,"turns":6},{"damage":2,"enemies":"Champ","floor":33,"turns":7},{"damage":0,"enemies":"3 Shapes","floor":35,"turns":7},{"damage":0,"enemies":"Orb Walker","floor":36,"turns":4},{"damage":0,"enemies":"Spire Growth","floor":37,"turns":6},{"damage":0,"enemies":"3 Darklings","floor":38,"turns":9},{"damage":0,"enemies":"Giant Head","floor":40,"turns":10},{"damage":3,"enemies":"Jaw Worm Horde","floor":41,"turns":4},{"damage":1,"enemies":"Nemesis","floor":42,"turns":7},{"damage":18,"enemies":"Giant Head","floor":44,"turns":9},{"damage":0,"enemies":"Writhing Mass","floor":46,"turns":6},{"damage":13,"enemies":"Sphere and 2 Shapes","floor":48,"turns":4},{"damage":40,"enemies":"Awakened One","floor":50,"turns":13},{"damage":0,"enemies":"Shield and Spear","floor":54,"turns":8},{"damage":94,"enemies":"The Heart","floor":55,"turns":14}],"seed_played":"-2727436880361624845","potions_obtained":[{"floor":2,"key":"Energy Potion"},{"floor":12,"key":"Fire Potion"},{"floor":14,"key":"SpeedPotion"},{"floor":22,"key":"Fire Potion"},{"floor":29,"key":"AttackPotion"},{"floor":33,"key":"LiquidBronze"},{"floor":35,"key":"LiquidMemories"},{"floor":38,"key":"Fire Potion"},{"floor":42,"key":"SpeedPotion"},{"floor":48,"key":"DistilledChaos"}],"is_trial":false,"path_per_floor":["M","M","?","?","$","R","E","R","T","M","M","E","M","?","R","B",null,"M","?","?","$","M","R","M","E","T","E","R","E","R","M","R","B",null,"M","M","M","M","?","E","M","E","T","E","R","M","R","M","R","B",null,"R","$","E","B"],"character_chosen":"DEFECT","items_purchased":["Sunder","Defragment","Membership Card","Frozen Egg 2","TungstenRod","Capacitor+1","Pear","Art of War","Sundial","HornCleat"],"campfire_rested":3,"item_purchase_floors":[5,5,21,21,21,53,53,53,53,53],"current_hp_per_floor":[68,64,69,69,69,69,47,47,47,47,43,33,33,16,16,9,62,51,51,51,51,55,55,59,63,63,62,62,49,49,53,53,55,74,78,78,80,80,76,76,73,75,75,61,61,65,76,63,76,40,67,76,86,86,0,0],"gold":37,"neow_bonus":"BOSS_RELIC","is_daily":false,"chose_seed":false,"campfire_upgraded":7,"win_rate":0.0,"timestamp":1613184366,"path_taken":["M","M","?","?","$","R","E","R","T","M","M","E","M","?","R","BOSS","M","?","?","$","M","R","M","E","T","E","R","E","R","M","R","BOSS","M","?","M","M","?","E","M","E","T","E","R","M","R","M","R","BOSS","R","$","E","BOSS"],"items_purchased_type":["Card","Card","Relic","Relic","Relic","Card","Relic","Relic","Relic","Relic"],"build_version":"2020-12-22","purchased_purges":3,"victory":false,"max_hp_per_floor":[75,75,80,80,80,80,80,80,80,80,80,80,80,80,80,80,80,80,80,80,80,80,80,80,80,80,80,80,80,80,80,80,80,80,80,80,80,80,76,76,76,76,76,76,76,76,76,76,76,76,76,76,86,86,86,86],"relic_stats":{"Centennial Puzzle":[16],"Happy Flower":[38],"counters":[30,199],"Sundial":[2],"Blue Candle":[0],"Art of War":[7],"Orichalcum":[30],"War Paint":["Defend_B","Defend_B"],"obtain_stats":[{"Potion Belt":27,"Pear":53,"Happy Flower":29,"Blue Candle":14,"Velvet Choker":0,"Vajra":26,"The Courier":42,"Frozen Egg 2":21,"Orichalcum":44,"War Paint":54,"DataDisk":9,"Centennial Puzzle":40,"HornCleat":53,"Sundial":53,"Fusion Hammer":34,"Art of War":53,"Bottled Lightning":7,"Membership Card":21,"Toxic Egg 2":25,"Cracked Core":0,"Symbiotic Virus":12,"TungstenRod":21,"Runic Pyramid":17},{"Potion Belt":14,"Pear":28,"Happy Flower":15,"Blue Candle":8,"Velvet Choker":0,"Vajra":13,"The Courier":24,"Frozen Egg 2":10,"Orichalcum":25,"War Paint":29,"DataDisk":3,"Centennial Puzzle":22,"HornCleat":28,"Sundial":28,"Fusion Hammer":17,"Art of War":28,"Bottled Lightning":3,"Membership Card":10,"Toxic Egg 2":13,"Cracked Core":0,"Symbiotic Virus":6,"TungstenRod":10,"Runic Pyramid":9},{"Potion Belt":78,"Pear":177,"Happy Flower":86,"Blue Candle":37,"Velvet Choker":0,"Vajra":68,"The Courier":145,"Frozen Egg 2":51,"Orichalcum":154,"War Paint":185,"DataDisk":15,"Centennial Puzzle":134,"HornCleat":177,"Sundial":177,"Fusion Hammer":99,"Art of War":177,"Bottled Lightning":15,"Membership Card":51,"Toxic Egg 2":68,"Cracked Core":0,"Symbiotic Virus":30,"TungstenRod":51,"Runic Pyramid":48}],"TungstenRod":39},"card_choices":[{"not_picked":["Coolheaded","Beam Cell"],"picked":"Conserve Battery","floor":1},{"not_picked":["Storm","Skim"],"picked":"Genetic Algorithm","floor":2},{"not_picked":["Beam Cell","Genetic Algorithm"],"picked":"Undo","floor":7},{"not_picked":["Steam","Turbo","Stack"],"picked":"SKIP","floor":10},{"not_picked":["Conserve Battery","Consume"],"picked":"Cold Snap","floor":11},{"not_picked":["Multi-Cast","Leap"],"picked":"Ball Lightning","floor":12},{"not_picked":["Go for the Eyes","Cold Snap"],"picked":"Glacier","floor":13},{"not_picked":["Sweeping Beam","Redo"],"picked":"Recycle","floor":14},{"not_picked":["Buffer","Core Surge"],"picked":"Machine Learning","floor":16},{"not_picked":["Stack","Leap"],"picked":"Capacitor","floor":18},{"not_picked":["Gash+1","Cold Snap"],"picked":"Coolheaded+1","floor":22},{"not_picked":["Go for the Eyes","Darkness","Turbo"],"picked":"SKIP","floor":24},{"not_picked":["Compile Driver+1","Sweeping Beam+1"],"picked":"Coolheaded+1","floor":25},{"not_picked":["Steam+1","Double Energy+1"],"picked":"Consume+1","floor":27},{"not_picked":["Lockon","Scrape+1"],"picked":"Loop+1","floor":29},{"not_picked":["Force Field+1","Leap+1"],"picked":"Steam Power+1","floor":31},{"not_picked":["Rainbow+1","Biased Cognition+1"],"picked":"Buffer+1","floor":33},{"not_picked":["Streamline","Steam+1"],"picked":"Compile Driver","floor":35},{"not_picked":["Beam Cell+1","Static Discharge+1"],"picked":"Darkness+1","floor":36},{"not_picked":["BootSequence+1","Barrage"],"picked":"Glacier+1","floor":37},{"not_picked":["Turbo+1","Ball Lightning+1","Rebound"],"picked":"SKIP","floor":38},{"not_picked":["Recycle+1","Compile Driver+1","White Noise+1"],"picked":"SKIP","floor":40},{"not_picked":["Barrage","Streamline"],"picked":"Lockon+1","floor":41},{"not_picked":["Hello World+1","All For One"],"picked":"Chaos+1","floor":42},{"not_picked":["Sweeping Beam+1","Double Energy+1","Hello World+1"],"picked":"SKIP","floor":44},{"not_picked":["Streamline+1","FTL","Force Field+1"],"picked":"SKIP","floor":46},{"not_picked":["Barrage+1","Turbo+1"],"picked":"Heatsinks+1","floor":48},{"not_picked":["Coolheaded+1","Self Repair+1"],"picked":"Stack+1","floor":54}],"player_experience":1344165,"relics_obtained":[{"floor":7,"key":"Bottled Lightning"},{"floor":9,"key":"DataDisk"},{"floor":12,"key":"Symbiotic Virus"},{"floor":14,"key":"Blue Candle"},{"floor":25,"key":"Toxic Egg 2"},{"floor":26,"key":"Vajra"},{"floor":27,"key":"Potion Belt"},{"floor":29,"key":"Happy Flower"},{"floor":40,"key":"Centennial Puzzle"},{"floor":42,"key":"The Courier"},{"floor":44,"key":"Orichalcum"},{"floor":54,"key":"War Paint"}],"event_choices":[{"damage_healed":0,"gold_gain":0,"player_choice":"Donut","damage_taken":0,"max_hp_gain":5,"max_hp_loss":0,"event_name":"Big Fish","floor":3,"gold_loss":0},{"damage_healed":0,"gold_gain":175,"player_choice":"AGREE","damage_taken":0,"max_hp_gain":0,"max_hp_loss":0,"event_name":"Liars Game","floor":4,"gold_loss":0,"cards_obtained":["Doubt"]},{"damage_healed":0,"gold_gain":0,"player_choice":"Searched \u00271\u0027 times","damage_taken":0,"max_hp_gain":0,"max_hp_loss":0,"event_name":"Dead Adventurer","floor":14,"gold_loss":0},{"damage_healed":0,"gold_gain":99,"player_choice":"Stole From Cult","damage_taken":0,"max_hp_gain":0,"max_hp_loss":0,"event_name":"Nest","floor":19,"gold_loss":0},{"damage_healed":0,"gold_gain":0,"player_choice":"2 cards matched","damage_taken":0,"max_hp_gain":0,"max_hp_loss":0,"event_name":"Match and Keep!","floor":20,"gold_loss":0,"cards_obtained":["Bandage Up","Fission"]},{"damage_healed":0,"gold_gain":0,"player_choice":"Max HP","damage_taken":0,"max_hp_gain":0,"max_hp_loss":4,"event_name":"Winding Halls","floor":39,"gold_loss":0}],"is_beta":false,"boss_relics":[{"not_picked":["Ectoplasm","Calling Bell"],"picked":"Runic Pyramid"},{"not_picked":["Coffee Dripper","Sozu"],"picked":"Fusion Hammer"}],"items_purged_floors":[5,21,53],"is_endless":false,"potions_floor_spawned":[2,12,14,22,29,33,35,38,42,48],"killed_by":"The Heart","ascension_level":10}}