{"host":"5y2vm16xfq9gfmb2","time":1613259316,"event":{"mods":["AchievementEnabler","BaseMod","Better Third Choice","Colored Map","Colored Powertips","DeckTracker","Marisa????????","Minty Spire (QoL Compilation)","Rare Cards Sparkle","Relic Stats","StSLib","The Alterego","The Animator","The Marked","The Servant 0.9.4"],"gold_per_floor":[11,86,86,105,105,105,136,136,191,191,212,60,101,115,115,236,236,249,249,249,94,94,94,134,134,134,41,80,98,119,34,34,153,153,169,169,184,253,23,23,41,66,66,66,66,399,359,369,369,369],"floor_reached":51,"language":"ENG","playtime":2430,"items_purged":[],"score":839,"play_id":"d371d2a1-3601-4307-a2b4-603f813da3cd","local_time":"20210213183516","is_ascension_mode":false,"campfire_choices":[{"data":"Noxious Fumes","floor":6,"key":"SMITH"},{"floor":8,"key":"RECALL"},{"floor":10,"key":"REST"},{"data":"After Image","floor":15,"key":"SMITH"},{"data":"Corpse Explosion","floor":23,"key":"SMITH"},{"data":"Noxious Fumes","floor":25,"key":"SMITH"},{"floor":32,"key":"REST"},{"data":"Catalyst","floor":40,"key":"SMITH"},{"data":"MasterReality","floor":45,"key":"SMITH"},{"data":"Ghostly","floor":49,"key":"SMITH"}],"circlet_count":0,"master_deck":["Strike_G","Strike_G","Defend_G","Defend_G","Defend_G","Defend_G","Defend_G","Survivor","Noxious Fumes+1","Backstab","Poisoned Stab","Leg Sweep","After Image+1","Corpse Explosion+1","Glass Knife+1","Outmaneuver+1","Noxious Fumes+1","Ghostly+1","Ghostly+1","Ghostly","Ghostly","Ghostly","Burst","Bandage Up","Catalyst+1","Footwork","Distraction","Venomology","Bane+1","Catalyst+1","Backstab","Backstab","MasterReality+1","SprinkleStarSeal+1"],"relics":["Ring of the Snake","CaptainsWheel","Calipers","Medical Kit","Juzu Bracelet","Astrolabe","Matryoshka","Lee\u0027s Waffle","PreservedInsect","Bag of Marbles","Paper Crane","Boot","Vajra","Empty Cage","CatCart","PrismaticShard","Nunchaku","Eternal Feather"],"acts_visited":["Exordium","TheCity","TheBeyond"],"potions_floor_usage":[16,16,28,33,33,33,38,42,50,50,50,50],"damage_taken":[{"damage":0,"enemies":"Cultist","floor":1,"turns":4},{"damage":0,"enemies":"2 Louse","floor":4,"turns":3},{"damage":11,"enemies":"Gremlin Nob","floor":7,"turns":5},{"damage":0,"enemies":"Small Slimes","floor":11,"turns":3},{"damage":7,"enemies":"Lagavulin","floor":13,"turns":6},{"damage":3,"enemies":"Red Slaver","floor":14,"turns":5},{"damage":0,"enemies":"The Guardian","floor":16,"turns":10},{"damage":5,"enemies":"3 Byrds","floor":18,"turns":2},{"damage":30,"enemies":"Gremlin Leader","floor":24,"turns":8},{"damage":0,"enemies":"Slavers","floor":28,"turns":4},{"damage":0,"enemies":"Chosen","floor":29,"turns":5},{"damage":8,"enemies":"Snecko","floor":30,"turns":6},{"damage":14,"enemies":"Champ","floor":33,"turns":11},{"damage":14,"enemies":"3 Shapes","floor":35,"turns":4},{"damage":7,"enemies":"Orb Walker","floor":37,"turns":5},{"damage":0,"enemies":"Orin","floor":38,"turns":6},{"damage":16,"enemies":"Spire Growth","floor":41,"turns":5},{"damage":1,"enemies":"Jaw Worm Horde","floor":42,"turns":6},{"damage":0,"enemies":"4 Shapes","floor":48,"turns":4},{"damage":66,"enemies":"Awakened One","floor":50,"turns":12}],"seed_played":"6529753020135009362","potions_obtained":[{"floor":1,"key":"Poison Potion"},{"floor":7,"key":"LiquidBronze"},{"floor":16,"key":"Energy Potion"},{"floor":18,"key":"CunningPotion"},{"floor":28,"key":"Explosive Potion"},{"floor":29,"key":"SteroidPotion"},{"floor":35,"key":"CultistPotion"},{"floor":41,"key":"DuplicationPotion"},{"floor":48,"key":"SpeedPotion"}],"is_trial":false,"path_per_floor":["M","?","?","M","?","R","E","R","T","R","M","$","E","M","R","B",null,"M","?","?","$","?","R","E","R","T","$","E","M","M","?","R","B",null,"M","?","M","?","$","R","M","M","T","?","R","?","?","M","R","B",null],"character_chosen":"THE_SILENT","items_purchased":["Medical Kit","Lee\u0027s Waffle","Bandage Up","PrismaticShard","Backstab"],"campfire_rested":2,"item_purchase_floors":[12,21,27,39,39],"current_hp_per_floor":[70,59,59,59,59,59,48,48,48,69,69,69,62,59,59,59,70,65,35,35,42,42,42,12,12,12,12,16,20,12,12,24,14,42,32,32,29,33,33,33,21,24,24,24,42,42,42,42,42,27],"gold":369,"neow_bonus":"ONE_RARE_RELIC","is_daily":false,"chose_seed":false,"campfire_upgraded":7,"win_rate":0.0,"timestamp":1613259316,"path_taken":["M","?","?","M","?","R","E","R","T","R","?","$","E","M","R","BOSS","M","?","?","$","?","R","E","R","T","$","E","M","M","?","R","BOSS","M","?","M","?","$","R","M","M","T","?","R","?","?","M","R","BOSS"],"items_purchased_type":["Relic","Relic","Card","Relic","Card"],"build_version":"2020-12-22","purchased_purges":0,"victory":true,"max_hp_per_floor":[70,70,70,70,70,70,70,70,70,70,70,70,70,70,70,70,70,70,35,35,42,42,42,42,42,42,42,42,42,42,42,42,42,42,42,42,42,42,42,42,42,42,42,42,42,42,42,42,42,42],"relic_stats":{"Lee\u0027s Waffle":7,"Nunchaku":[1],"counters":[20,114],"Astrolabe":["Pain","Glass Knife","Outmaneuver"],"Eternal Feather":18,"PreservedInsect":57,"Juzu Bracelet":2,"Medical Kit":[1],"Boot":[9],"obtain_stats":[{"Lee\u0027s Waffle":21,"Calipers":7,"Golden Idol":3,"Astrolabe":17,"Vajra":31,"Eternal Feather":43,"PreservedInsect":24,"Juzu Bracelet":13,"Paper Crane":26,"Medical Kit":12,"Boot":28,"Empty Cage":34,"PrismaticShard":39,"CaptainsWheel":0,"Nunchaku":43,"Matryoshka":20,"Bag of Marbles":26,"CatCart":38,"Ring of the Snake":0},{"Lee\u0027s Waffle":8,"Calipers":3,"Golden Idol":1,"Astrolabe":7,"Vajra":12,"Eternal Feather":18,"PreservedInsect":9,"Juzu Bracelet":5,"Paper Crane":9,"Medical Kit":4,"Boot":10,"Empty Cage":13,"PrismaticShard":16,"CaptainsWheel":0,"Nunchaku":18,"Matryoshka":8,"Bag of Marbles":9,"CatCart":16,"Ring of the Snake":0},{"Lee\u0027s Waffle":38,"Calipers":12,"Golden Idol":4,"Astrolabe":36,"Vajra":61,"Eternal Feather":98,"PreservedInsect":46,"Juzu Bracelet":21,"Paper Crane":46,"Medical Kit":15,"Boot":50,"Empty Cage":72,"PrismaticShard":87,"CaptainsWheel":0,"Nunchaku":98,"Matryoshka":38,"Bag of Marbles":46,"CatCart":87,"Ring of the Snake":0}],"Ring of the Snake":[40]},"card_choices":[{"not_picked":["Bouncing Flask","Sucker Punch"],"picked":"Noxious Fumes","floor":1},{"not_picked":["Poisoned Stab","Slice"],"picked":"Backstab","floor":4},{"not_picked":["Expertise","Tactician"],"picked":"Poisoned Stab","floor":7},{"not_picked":["Sucker Punch","Caltrops"],"picked":"Prepared","floor":11},{"not_picked":["Sucker Punch","Flying Knee"],"picked":"Leg Sweep","floor":13},{"not_picked":["Escape Plan","Slice"],"picked":"After Image","floor":14},{"not_picked":["Unload","Malaise"],"picked":"Corpse Explosion","floor":16},{"not_picked":["Blur","Sucker Punch+1"],"picked":"Noxious Fumes","floor":18},{"not_picked":["Underhanded Strike+1","Backflip"],"picked":"Burst","floor":24},{"not_picked":["Deflect","Endless Agony"],"picked":"Catalyst","floor":28},{"not_picked":["Quick Slash+1","Sucker Punch"],"picked":"Footwork","floor":29},{"not_picked":["Acrobatics+1","Predator"],"picked":"Distraction","floor":30},{"not_picked":["A Thousand Cuts","Bullet Time"],"picked":"Venomology","floor":33},{"not_picked":["Flying Knee","Reflex+1"],"picked":"Bane+1","floor":35},{"not_picked":["Expertise","Endless Agony"],"picked":"Catalyst+1","floor":37},{"not_picked":["Prepared+1","Dagger Throw+1"],"picked":"Backstab","floor":38},{"not_picked":["Unruled+1","Flying Knee+1","Ricochet"],"picked":"SKIP","floor":41},{"not_picked":["DualDimension","Ball Lightning+1"],"picked":"MasterReality","floor":42},{"not_picked":["Body Slam+1","theMarked:BanishingWave"],"picked":"SprinkleStarSeal+1","floor":48}],"player_experience":89253,"relics_obtained":[{"floor":7,"key":"Calipers"},{"floor":13,"key":"Juzu Bracelet"},{"floor":24,"key":"PreservedInsect"},{"floor":26,"key":"Bag of Marbles"},{"floor":26,"key":"Paper Crane"},{"floor":28,"key":"Boot"},{"floor":38,"key":"CatCart"},{"floor":43,"key":"Nunchaku"},{"floor":43,"key":"Eternal Feather"}],"event_choices":[{"damage_healed":0,"gold_gain":75,"player_choice":"Gold","damage_taken":11,"max_hp_gain":0,"max_hp_loss":0,"event_name":"betterThird:BetterGoop","floor":2,"gold_loss":0},{"damage_healed":0,"gold_gain":0,"player_choice":"Take Wound","damage_taken":0,"relics_obtained":["Golden Idol"],"max_hp_gain":0,"max_hp_loss":0,"event_name":"Golden Idol","floor":3,"gold_loss":0,"cards_obtained":["Injury"]},{"damage_healed":0,"gold_gain":0,"player_choice":"Ignored","damage_taken":0,"max_hp_gain":0,"max_hp_loss":0,"event_name":"NoteForYourself","floor":5,"gold_loss":0},{"damage_healed":0,"gold_gain":0,"player_choice":"Became a Ghost","damage_taken":0,"max_hp_gain":0,"max_hp_loss":35,"event_name":"Ghosts","floor":19,"gold_loss":0,"cards_obtained":["Ghostly","Ghostly","Ghostly","Ghostly","Ghostly"]},{"damage_healed":0,"gold_gain":0,"player_choice":"Opened","damage_taken":0,"relics_obtained":["Matryoshka"],"max_hp_gain":0,"max_hp_loss":0,"event_name":"The Mausoleum","floor":20,"gold_loss":0},{"cards_removed":["Pain"],"damage_healed":0,"gold_gain":0,"player_choice":"Elegance","damage_taken":0,"max_hp_gain":0,"max_hp_loss":0,"event_name":"betterThird:BetterWriting","floor":22,"gold_loss":0},{"damage_healed":0,"gold_gain":0,"player_choice":"Obtained Relic","damage_taken":0,"relics_obtained":["Vajra"],"max_hp_gain":0,"max_hp_loss":0,"event_name":"Addict","floor":31,"gold_loss":85},{"cards_removed":["Neutralize"],"damage_healed":0,"gold_gain":0,"player_choice":"Removed Attack","damage_taken":0,"max_hp_gain":0,"max_hp_loss":0,"event_name":"Falling","floor":36,"gold_loss":0},{"damage_healed":0,"gold_gain":0,"player_choice":"Fight","damage_taken":0,"max_hp_gain":0,"max_hp_loss":0,"event_name":"OrinTheCat","floor":38,"gold_loss":0},{"damage_healed":0,"gold_gain":0,"player_choice":"0 cards matched","damage_taken":0,"max_hp_gain":0,"max_hp_loss":0,"event_name":"Match and Keep!","floor":44,"gold_loss":0,"cards_obtained":[]},{"damage_healed":0,"gold_gain":333,"player_choice":"Gave Idol","damage_taken":0,"max_hp_gain":0,"max_hp_loss":0,"event_name":"The Moai Head","floor":46,"relics_lost":["Golden Idol"],"gold_loss":0},{"damage_healed":0,"gold_gain":0,"player_choice":"Upgrade","damage_taken":0,"max_hp_gain":0,"max_hp_loss":0,"event_name":"Designer","floor":47,"gold_loss":40,"cards_upgraded":["Ghostly"]}],"is_beta":false,"boss_relics":[{"not_picked":["SlaversCollar","Philosopher\u0027s Stone"],"picked":"Astrolabe"},{"not_picked":["Velvet Choker","Fusion Hammer"],"picked":"Empty Cage"}],"items_purged_floors":[],"is_endless":false,"potions_floor_spawned":[1,7,16,18,28,29,35,41,48],"ascension_level":0}}