{"host":"1i3835udr35woqc6","time":1613232371,"event":{"mods":["Act Like it!","Arknights","Aspiration","BaseMod","BetterRewards","Conspire","Downfall","Friendly Minions","GungeonMod","Hallownest","Hermit","Minty Spire (QoL Compilation)","Pale of the Ancients","StSLib","The Cursed"],"gold_per_floor":[117,131,131,146,146,179,197,212,238,249,98,98,98,113,113,209,209,219,231,156,199,199,199],"floor_reached":22,"language":"ZHS","playtime":918,"items_purged":["TheCursedMod:Defend_TheCursed"],"score":188,"play_id":"62036883-2565-4495-b9ec-12dd9acffaaa","local_time":"20210214000611","is_ascension_mode":false,"campfire_choices":[{"floor":12,"key":"REST"},{"data":"TheCursedMod:CircleOfBlood","floor":15,"key":"SMITH"}],"circlet_count":0,"master_deck":["TheCursedMod:Strike_TheCursed+1","TheCursedMod:Strike_TheCursed","TheCursedMod:Strike_TheCursed","TheCursedMod:Defend_TheCursed","TheCursedMod:Defend_TheCursed+1","TheCursedMod:Defend_TheCursed","TheCursedMod:CursedWand","TheCursedMod:CleanUpWorkshop","TheCursedMod:Dregs","TheCursedMod:AbyssShockwave","TheCursedMod:CircleOfAmplification","TheCursedMod:Obscuration","TheCursedMod:CircleOfAbyss","TheCursedMod:CursedBlade","TheCursedMod:CircleOfFlame","TheCursedMod:CircleOfBlood+1","TheCursedMod:CleanUpWorkshop","TheCursedMod:CircleOfAbyss","TheCursedMod:NeowsMight","TheCursedMod:Wield","TheCursedMod:Evocation","TheCursedMod:LuckyCharm"],"relics":["TheCursedMod:BlackMagic101","NeowsBlessing","aspiration:Lifesprig","Dream Catcher","DemoMod:LamentConfigurum","Unceasing Top","TheCursedMod:OminousMark","DemoMod:AgedBell"],"acts_visited":["Exordium","TheCity"],"potions_floor_usage":[6,16,18,18],"damage_taken":[{"damage":0,"enemies":"2 Louse","floor":1,"turns":1},{"damage":0,"enemies":"Small Slimes","floor":2,"turns":1},{"damage":0,"enemies":"Cultist","floor":4,"turns":1},{"damage":20,"enemies":"Gremlin Nob","floor":6,"turns":5},{"damage":2,"enemies":"Exordium Thugs","floor":7,"turns":3},{"damage":2,"enemies":"Blue Slaver","floor":8,"turns":3},{"damage":6,"enemies":"Lots of Slimes","floor":10,"turns":2},{"damage":8,"enemies":"2 Fungi Beasts","floor":14,"turns":6},{"damage":35,"enemies":"The Guardian","floor":16,"turns":14},{"damage":23,"enemies":"Shell Parasite","floor":18,"turns":12},{"damage":0,"enemies":"3 Byrds","floor":19,"turns":4},{"damage":47,"enemies":"conspire:MimicChest","floor":21,"turns":9}],"seed_played":"-1412400445017525079","potions_obtained":[{"floor":1,"key":"GamblersBrew"},{"floor":4,"key":"Weak Potion"},{"floor":6,"key":"DemoMod:LeadSkinPotion"},{"floor":10,"key":"PowerPotion"},{"floor":18,"key":"Strength Potion"},{"floor":21,"key":"SpeedPotion"}],"is_trial":false,"path_per_floor":["M","M","?","M","?","E","M","M","T","M","$","R","?","M","R","B",null,"M","M","$","?","$"],"character_chosen":"THE_CURSED","items_purchased":["DemoMod:LamentConfigurum"],"campfire_rested":1,"item_purchase_floors":[11],"current_hp_per_floor":[75,75,60,60,60,40,38,36,36,30,30,52,52,46,46,11,75,54,62,62,27,27,27],"gold":199,"neow_bonus":"THREE_ENEMY_KILL","is_daily":false,"chose_seed":false,"campfire_upgraded":1,"win_rate":0.0,"timestamp":1613232371,"path_taken":["M","M","?","M","?","E","?","M","T","M","?","R","?","M","R","BOSS","M","M","?","?","$"],"items_purchased_type":["Relic"],"build_version":"2020-12-22","purchased_purges":1,"victory":false,"max_hp_per_floor":[75,75,75,75,75,75,75,75,75,75,75,75,75,75,75,75,75,75,75,75,75,75,75],"card_choices":[{"not_picked":["TheCursedMod:SmokeScreen","TheCursedMod:StingEye"],"picked":"TheCursedMod:AbyssShockwave","floor":1},{"not_picked":["TheCursedMod:Stigma","TheCursedMod:Wield"],"picked":"TheCursedMod:CircleOfAmplification","floor":2},{"not_picked":["TheCursedMod:CursedMace","TheCursedMod:CursedAmulet"],"picked":"TheCursedMod:Obscuration","floor":4},{"not_picked":["TheCursedMod:RavingStaff","TheCursedMod:CircleOfAmplification"],"picked":"TheCursedMod:CircleOfAbyss","floor":6},{"not_picked":["TheCursedMod:UltimatePain","TheCursedMod:ReleasedStrength"],"picked":"TheCursedMod:CursedBlade","floor":7},{"not_picked":["TheCursedMod:Obscuration","TheCursedMod:Torture","TheCursedMod:CursedStaff"],"picked":"SKIP","floor":8},{"not_picked":["TheCursedMod:Stigma","TheCursedMod:CursedMace"],"picked":"TheCursedMod:CircleOfFlame","floor":10},{"not_picked":["TheCursedMod:Wield","TheCursedMod:CursedBlade"],"picked":"TheCursedMod:CircleOfBlood","floor":12},{"not_picked":["TheCursedMod:Torture","TheCursedMod:ShockAndAwe","TheCursedMod:CursedArmor"],"picked":"SKIP","floor":14},{"not_picked":["TheCursedMod:Neurasthenia","TheCursedMod:UltimatePain"],"picked":"TheCursedMod:NeowsMight","floor":16},{"not_picked":["TheCursedMod:RavingStaff","TheCursedMod:SmokeScreen"],"picked":"TheCursedMod:Wield","floor":18},{"not_picked":["TheCursedMod:Stigma","TheCursedMod:ParallelWorld"],"picked":"TheCursedMod:Evocation","floor":19},{"not_picked":["TheCursedMod:SpitefulStrike+1","TheCursedMod:WearCloak"],"picked":"TheCursedMod:LuckyCharm","floor":21}],"player_experience":405713,"relics_obtained":[{"floor":6,"key":"aspiration:Lifesprig"},{"floor":9,"key":"Dream Catcher"},{"floor":21,"key":"DemoMod:AgedBell"}],"event_choices":[{"damage_healed":0,"gold_gain":0,"player_choice":"Entered Light","damage_taken":15,"max_hp_gain":0,"max_hp_loss":0,"event_name":"Shining Light","floor":3,"gold_loss":0,"cards_upgraded":["TheCursedMod:Defend_TheCursed","TheCursedMod:Strike_TheCursed"]},{"cards_removed":["TheCursedMod:Strike_TheCursed"],"damage_healed":0,"gold_gain":0,"player_choice":"Purged","damage_taken":0,"max_hp_gain":0,"max_hp_loss":0,"event_name":"Purifier","floor":5,"gold_loss":0},{"damage_healed":0,"gold_gain":0,"player_choice":"2 cards matched","damage_taken":0,"max_hp_gain":0,"max_hp_loss":0,"event_name":"Match and Keep!","floor":13,"gold_loss":0,"cards_obtained":["TheCursedMod:CleanUpWorkshop","TheCursedMod:CircleOfAbyss"]}],"is_beta":false,"boss_relics":[{"not_picked":["SlaversCollar","Snecko Eye"],"picked":"TheCursedMod:OminousMark"}],"items_purged_floors":[20],"is_endless":false,"potions_floor_spawned":[1,4,6,10,14,18,21],"ascension_level":0}}