{"host":"edndssuekvzbh3is","time":1613248209,"event":{"mods":["BaseMod","Colored Map","Colored Powertips","Minty Spire (QoL Compilation)","SuperFastMode"],"gold_per_floor":[118,133,143,143,154,188,199,209,209,6,22,22,38,57,57,57,57],"floor_reached":16,"language":"ENG","playtime":451,"items_purged":[],"score":124,"play_id":"58cbaf5d-83b6-4a25-b087-eafb1811f52a","local_time":"20210213153009","is_ascension_mode":true,"campfire_choices":[{"floor":12,"key":"REST"},{"floor":15,"key":"REST"}],"circlet_count":0,"master_deck":["Strike_P","Strike_P","Strike_P+1","Strike_P","Defend_P+1","Defend_P+1","Defend_P","Defend_P","Eruption","Vigilance","WaveOfTheHand","ClearTheMind","Halt","FearNoEvil","JustLucky","TalkToTheHand","LessonLearned","MentalFortress","Omniscience","BowlingBash"],"relics":["PureWater","Bag of Marbles","Boot","HornCleat"],"acts_visited":["Exordium"],"potions_floor_usage":[16,16],"damage_taken":[{"damage":0,"enemies":"Cultist","floor":1,"turns":2},{"damage":4,"enemies":"2 Louse","floor":2,"turns":3},{"damage":5,"enemies":"Small Slimes","floor":3,"turns":5},{"damage":12,"enemies":"3 Louse","floor":5,"turns":5},{"damage":24,"enemies":"Gremlin Nob","floor":6,"turns":4},{"damage":6,"enemies":"Blue Slaver","floor":7,"turns":3},{"damage":5,"enemies":"Red Slaver","floor":8,"turns":3},{"damage":0,"enemies":"Looter","floor":11,"turns":3},{"damage":27,"enemies":"Exordium Thugs","floor":13,"turns":7},{"damage":0,"enemies":"2 Fungi Beasts","floor":14,"turns":4},{"damage":40,"enemies":"The Guardian","floor":16,"turns":13}],"seed_played":"-6808710043474825281","potions_obtained":[{"floor":1,"key":"EssenceOfSteel"},{"floor":3,"key":"Ancient Potion"},{"floor":7,"key":"ColorlessPotion"}],"is_trial":false,"path_per_floor":["M","M","M","?","M","E","M","M","T","$","M","R","M","M","R","B"],"character_chosen":"WATCHER","items_purchased":["LessonLearned","Explosive Potion"],"campfire_rested":2,"item_purchase_floors":[10,10],"current_hp_per_floor":[72,68,63,68,56,32,26,21,21,21,21,44,17,17,40,0,0],"gold":57,"neow_bonus":"RANDOM_COMMON_RELIC","is_daily":false,"chose_seed":false,"campfire_upgraded":0,"win_rate":0.0,"timestamp":1613248209,"path_taken":["M","M","M","?","M","E","M","M","T","$","M","R","M","M","R","BOSS"],"items_purchased_type":["Card","Potion"],"build_version":"2020-12-22","purchased_purges":0,"victory":false,"max_hp_per_floor":[72,72,72,77,77,77,77,77,77,77,77,77,77,77,77,77,77],"card_choices":[{"not_picked":["Adaptation","PathToVictory"],"picked":"WaveOfTheHand","floor":1},{"not_picked":["CutThroughFate","Weave"],"picked":"ClearTheMind","floor":2},{"not_picked":["SashWhip","Adaptation"],"picked":"Halt","floor":3},{"not_picked":["Crescendo","Weave"],"picked":"FearNoEvil","floor":5},{"not_picked":["SignatureMove","ThirdEye"],"picked":"JustLucky","floor":6},{"not_picked":["ForeignInfluence","Evaluate","SashWhip"],"picked":"SKIP","floor":7},{"not_picked":["EmptyFist","BattleHymn"],"picked":"TalkToTheHand","floor":8},{"not_picked":["Nirvana","Pray"],"picked":"MentalFortress","floor":11},{"not_picked":["MentalFortress","Prostrate"],"picked":"Omniscience","floor":13},{"not_picked":["PathToVictory","FlurryOfBlows"],"picked":"BowlingBash","floor":14}],"player_experience":365983,"relics_obtained":[{"floor":6,"key":"Boot"},{"floor":9,"key":"HornCleat"}],"event_choices":[{"damage_healed":0,"gold_gain":0,"player_choice":"Donut","damage_taken":0,"max_hp_gain":5,"max_hp_loss":0,"event_name":"Big Fish","floor":4,"gold_loss":0}],"is_beta":false,"boss_relics":[],"items_purged_floors":[],"is_endless":false,"potions_floor_spawned":[1,3,7,11,13],"killed_by":"The Guardian","ascension_level":3}}