{"host":"zx10cf1fsoa3eqiy","time":1613191531,"event":{"mods":["BaseMod","Colored Powertips","Downfall","Highlight Path","Minty Spire (QoL Compilation)","Quick Restart","Replay The Spire","Shop Mod","StSLib","Td1madao Mod","The Servant 0.9.4","Yuri Mod"],"gold_per_floor":[99,110,560,575,589,589,589,600,600,626,626,626,626,626,626],"floor_reached":13,"language":"ZHS","playtime":731,"items_purged":[],"score":87,"play_id":"40b21c37-2b04-4980-8cff-102aa76d3771","local_time":"20210213124531","is_ascension_mode":true,"campfire_choices":[{"floor":1,"key":"DIG"},{"floor":6,"key":"REST"},{"floor":9,"key":"REST"},{"floor":12,"key":"REST"}],"circlet_count":0,"master_deck":["bronze:Strike","bronze:Strike","bronze:Strike","bronze:Strike","bronze:Defend","bronze:Defend","bronze:Defend","bronze:Defend","bronze:Replicate","bronze:Goto","bronze:Branch","downfall:Icky","downfall:Icky","downfall:Icky","bronze:ForceShield","bronze:Overheat","bronze:Shield","bronze:ShipIt"],"relics":["bronze:BronzeCore","Replay:Baseball","Vajra","Unceasing Top","Replay:Kaleidoscope"],"acts_visited":["Exordium"],"potions_floor_usage":[],"damage_taken":[{"damage":5,"enemies":"2 Louse","floor":2,"turns":3},{"damage":20,"enemies":"Jaw Worm","floor":4,"turns":4},{"damage":6,"enemies":"Cultist","floor":5,"turns":3},{"damage":14,"enemies":"Blue Slaver","floor":8,"turns":3},{"damage":49,"enemies":"Gremlin Nob","floor":10,"turns":5},{"damage":44,"enemies":"Lagavulin","floor":13,"turns":5}],"seed_played":"-5641023980919883628","potions_obtained":[{"floor":5,"key":"Weak Potion"},{"floor":8,"key":"LiquidMemories"},{"floor":10,"key":"champ:CounterPotion"}],"is_trial":false,"path_per_floor":["R","M","?","M","M","R","T","M","R","E","T","R","E"],"character_chosen":"THE_AUTOMATON","items_purchased":[],"campfire_rested":3,"item_purchase_floors":[],"current_hp_per_floor":[70,65,65,45,39,60,60,46,67,18,18,39,0,0,0],"gold":626,"neow_bonus":"RANDOM_COMMON_RELIC","is_daily":false,"chose_seed":false,"campfire_upgraded":0,"win_rate":0.0,"timestamp":1613191531,"path_taken":["R","M","?","M","M","R","T","M","R","E","?","R","E"],"items_purchased_type":[],"build_version":"2020-12-22","purchased_purges":0,"victory":false,"max_hp_per_floor":[70,70,70,70,70,70,70,70,70,70,70,70,70,70,70],"card_choices":[{"not_picked":["bronze:Constructor","bronze:Philosophize"],"picked":"bronze:Branch","floor":2},{"not_picked":["bronze:BugBarrage","bronze:Terminator"],"picked":"bronze:ForceShield","floor":4},{"not_picked":["bronze:DarkDash","bronze:Refactor"],"picked":"bronze:Overheat","floor":5},{"not_picked":["bronze:ClassDefault","bronze:WhirlingStrike"],"picked":"bronze:Shield","floor":8},{"not_picked":["bronze:Separator","bronze:Constructor"],"picked":"bronze:ShipIt","floor":10}],"player_experience":334556,"relics_obtained":[{"floor":1,"key":"Vajra"},{"floor":10,"key":"Unceasing Top"},{"floor":11,"key":"Replay:Kaleidoscope"}],"event_choices":[],"is_beta":false,"boss_relics":[],"items_purged_floors":[],"is_endless":false,"potions_floor_spawned":[5,8,10],"killed_by":"Lagavulin","ascension_level":1}}