{"host":"xz7n3qy1zq36rzpg","time":1613228051,"event":{"mods":["BaseMod","Colored Map","Colored Powertips","Highlight Path","Minty Spire (QoL Compilation)","Quick Restart","Shop Mod"],"gold_per_floor":[109,126,126,138,151,183,195,240,252,289,301,103,118,129,129,230,230,244,259,286,63,75,75,3,3,3,32,32,32,32,58,58,153,153,173,173,29,48,62,96,108,108,108,128,138,163,163,177,177,177],"floor_reached":51,"language":"ENG","playtime":3323,"items_purged":["Defend_G+1"],"score":970,"play_id":"39626f34-ffa1-4f9c-be5c-b044c37784d5","local_time":"20210213155411","is_ascension_mode":true,"campfire_choices":[{"floor":7,"key":"REST"},{"data":"Blade Dance","floor":11,"key":"SMITH"},{"floor":15,"key":"REST"},{"floor":23,"key":"REST"},{"data":"Storm of Steel","floor":25,"key":"SMITH"},{"floor":32,"key":"REST"},{"floor":42,"key":"REST"},{"floor":47,"key":"REST"},{"floor":49,"key":"REST"}],"circlet_count":0,"master_deck":["Strike_G+1","Strike_G+1","Strike_G+1","Strike_G+1","Defend_G+1","Defend_G+1","Defend_G+1","Defend_G+1","Survivor","Neutralize","Quick Slash","Bouncing Flask+1","Underhanded Strike","Dash","Blade Dance+1","Choke","Well Laid Plans","Storm of Steel+1","Dash","Acrobatics+1","Dagger Throw","Malaise","Slice+1","Poisoned Stab+1","Accuracy","Backflip+1","Catalyst","Poisoned Stab","Crippling Poison","A Thousand Cuts","Deflect+1","Cloak And Dagger+1","Infinite Blades","Riddle With Holes+1","Bane+1","Leg Sweep+1","Prepared+1","Bullet Time","Footwork+1"],"relics":["Philosopher\u0027s Stone","MawBank","Bag of Marbles","Omamori","Kunai","Calling Bell","Bag of Preparation","Paper Crane","Peace Pipe","Potion Belt","PreservedInsect","Mummified Hand","White Beast Statue","Incense Burner","Orichalcum","Sozu","War Paint","Blue Candle","Art of War"],"acts_visited":["Exordium","TheCity","TheBeyond"],"potions_floor_usage":[8,8,14,16,16,27,27,27,27,27,33,50,50],"damage_taken":[{"damage":0.0,"enemies":"Jaw Worm","floor":1.0,"turns":3.0},{"damage":0.0,"enemies":"Cultist","floor":2.0,"turns":3.0},{"damage":0.0,"enemies":"Small Slimes","floor":4.0,"turns":3.0},{"damage":14.0,"enemies":"Blue Slaver","floor":5.0,"turns":3.0},{"damage":34.0,"enemies":"3 Sentries","floor":6.0,"turns":6.0},{"damage":0,"enemies":"Gremlin Nob","floor":8,"turns":2},{"damage":3,"enemies":"Lagavulin","floor":10,"turns":5},{"damage":15,"enemies":"Large Slime","floor":13,"turns":5},{"damage":20,"enemies":"Exordium Wildlife","floor":14,"turns":4},{"damage":11,"enemies":"Hexaghost","floor":16,"turns":7},{"damage":6,"enemies":"Shell Parasite","floor":18,"turns":5},{"damage":1,"enemies":"Spheric Guardian","floor":19,"turns":3},{"damage":27,"enemies":"Snake Plant","floor":22,"turns":4},{"damage":0,"enemies":"Gremlin Leader","floor":27,"turns":4},{"damage":16,"enemies":"Book of Stabbing","floor":31,"turns":4},{"damage":38,"enemies":"Collector","floor":33,"turns":9},{"damage":11,"enemies":"3 Darklings","floor":35,"turns":5},{"damage":5,"enemies":"3 Shapes","floor":38,"turns":4},{"damage":4,"enemies":"3 Darklings","floor":39,"turns":6},{"damage":14,"enemies":"Giant Head","floor":40,"turns":7},{"damage":1,"enemies":"4 Shapes","floor":41,"turns":2},{"damage":0,"enemies":"Sphere and 2 Shapes","floor":44,"turns":3},{"damage":0,"enemies":"Jaw Worm Horde","floor":45,"turns":4},{"damage":14,"enemies":"Nemesis","floor":46,"turns":7},{"damage":16,"enemies":"4 Shapes","floor":48,"turns":6},{"damage":53,"enemies":"Awakened One","floor":50,"turns":13}],"seed_played":"2331615288860762373","potions_obtained":[{"floor":2.0,"key":"Fire Potion"},{"floor":5.0,"key":"SteroidPotion"},{"floor":6.0,"key":"SteroidPotion"},{"floor":8,"key":"Swift Potion"},{"floor":10,"key":"EntropicBrew"},{"floor":14,"key":"PowerPotion"},{"floor":18,"key":"FairyPotion"},{"floor":19,"key":"EntropicBrew"},{"floor":31,"key":"Swift Potion"},{"floor":33,"key":"PowerPotion"}],"is_trial":false,"path_per_floor":["M","M","?","M","M","E","R","E","T","E","R","$","M","M","R","B",null,"M","M","T","$","M","R","$","R","T","E","?","T","?","E","R","B",null,"M","?","$","M","M","E","M","R","T","M","M","E","R","M","R","B",null],"character_chosen":"THE_SILENT","items_purchased":["Storm of Steel","Dash","PreservedInsect","Accuracy","Catalyst","Infinite Blades"],"campfire_rested":7,"item_purchase_floors":[12,12,21,21,24,37],"current_hp_per_floor":[70,70,70,70,56,22,43,43,43,40,40,40,25,5,26,15,70,64,63,63,63,36,57,57,57,57,57,57,57,57,41,62,24,70,59,59,59,54,50,36,35,56,56,56,56,42,63,47,68,15],"gold":177,"neow_bonus":"BOSS_RELIC","is_daily":false,"chose_seed":false,"campfire_upgraded":2,"win_rate":0.0,"timestamp":1613228051,"path_taken":["M","M","?","M","M","E","R","E","T","E","R","?","M","?","R","BOSS","M","?","?","$","?","R","?","R","T","E","?","?","?","E","R","BOSS","M","?","$","M","M","E","?","R","T","M","M","E","R","M","R","BOSS"],"items_purchased_type":["Card","Card","Relic","Card","Card","Card"],"build_version":"2020-12-22","purchased_purges":1,"victory":true,"max_hp_per_floor":[70,70,70,70,70,70,70,70,70,70,70,70,70,70,70,70,70,70,70,70,70,70,70,70,70,70,70,70,70,70,70,70,70,70,70,70,70,70,70,70,70,70,70,70,70,70,70,70,70,70],"card_choices":[{"not_picked":["Acrobatics","Bane"],"picked":"Quick Slash","floor":1.0},{"not_picked":["Calculated Gamble","Terror"],"picked":"Bouncing Flask","floor":2.0},{"not_picked":["Dodge and Roll","Dagger Spray"],"picked":"Underhanded Strike","floor":4.0},{"not_picked":["Quick Slash","Underhanded Strike"],"picked":"Dash","floor":5.0},{"not_picked":["Cloak And Dagger","Dagger Spray"],"picked":"Blade Dance","floor":6.0},{"not_picked":["Grand Finale","Deadly Poison"],"picked":"Choke","floor":8},{"not_picked":["Caltrops","Backstab"],"picked":"Well Laid Plans","floor":10},{"not_picked":["Endless Agony","Choke"],"picked":"Acrobatics","floor":13},{"not_picked":["Slice","Endless Agony"],"picked":"Dagger Throw","floor":14},{"not_picked":["Grand Finale","Phantasmal Killer"],"picked":"Malaise","floor":16},{"not_picked":["Acrobatics","Backflip"],"picked":"Slice+1","floor":18},{"not_picked":["Flying Knee","Choke+1"],"picked":"Poisoned Stab+1","floor":19},{"not_picked":["Blade Dance","Outmaneuver+1"],"picked":"Backflip+1","floor":22},{"not_picked":["Deadly Poison","Distraction"],"picked":"Poisoned Stab","floor":27},{"not_picked":["Poisoned Stab","Blade Dance"],"picked":"Crippling Poison","floor":31},{"not_picked":["Die Die Die","After Image"],"picked":"A Thousand Cuts","floor":33},{"not_picked":["Masterful Stab+1","Poisoned Stab+1"],"picked":"Deflect+1","floor":35},{"not_picked":["Bane","Cloak And Dagger+1"],"picked":"Riddle With Holes+1","floor":38},{"not_picked":["Dagger Throw","Crippling Poison+1"],"picked":"Bane+1","floor":39},{"not_picked":["Outmaneuver+1","Escape Plan"],"picked":"Leg Sweep+1","floor":40},{"not_picked":["Poisoned Stab","Concentrate","Bane+1"],"picked":"SKIP","floor":41},{"not_picked":["Bane+1","Outmaneuver+1"],"picked":"Prepared+1","floor":44},{"not_picked":["Prepared","Distraction+1"],"picked":"Bullet Time","floor":45},{"not_picked":["Skewer","Sucker Punch+1"],"picked":"Footwork+1","floor":46},{"not_picked":["Finisher","Quick Slash","Dagger Throw"],"picked":"SKIP","floor":48}],"player_experience":518492,"relics_obtained":[{"floor":6.0,"key":"MawBank"},{"floor":8,"key":"Bag of Marbles"},{"floor":9,"key":"Omamori"},{"floor":10,"key":"Kunai"},{"floor":17,"key":"Bag of Preparation"},{"floor":17,"key":"Paper Crane"},{"floor":17,"key":"Peace Pipe"},{"floor":20,"key":"Potion Belt"},{"floor":26,"key":"Mummified Hand"},{"floor":27,"key":"White Beast Statue"},{"floor":29,"key":"Incense Burner"},{"floor":31,"key":"Orichalcum"},{"floor":40,"key":"War Paint"},{"floor":43,"key":"Blue Candle"},{"floor":46,"key":"Art of War"}],"event_choices":[{"damage_healed":0.0,"max_hp_gain":0.0,"max_hp_loss":0.0,"gold_gain":0.0,"event_name":"Accursed Blacksmith","player_choice":"Forge","floor":3.0,"gold_loss":0.0,"damage_taken":0.0,"cards_upgraded":["Bouncing Flask"]},{"damage_healed":0,"gold_gain":0,"player_choice":"Simplicity","damage_taken":0,"max_hp_gain":0,"max_hp_loss":0,"event_name":"Back to Basics","floor":28,"gold_loss":0,"cards_upgraded":["Strike_G","Strike_G","Strike_G","Strike_G","Strike_G","Defend_G","Defend_G","Defend_G","Defend_G","Defend_G"]},{"damage_healed":0,"gold_gain":0,"player_choice":"Smashed Altar","damage_taken":0,"max_hp_gain":0,"max_hp_loss":0,"event_name":"Forgotten Altar","floor":30,"gold_loss":0,"cards_obtained":["Decay"]},{"damage_healed":0,"gold_gain":0,"cards_transformed":["Strike_G"],"player_choice":"Transformed","damage_taken":0,"max_hp_gain":0,"max_hp_loss":0,"event_name":"Transmorgrifier","floor":36,"gold_loss":0,"cards_obtained":["Cloak And Dagger"]}],"is_beta":false,"boss_relics":[{"not_picked":["SlaversCollar","Pandora\u0027s Box"],"picked":"Calling Bell"},{"not_picked":["Velvet Choker","Runic Dome"],"picked":"Sozu"}],"items_purged_floors":[37],"is_endless":false,"potions_floor_spawned":[2,5,6,8,10,14,18,19,31,33,35,38,39,40,41,44,45,46,48],"ascension_level":4}}