{"host":"onfdonezo2qmaex3","time":1613228814,"event":{"mods":["2.2 Compatiblity","AchievementEnabler","Act Like it!","Aspiration","BaseMod","Colored Powertips","Downfall","Friendly Minions","Gensokyo","Hallownest","Hermit","Highlight Path","Jorbs\u0027s Wanderer Trilogy","Marisa????????","Marked Mod","Minty Spire (QoL Compilation)","Quick Restart","Reliquary","Shop Mod","StSLib","The Disciple","The Hayseed","The Marked","The Runesmith"],"gold_per_floor":[119,14,14,14,31,31,46,46,46,46,0,0,0],"floor_reached":12,"language":"ENG","playtime":407,"items_purged":[],"score":76,"play_id":"f2144472-f802-429c-a8a6-c278d4a42b2a","local_time":"20210213160654","is_ascension_mode":true,"campfire_choices":[{"floor":6,"key":"RECALL"},{"data":"Blade Dance","floor":8,"key":"SMITH"}],"circlet_count":0,"master_deck":["Strike_G","Strike_G","Defend_G","Defend_G","Defend_G","Defend_G","Defend_G","Survivor","Neutralize","Blade Dance+1"],"relics":["Ring of the Snake","NeowsBlessing","Gensokyo:Companionship"],"acts_visited":["Gensokyo:Gensokyo"],"potions_floor_usage":[12,12],"damage_taken":[{"damage":0,"enemies":"Gensokyo:Gryphon","floor":1,"turns":1},{"damage":0,"enemies":"Gensokyo:Python","floor":5,"turns":1},{"damage":0,"enemies":"Gensokyo:3_Fairies","floor":7,"turns":2},{"damage":5,"enemies":"Gensokyo:Cirno","floor":12,"turns":5}],"seed_played":"-4595249090807092898","potions_obtained":[{"floor":1,"key":"SneckoOil"},{"floor":7,"key":"SkillPotion"}],"is_trial":false,"path_per_floor":["M","COS","?","$","M","R","M","R","T","?","?","E"],"character_chosen":"THE_SILENT","items_purchased":[],"campfire_rested":0,"item_purchase_floors":[],"current_hp_per_floor":[70,70,42,42,42,42,42,42,42,42,65,60,60],"gold":0,"neow_bonus":"THREE_ENEMY_KILL","is_daily":false,"chose_seed":false,"campfire_upgraded":1,"win_rate":0.0,"timestamp":1613228814,"path_taken":["M","COS","?","$","M","R","M","R","T","?","?","E"],"items_purchased_type":[],"build_version":"2020-12-22","purchased_purges":0,"victory":false,"max_hp_per_floor":[70,70,70,70,70,70,70,70,70,70,70,70,70],"card_choices":[{"not_picked":["Eviscerate","Concentrate","Underhanded Strike"],"picked":"SKIP","floor":1},{"not_picked":["Outmaneuver","Flying Knee","Predator"],"picked":"SKIP","floor":5},{"not_picked":["Underhanded Strike","Noxious Fumes"],"picked":"Blade Dance","floor":7}],"player_experience":179567,"relics_obtained":[],"event_choices":[],"is_beta":false,"boss_relics":[],"items_purged_floors":[],"is_endless":false,"potions_floor_spawned":[1,7],"killed_by":"Gensokyo:Cirno","ascension_level":3}}