{"host":"z8k0b1oqxoiri7b9","time":1613211357,"event":{"mods":["AchievementEnabler","BaseMod","Downfall","Minty Spire (QoL Compilation)","StSLib"],"gold_per_floor":[99,117,27,43,61,61,87,98,121,121,121,140,174,190,205,205,205,205],"floor_reached":16,"language":"ENG","playtime":5866,"items_purged":["champ:Strike"],"score":104,"play_id":"64b244b1-1431-4044-aeba-c7c2d4de1a34","local_time":"20210213181557","is_ascension_mode":false,"campfire_choices":[{"data":"champ:Taunt","floor":1,"key":"SMITH"},{"data":"champ:MurderStrike","floor":6,"key":"SMITH"},{"data":"champ:ViciousMockery","floor":10,"key":"SMITH"}],"circlet_count":0,"master_deck":["champ:Strike","champ:Strike","champ:Strike","champ:Defend","champ:Defend","champ:Defend","champ:Defend","champ:Execute","champ:Taunt+1","champ:ViciousMockery+1","champ:MurderStrike+1","champ:Encircle","champ:MurderStrike+1","champ:FaceSlap","champ:AdrenalArmor"],"relics":["Coffee Dripper","Centennial Puzzle","Omamori","PreservedInsect"],"acts_visited":["Exordium"],"potions_floor_usage":[16,16],"damage_taken":[{"damage":20,"enemies":"Cultist","floor":2,"turns":3},{"damage":20,"enemies":"downfall:FleeingMerchant","floor":3,"turns":4},{"damage":20,"enemies":"Jaw Worm","floor":4,"turns":3},{"damage":10,"enemies":"2 Louse","floor":5,"turns":2},{"damage":20,"enemies":"Blue Slaver","floor":8,"turns":3},{"damage":31,"enemies":"3 Louse","floor":12,"turns":4},{"damage":61,"enemies":"3 Sentries","floor":13,"turns":10},{"damage":10,"enemies":"Red Slaver","floor":14,"turns":3},{"damage":12,"enemies":"Exordium Thugs","floor":15,"turns":3},{"damage":46,"enemies":"DF_ARCHETYPE_STREAMLINE","floor":16,"turns":4}],"seed_played":"-5609281594152817694","potions_obtained":[{"floor":5,"key":"BlessingOfTheForge"},{"floor":13,"key":"sneckomod:MuddlingPotion"},{"floor":14,"key":"Explosive Potion"}],"is_trial":false,"path_per_floor":["R","M","$","M","M","R","T","M","T","R","?","M","E","M","M","B"],"character_chosen":"THE_CHAMP","items_purchased":[],"campfire_rested":0,"item_purchase_floors":[],"current_hp_per_floor":[90,90,90,90,90,90,90,90,90,90,90,79,48,48,46,0,0,0],"gold":205,"neow_bonus":"BOSS_RELIC","is_daily":false,"chose_seed":false,"campfire_upgraded":3,"win_rate":0.0,"timestamp":1613211357,"path_taken":["R","M","$","?","M","R","T","M","?","R","?","M","E","?","M","BOSS"],"items_purchased_type":[],"build_version":"2020-12-22","purchased_purges":1,"victory":false,"max_hp_per_floor":[90,90,90,90,90,90,90,90,90,90,90,90,90,90,90,90,90,90],"card_choices":[{"not_picked":["champ:DefensiveShout","champ:BringItOn","champ:ShieldSlam"],"picked":"SKIP","floor":2},{"not_picked":["champ:DefensiveShout","champ:ShieldSlam","champ:BerserkersShout"],"picked":"SKIP","floor":3},{"not_picked":["champ:Endure","champ:FalseCounter"],"picked":"champ:ViciousMockery","floor":4},{"not_picked":["champ:PreciseThrust","champ:EndlessRage"],"picked":"champ:MurderStrike","floor":5},{"not_picked":["champ:Backstep","champ:Shatter"],"picked":"champ:Encircle","floor":8},{"not_picked":["champ:EnGarde","champ:PerfectedStrike","champ:Endure"],"picked":"SKIP","floor":12},{"not_picked":["champ:EnGarde","champ:Shatter"],"picked":"champ:FaceSlap","floor":13},{"not_picked":["champ:ViciousMockery","champ:AdrenalArmor","champ:BerserkersShout"],"picked":"SKIP","floor":14},{"not_picked":["champ:ViciousMockery","champ:BerserkersShout"],"picked":"champ:AdrenalArmor","floor":14},{"not_picked":["champ:BringItOn","champ:RapidStrikes","champ:SetATrap"],"picked":"SKIP","floor":15}],"player_experience":213232,"relics_obtained":[{"floor":7,"key":"Centennial Puzzle"},{"floor":9,"key":"Omamori"},{"floor":13,"key":"PreservedInsect"}],"event_choices":[],"is_beta":false,"boss_relics":[],"items_purged_floors":[3],"is_endless":false,"potions_floor_spawned":[5,13,14],"killed_by":"DF_ARCHETYPE_STREAMLINE","ascension_level":0}}