{"host":"ga4s3hj9m6nkn6gp","time":1613211021,"event":{"mods":["AchievementEnabler","BaseMod","Bestiary","Colored Powertips","Highlight Path","Minty Spire (QoL Compilation)","Relic Stats","everything is the same but u backflip on backflip"],"gold_per_floor":[114,126,126,138,156,183,183,195,195,228,228,228,228,228,228,321,321,337,51,51,66,82,82,125,125,125],"floor_reached":25,"language":"ENG","playtime":1072,"items_purged":["Strike_G"],"score":462,"play_id":"995444bb-e7fa-425e-b503-54cdb6a0da77","local_time":"20210213111021","is_ascension_mode":true,"campfire_choices":[{"data":"Blade Dance","floor":7,"key":"SMITH"},{"data":"Terror","floor":13,"key":"SMITH"},{"data":"Neutralize","floor":15,"key":"SMITH"},{"floor":23,"key":"REST"}],"circlet_count":0,"master_deck":["AscendersBane","Strike_G","Strike_G","Strike_G","Defend_G","Defend_G","Defend_G","Defend_G","Defend_G","Survivor","Neutralize+1","Dagger Spray+1","Blade Dance+1","Dagger Throw","Slice","Terror+1","Tools of the Trade","Reflex","Predator","Backflip+1","Glass Knife","Underhanded Strike+1"],"relics":["Ring of the Snake","StoneCalendar","Paper Crane","InkBottle","Matryoshka","Golden Idol","FaceOfCleric","HoveringKite","ClockworkSouvenir","Frozen Egg 2"],"acts_visited":["Exordium","TheCity"],"potions_floor_usage":[10,16,22,22],"damage_taken":[{"damage":0,"enemies":"2 Louse","floor":1,"turns":7},{"damage":0,"enemies":"Jaw Worm","floor":2,"turns":6},{"damage":1,"enemies":"Small Slimes","floor":4,"turns":3},{"damage":1,"enemies":"Red Slaver","floor":5,"turns":4},{"damage":19,"enemies":"3 Sentries","floor":6,"turns":7},{"damage":12,"enemies":"Large Slime","floor":8,"turns":5},{"damage":4,"enemies":"Lagavulin","floor":10,"turns":3},{"damage":19,"enemies":"Slime Boss","floor":16,"turns":7},{"damage":19,"enemies":"Spheric Guardian","floor":18,"turns":4},{"damage":15,"enemies":"2 Thieves","floor":21,"turns":4},{"damage":2,"enemies":"Cultist and Chosen","floor":22,"turns":5},{"damage":15,"enemies":"Gremlin Leader","floor":24,"turns":5},{"damage":19,"enemies":"Snake Plant","floor":25,"turns":2}],"seed_played":"-4112521099287257779","potions_obtained":[{"floor":2,"key":"Strength Potion"},{"floor":6,"key":"Strength Potion"},{"floor":8,"key":"Swift Potion"},{"floor":16,"key":"ColorlessPotion"},{"floor":18,"key":"LiquidMemories"}],"is_trial":false,"path_per_floor":["M","M","?","M","M","E","R","M","T","E","?","?","R","?","R","B",null,"M","$","?","M","M","R","E","M"],"character_chosen":"THE_SILENT","items_purchased":["Reflex","ClockworkSouvenir"],"campfire_rested":1,"item_purchase_floors":[19,19],"current_hp_per_floor":[59,59,59,58,57,38,38,26,26,22,22,22,22,22,22,4,42,24,24,24,10,9,26,12,0,0],"gold":125,"neow_bonus":"ONE_RARE_RELIC","is_daily":false,"chose_seed":false,"campfire_upgraded":3,"win_rate":0.0,"timestamp":1613211021,"path_taken":["M","M","?","M","M","E","R","M","T","E","?","?","R","?","R","BOSS","M","?","?","?","M","R","E","M"],"items_purchased_type":["Card","Relic"],"build_version":"2020-12-22","purchased_purges":1,"victory":false,"max_hp_per_floor":[60,60,60,60,60,60,60,60,60,60,60,54,54,54,54,55,55,56,56,56,57,58,58,59,59,59],"relic_stats":{"FaceOfCleric":5,"counters":[13,62],"Golden Idol":37,"HoveringKite":[13],"StoneCalendar":[99],"obtain_stats":[{"Matryoshka":10,"FaceOfCleric":14,"Golden Idol":12,"HoveringKite":17,"StoneCalendar":0,"Paper Crane":6,"Frozen Egg 2":24,"InkBottle":9,"Ring of the Snake":0,"ClockworkSouvenir":19},{"Matryoshka":7,"FaceOfCleric":7,"Golden Idol":7,"HoveringKite":8,"StoneCalendar":0,"Paper Crane":5,"Frozen Egg 2":12,"InkBottle":6,"Ring of the Snake":0,"ClockworkSouvenir":9},{"Matryoshka":35,"FaceOfCleric":35,"Golden Idol":35,"HoveringKite":42,"StoneCalendar":0,"Paper Crane":27,"Frozen Egg 2":60,"InkBottle":32,"Ring of the Snake":0,"ClockworkSouvenir":46}],"InkBottle":[15],"Ring of the Snake":[26]},"card_choices":[{"not_picked":["Poisoned Stab","Quick Slash"],"picked":"Dagger Spray","floor":1},{"not_picked":["Catalyst","Dodge and Roll"],"picked":"Blade Dance","floor":2},{"not_picked":["Deadly Poison","Bane"],"picked":"Dagger Throw","floor":4},{"not_picked":["Deadly Poison","Escape Plan","Dodge and Roll"],"picked":"SKIP","floor":5},{"not_picked":["Prepared","Noxious Fumes"],"picked":"Slice","floor":6},{"not_picked":["Slice","Flying Knee"],"picked":"Terror","floor":8},{"not_picked":["Deadly Poison","Dodge and Roll","Cloak And Dagger"],"picked":"SKIP","floor":10},{"not_picked":["Unload","Die Die Die"],"picked":"Tools of the Trade","floor":16},{"not_picked":["Poisoned Stab","Outmaneuver+1","Concentrate"],"picked":"SKIP","floor":18},{"not_picked":["Dagger Throw+1","Deflect"],"picked":"Backflip+1","floor":21},{"not_picked":["Dodge and Roll","Deadly Poison"],"picked":"Glass Knife","floor":22},{"not_picked":["Escape Plan","Outmaneuver+1"],"picked":"Underhanded Strike+1","floor":24}],"player_experience":767065,"relics_obtained":[{"floor":6,"key":"Paper Crane"},{"floor":9,"key":"InkBottle"},{"floor":10,"key":"Matryoshka"},{"floor":24,"key":"Frozen Egg 2"}],"event_choices":[{"damage_healed":0,"gold_gain":0,"player_choice":"Grow","damage_taken":0,"max_hp_gain":0,"max_hp_loss":0,"event_name":"Living Wall","floor":3,"gold_loss":0,"cards_upgraded":["Dagger Spray"]},{"damage_healed":0,"gold_gain":0,"player_choice":"Ignored","damage_taken":0,"max_hp_gain":0,"max_hp_loss":0,"event_name":"Liars Game","floor":11,"gold_loss":0},{"damage_healed":0,"gold_gain":0,"player_choice":"Lose Max HP","damage_taken":0,"relics_obtained":["Golden Idol"],"max_hp_gain":0,"max_hp_loss":6,"event_name":"Golden Idol","floor":12,"gold_loss":0},{"damage_healed":0,"gold_gain":0,"player_choice":"Trade","damage_taken":0,"relics_obtained":["FaceOfCleric"],"max_hp_gain":0,"max_hp_loss":0,"event_name":"FaceTrader","floor":14,"gold_loss":0},{"damage_healed":0,"gold_gain":0,"cards_transformed":["Strike_G"],"player_choice":"Transformed","damage_taken":0,"max_hp_gain":0,"max_hp_loss":0,"event_name":"Transmorgrifier","floor":20,"gold_loss":0,"cards_obtained":["Predator"]}],"is_beta":false,"boss_relics":[{"not_picked":["Runic Pyramid","Ring of the Serpent"],"picked":"HoveringKite"}],"items_purged_floors":[19],"is_endless":false,"potions_floor_spawned":[2,6,8,16,18,21],"killed_by":"Snake Plant","ascension_level":20}}