{"host":"0mhttqdumuceah7q","time":1613225199,"event":{"mods":["AchievementEnabler","BaseMod","Colored Map","DeckTracker","Minty Spire (QoL Compilation)","Permanent Neow"],"gold_per_floor":[113,128,147,159,170,170,185,185,210,210,229,260,260,273,273,372,372,384,395,414,424,438,438,40,59,59,59,72,90,90,107,107,205,205,218,0,0,13,13,13],"floor_reached":39,"language":"KOR","playtime":2997,"items_purged":[],"score":468,"play_id":"4b6a5bf6-25c1-4286-9ed0-c8b34cb9e298","local_time":"20210213230639","is_ascension_mode":false,"campfire_choices":[{"floor":6,"key":"REST"},{"data":"Burst","floor":8,"key":"SMITH"},{"data":"Bouncing Flask","floor":10,"key":"SMITH"},{"data":"After Image","floor":15,"key":"SMITH"},{"floor":23,"key":"REST"},{"floor":30,"key":"REST"},{"data":"Catalyst","floor":32,"key":"SMITH"}],"circlet_count":0,"master_deck":["Strike_G","Strike_G","Strike_G","Defend_G","Defend_G","Defend_G","Defend_G","Defend_G","Survivor","Neutralize","Burst+1","Bouncing Flask+1","Poisoned Stab","Tactician","Deadly Poison","Flying Knee","Bane","Crippling Poison","Iron Wave","After Image+1","Wraith Form v2","Deflect+1","Poisoned Stab+1","Prepared+1","Corpse Explosion","Poisoned Stab+1","Dodge and Roll","Unload","Catalyst+1","PiercingWail","Backflip+1","Poisoned Stab+1","Noxious Fumes","Adrenaline","Endless Agony+1"],"relics":["Ring of the Serpent","PreservedInsect","Dream Catcher","Ninja Scroll","Paper Crane","Empty Cage","Red Mask"],"acts_visited":["Exordium","TheCity","TheBeyond"],"potions_floor_usage":[12,16,16,21,22,28,33,33,33],"damage_taken":[{"damage":0,"enemies":"Small Slimes","floor":1,"turns":4},{"damage":4,"enemies":"Cultist","floor":2,"turns":5},{"damage":12,"enemies":"2 Louse","floor":3,"turns":2},{"damage":7,"enemies":"Exordium Wildlife","floor":4,"turns":6},{"damage":4,"enemies":"Looter","floor":5,"turns":4},{"damage":1,"enemies":"2 Fungi Beasts","floor":7,"turns":4},{"damage":2,"enemies":"Blue Slaver","floor":11,"turns":3},{"damage":5,"enemies":"3 Sentries","floor":12,"turns":6},{"damage":9,"enemies":"Exordium Thugs","floor":14,"turns":3},{"damage":21,"enemies":"The Guardian","floor":16,"turns":8},{"damage":12,"enemies":"Chosen","floor":18,"turns":6},{"damage":6,"enemies":"Spheric Guardian","floor":19,"turns":6},{"damage":10,"enemies":"Cultist and Chosen","floor":20,"turns":7},{"damage":25,"enemies":"3 Cultists","floor":21,"turns":7},{"damage":12,"enemies":"Snake Plant","floor":22,"turns":4},{"damage":0,"enemies":"Snecko","floor":25,"turns":6},{"damage":22,"enemies":"3 Cultists","floor":28,"turns":5},{"damage":6,"enemies":"Snake Plant","floor":29,"turns":5},{"damage":2,"enemies":"Centurion and Healer","floor":31,"turns":7},{"damage":17,"enemies":"Champ","floor":33,"turns":6},{"damage":7,"enemies":"3 Shapes","floor":35,"turns":6},{"damage":30,"enemies":"3 Darklings","floor":38,"turns":3},{"damage":34,"enemies":"Writhing Mass","floor":39,"turns":4}],"seed_played":"-538510753927648608","potions_obtained":[{"floor":3,"key":"AttackPotion"},{"floor":4,"key":"Weak Potion"},{"floor":7,"key":"FearPotion"},{"floor":16,"key":"Strength Potion"},{"floor":20,"key":"CunningPotion"},{"floor":21,"key":"BlessingOfTheForge"},{"floor":25,"key":"SkillPotion"},{"floor":29,"key":"SpeedPotion"},{"floor":31,"key":"PowerPotion"},{"floor":38,"key":"Strength Potion"}],"is_trial":false,"path_per_floor":["M","M","M","M","M","R","M","R","T","R","M","E","?","M","R","B",null,"M","M","M","M","M","R","$","M","T","?","M","M","R","M","R","B",null,"M","?","$","M","M"],"character_chosen":"THE_SILENT","items_purchased":["Ninja Scroll","Unload"],"campfire_rested":3,"item_purchase_floors":[24,24],"current_hp_per_floor":[49,45,33,26,22,43,42,42,42,42,40,35,35,26,26,5,70,58,52,42,17,5,26,26,26,26,49,27,21,42,40,40,23,70,63,63,63,33,0,0],"gold":13,"neow_bonus":"THREE_RARE_CARDS","is_daily":false,"chose_seed":false,"campfire_upgraded":4,"win_rate":0.0,"timestamp":1613225199,"path_taken":["M","M","M","M","M","R","M","R","T","R","M","E","?","M","R","BOSS","M","M","?","M","M","R","$","M","T","?","M","M","R","M","R","BOSS","M","?","$","M","M"],"items_purchased_type":["Relic","Card"],"build_version":"2020-12-22","purchased_purges":0,"victory":false,"max_hp_per_floor":[70,70,70,70,70,70,70,70,70,70,70,70,70,70,70,70,70,70,70,70,70,70,70,70,70,70,70,70,70,70,70,70,70,70,70,70,70,70,70,70],"card_choices":[{"not_picked":["Wraith Form v2","Doppelganger"],"picked":"Burst","floor":0},{"not_picked":["Outmaneuver","Skewer"],"picked":"PiercingWail","floor":1},{"not_picked":["Acrobatics","Backflip"],"picked":"Bouncing Flask","floor":2},{"not_picked":["Predator","Blade Dance"],"picked":"Poisoned Stab","floor":3},{"not_picked":["Sucker Punch","Riddle With Holes"],"picked":"Tactician","floor":4},{"not_picked":["Blade Dance","Prepared"],"picked":"Deadly Poison","floor":5},{"not_picked":["Tactician","Slice"],"picked":"Flying Knee","floor":7},{"not_picked":["Acrobatics","Crippling Poison"],"picked":"Bane","floor":11},{"not_picked":["Flying Knee","Calculated Gamble"],"picked":"Crippling Poison","floor":12},{"not_picked":["Acrobatics","Leg Sweep"],"picked":"After Image","floor":14},{"not_picked":["Venomology","Die Die Die"],"picked":"Wraith Form v2","floor":16},{"not_picked":["Blade Dance","Choke"],"picked":"Deflect+1","floor":18},{"not_picked":["Blur","Well Laid Plans+1"],"picked":"Poisoned Stab+1","floor":19},{"not_picked":["Underhanded Strike","Outmaneuver"],"picked":"Prepared+1","floor":20},{"not_picked":["Prepared","Blade Dance"],"picked":"Corpse Explosion","floor":21},{"not_picked":["Reflex","Well Laid Plans+1"],"picked":"Poisoned Stab+1","floor":22},{"not_picked":["Outmaneuver","Calculated Gamble"],"picked":"Dodge and Roll","floor":23},{"not_picked":["PiercingWail","Caltrops"],"picked":"Catalyst","floor":25},{"not_picked":["Expertise","Tactician"],"picked":"PiercingWail","floor":28},{"not_picked":["Underhanded Strike","Outmaneuver"],"picked":"Backflip+1","floor":29},{"not_picked":["Backflip","Deflect"],"picked":"Poisoned Stab+1","floor":30},{"not_picked":["Backflip+1","Calculated Gamble+1"],"picked":"Noxious Fumes","floor":31},{"not_picked":["Malaise","Corpse Explosion"],"picked":"Adrenaline","floor":33},{"not_picked":["Outmaneuver+1","PiercingWail+1"],"picked":"Endless Agony+1","floor":35},{"not_picked":["Underhanded Strike","Backflip+1","Dash"],"picked":"SKIP","floor":38}],"player_experience":39375,"relics_obtained":[{"floor":9,"key":"PreservedInsect"},{"floor":12,"key":"Dream Catcher"},{"floor":26,"key":"Paper Crane"}],"event_choices":[{"cards_removed":["PiercingWail"],"damage_healed":0,"gold_gain":0,"player_choice":"Took Card","damage_taken":0,"max_hp_gain":0,"max_hp_loss":0,"event_name":"NoteForYourself","floor":13,"gold_loss":0,"cards_obtained":["Iron Wave"]},{"damage_healed":23,"gold_gain":0,"player_choice":"Heal","damage_taken":0,"max_hp_gain":0,"max_hp_loss":0,"event_name":"The Library","floor":27,"gold_loss":0},{"damage_healed":0,"gold_gain":0,"player_choice":"Paid","damage_taken":0,"relics_obtained":["Red Mask"],"max_hp_gain":0,"max_hp_loss":0,"event_name":"Tomb of Lord Red Mask","floor":36,"gold_loss":218}],"is_beta":false,"boss_relics":[{"not_picked":["Sozu","Velvet Choker"],"picked":"Ring of the Serpent"},{"not_picked":["Black Star","Philosopher\u0027s Stone"],"picked":"Empty Cage"}],"items_purged_floors":[],"is_endless":false,"potions_floor_spawned":[3,4,7,16,20,21,25,29,31,38],"killed_by":"Writhing Mass","ascension_level":0}}