{"host":"ga4s3hj9m6nkn6gp","time":1613260188,"event":{"mods":["AchievementEnabler","BaseMod","Bestiary","Colored Powertips","Highlight Path","Minty Spire (QoL Compilation)","Relic Stats","everything is the same but u backflip on backflip"],"gold_per_floor":[367,109,109,8,23,52,63,76,144,179,179,212,212,230,230,230,230],"floor_reached":16,"language":"ENG","playtime":850,"items_purged":["Writhe"],"score":290,"play_id":"0e7400dc-40c3-43bc-bd1b-bfe12e36aa3c","local_time":"20210214004948","is_ascension_mode":true,"campfire_choices":[{"data":"Apotheosis","floor":11,"key":"SMITH"},{"data":"Well Laid Plans","floor":15,"key":"SMITH"}],"circlet_count":0,"master_deck":["AscendersBane","Strike_G","Strike_G","Strike_G","Strike_G","Defend_G","Defend_G","Defend_G","Defend_G","Defend_G","Survivor","Neutralize","Flying Knee","Dagger Spray","Footwork","Setup","Apotheosis+1","Dagger Throw","Prepared","Well Laid Plans+1","Calculated Gamble"],"relics":["Ring of the Snake","Membership Card","TungstenRod","InkBottle","Boot","Matryoshka","Golden Idol"],"acts_visited":["Exordium"],"potions_floor_usage":[12,16,16],"damage_taken":[{"damage":0,"enemies":"2 Louse","floor":1,"turns":5},{"damage":0,"enemies":"Small Slimes","floor":5,"turns":3},{"damage":10,"enemies":"Gremlin Nob","floor":6,"turns":4},{"damage":0,"enemies":"Jaw Worm","floor":7,"turns":4},{"damage":1,"enemies":"Large Slime","floor":8,"turns":8},{"damage":27,"enemies":"3 Sentries","floor":10,"turns":6},{"damage":0,"enemies":"Lagavulin","floor":12,"turns":6},{"damage":5,"enemies":"Lots of Slimes","floor":14,"turns":2},{"damage":14,"enemies":"Hexaghost","floor":16,"turns":15}],"seed_played":"-6132543336990864207","potions_obtained":[{"floor":1,"key":"ColorlessPotion"},{"floor":6,"key":"Weak Potion"},{"floor":14,"key":"EssenceOfSteel"}],"is_trial":false,"path_per_floor":["M","$","?","$","M","E","M","M","T","E","R","E","?","M","R","B"],"character_chosen":"THE_SILENT","items_purchased":["Membership Card","Dagger Spray","Footwork","Apotheosis"],"campfire_rested":0,"item_purchase_floors":[2,2,2,4],"current_hp_per_floor":[59,59,59,59,59,49,49,48,48,21,21,21,21,16,16,2,2],"gold":230,"neow_bonus":"TWO_FIFTY_GOLD","is_daily":false,"chose_seed":false,"campfire_upgraded":2,"win_rate":0.0,"timestamp":1613260188,"path_taken":["M","$","?","$","M","E","M","M","T","E","R","E","?","M","R","BOSS"],"items_purchased_type":["Relic","Card","Card","Card"],"build_version":"2020-12-22","purchased_purges":1,"victory":false,"max_hp_per_floor":[66,66,66,66,66,66,66,66,66,66,66,66,60,60,60,60,60],"relic_stats":{"counters":[9,53],"Golden Idol":4,"Boot":[21],"obtain_stats":[{"Matryoshka":12,"Golden Idol":13,"Membership Card":2,"Boot":10,"TungstenRod":6,"InkBottle":9,"Ring of the Snake":0},{"Matryoshka":7,"Golden Idol":7,"Membership Card":1,"Boot":6,"TungstenRod":3,"InkBottle":5,"Ring of the Snake":0},{"Matryoshka":36,"Golden Idol":36,"Membership Card":5,"Boot":30,"TungstenRod":12,"InkBottle":24,"Ring of the Snake":0}],"TungstenRod":10,"InkBottle":[11],"Ring of the Snake":[18]},"card_choices":[{"not_picked":["Well Laid Plans","PiercingWail"],"picked":"Flying Knee","floor":1},{"not_picked":["Footwork","Deflect"],"picked":"Dagger Throw","floor":5},{"not_picked":["Reflex","Riddle With Holes"],"picked":"Prepared","floor":6},{"not_picked":["Outmaneuver","Deadly Poison","Quick Slash"],"picked":"SKIP","floor":7},{"not_picked":["Dodge and Roll","Flying Knee","Distraction"],"picked":"SKIP","floor":8},{"not_picked":["Poisoned Stab","All Out Attack"],"picked":"Well Laid Plans","floor":10},{"not_picked":["Escape Plan","Unload"],"picked":"Calculated Gamble","floor":12},{"not_picked":["Flying Knee","Sucker Punch","Finisher"],"picked":"SKIP","floor":14}],"player_experience":775006,"relics_obtained":[{"floor":6,"key":"TungstenRod"},{"floor":9,"key":"InkBottle"},{"floor":10,"key":"Boot"},{"floor":12,"key":"Matryoshka"}],"event_choices":[{"damage_healed":0,"gold_gain":0,"cards_transformed":["Strike_G"],"player_choice":"Change","damage_taken":0,"max_hp_gain":0,"max_hp_loss":0,"event_name":"Living Wall","floor":3,"gold_loss":0,"cards_obtained":["Setup"]},{"damage_healed":0,"gold_gain":0,"player_choice":"Lose Max HP","damage_taken":0,"relics_obtained":["Golden Idol"],"max_hp_gain":0,"max_hp_loss":6,"event_name":"Golden Idol","floor":13,"gold_loss":0}],"is_beta":false,"boss_relics":[],"items_purged_floors":[2],"is_endless":false,"potions_floor_spawned":[1,6,14],"killed_by":"Hexaghost","ascension_level":20}}