{"host":"pazl5877qhghhrip","time":1613223363,"event":{"mods":["Act Like it!","BaseMod","Minty Spire (QoL Compilation)","Reliquary","Replay The Spire","RumiaBox-露米娅的神秘盒子","Spicy Shops","StSLib","【功能Mod】混沌之环修复补丁"],"gold_per_floor":[116,116,116,136,101,131,131,148,148,148,148,148,73,86,86,216,216,232,232,132,148,23,23,58,73,73,73,104,122,180,180,180,180,180,204,267,336,356,128,128,128,128],"floor_reached":41,"language":"ZHS","playtime":3255,"items_purged":["Injury","Strike_G","Poisoned Stab","Bouncing Flask+1"],"score":552,"play_id":"f8de0488-7382-4777-b18c-a9ef78a3d996","local_time":"20210213213603","is_ascension_mode":false,"campfire_choices":[{"data":"Distraction","floor":7.0,"key":"SMITH"},{"data":"Distraction","floor":7.0,"key":"SMITH"},{"data":"Hidden Blade","floor":11.0,"key":"SMITH"},{"data":"Poisoned Stab","floor":11.0,"key":"SMITH"},{"floor":15.0,"key":"REST"},{"data":"Neutralize","floor":23.0,"key":"SMITH"},{"data":"Bouncing Flask","floor":23.0,"key":"SMITH"},{"data":"Escape Plan","floor":27.0,"key":"SMITH"},{"data":"Acrobatics","floor":27.0,"key":"SMITH"},{"floor":32.0,"key":"REST"},{"data":"Poisoned Stab+1","floor":40,"key":"PURGE"}],"circlet_count":0,"master_deck":["Defend_G+1","Neutralize+1","Distraction+1","Distraction+1","Hidden Blade+1","Grand Finale+1","Escape Plan+1","Grand Finale+1","Acrobatics+1"],"relics":["Ring of the Snake","Replay:Arrowhead","Baka2","Divine Protection","GodSword7","Golden Idol","Replay:Drink Me","ReplayTheSpireMod:Ninjato","Replay:Bottled Steam","MagicDraw1","Matryoshka","HoveringKite","Replay:Multitool","CaptainsWheel","Peace Pipe"],"acts_visited":["Exordium","TheCity","TheBeyond"],"potions_floor_usage":[],"damage_taken":[{"damage":3.0,"enemies":"Cultist","floor":1.0,"turns":5.0},{"damage":0.0,"enemies":"Small Slimes","floor":4.0,"turns":3.0},{"damage":0.0,"enemies":"Jaw Worm","floor":5.0,"turns":5.0},{"damage":32.0,"enemies":"Replay:BlueRogue","floor":6.0,"turns":6.0},{"damage":6.0,"enemies":"Exordium Thugs","floor":8.0,"turns":13.0},{"damage":22.0,"enemies":"Lots of Slimes","floor":14.0,"turns":4.0},{"damage":14.0,"enemies":"Fading Forest","floor":16.0,"turns":11.0},{"damage":0.0,"enemies":"Shell Parasite","floor":18.0,"turns":1.0},{"damage":0.0,"enemies":"Spheric Guardian","floor":21.0,"turns":1.0},{"damage":18.0,"enemies":"Slavers","floor":24.0,"turns":2.0},{"damage":0.0,"enemies":"Snake Plant","floor":25.0,"turns":1.0},{"damage":0.0,"enemies":"Replay:Snechameleon","floor":28.0,"turns":1.0},{"damage":0.0,"enemies":"Centurion and Healer","floor":29.0,"turns":1.0},{"damage":0,"enemies":"Automaton","floor":33,"turns":2},{"damage":0,"enemies":"3 Shapes","floor":35,"turns":1},{"damage":0,"enemies":"Mind Bloom Boss Battle","floor":36,"turns":1},{"damage":0,"enemies":"2 Orb Walkers","floor":37,"turns":2},{"damage":0,"enemies":"Orb Walker","floor":38,"turns":1},{"damage":45,"enemies":"R_Hoarder","floor":41,"turns":8}],"seed_played":"-3743457840869225752","potions_obtained":[{"floor":1.0,"key":"Fire Potion"},{"floor":3.0,"key":"AttackPotion"},{"floor":3.0,"key":"LiquidBronze"},{"floor":14.0,"key":"Explosive Potion"},{"floor":18.0,"key":"LiquidBronze"},{"floor":25.0,"key":"PowerPotion"},{"floor":35,"key":"GamblersBrew"},{"floor":37,"key":"Energy Potion"}],"is_trial":false,"path_per_floor":["M","?","?","M","M","E","R","M","T","?","R","?","$","M","R","B",null,"M","?","$","M","$","R","E","M","T","R","E","M","?","?","R","B",null,"M","?","?","M","$","R","E"],"character_chosen":"THE_SILENT","items_purchased":["Peace Pipe"],"campfire_rested":2,"item_purchase_floors":[39],"current_hp_per_floor":[46,39,39,39,39,7,7,1,1,1,1,1,1,9,30,30,53,53,53,53,53,53,53,35,35,35,35,35,35,22,39,53,53,53,53,42,42,45,45,45,0,0],"gold":128,"neow_bonus":"ONE_RARE_RELIC","is_daily":false,"chose_seed":false,"campfire_upgraded":8,"win_rate":0.0,"timestamp":1613223363,"path_taken":["M","?","?","?","M","E","R","M","T","?","R","?","?","M","R","BOSS","M","?","$","?","?","R","E","M","T","R","E","?","?","?","R","BOSS","M","?","?","?","$","R","E"],"items_purchased_type":["Relic"],"build_version":"2020-12-22","purchased_purges":4,"victory":false,"max_hp_per_floor":[70,70,70,70,70,70,70,70,70,70,70,70,70,70,70,70,53,53,53,53,53,53,53,53,53,53,53,53,53,53,53,53,53,53,53,59,59,62,62,62,62,62],"card_choices":[{"not_picked":["Leg Sweep","Outmaneuver"],"picked":"Distraction","floor":1.0},{"not_picked":["Acrobatics","Slice","Deadly Poison"],"picked":"SKIP","floor":4.0},{"not_picked":["Deadly Poison","Blur"],"picked":"Poisoned Stab","floor":5.0},{"not_picked":["All Out Attack","Dagger Throw"],"picked":"Distraction","floor":6.0},{"not_picked":["Dodge and Roll","Backflip"],"picked":"Hidden Blade","floor":8.0},{"not_picked":["Flying Knee","Heel Hook"],"picked":"Poisoned Stab","floor":14.0},{"not_picked":["Burst","Doppelganger"],"picked":"Grand Finale","floor":16.0},{"not_picked":["Dagger Spray","Backflip","Well Laid Plans"],"picked":"SKIP","floor":18.0},{"not_picked":["Deflect+1","Dagger Spray","Footwork+1"],"picked":"SKIP","floor":21.0},{"not_picked":["Poisoned Stab","Prepared"],"picked":"Escape Plan","floor":24.0},{"not_picked":["Replay:Poison Smokescreen","Poisoned Stab"],"picked":"Acrobatics","floor":25.0},{"not_picked":["Slice+1","Prepared","Well Laid Plans"],"picked":"SKIP","floor":28.0},{"not_picked":["Catalyst","Finisher","Well Laid Plans+1"],"picked":"SKIP","floor":29.0},{"not_picked":["Skewer","Flying Knee+1","ReplayTheSpireMod:Exploit Weakness"],"picked":"SKIP","floor":35},{"not_picked":["Blade Dance+1","Bouncing Flask","Sucker Punch"],"picked":"SKIP","floor":38}],"player_experience":234397,"relics_obtained":[{"floor":1.0,"key":"Baka"},{"floor":4.0,"key":"Baka2"},{"floor":6.0,"key":"Divine Protection"},{"floor":9.0,"key":"GodSword7"},{"floor":24.0,"key":"ReplayTheSpireMod:Ninjato"},{"floor":26.0,"key":"Replay:Bottled Steam"},{"floor":28.0,"key":"MagicDraw1"},{"floor":30.0,"key":"Matryoshka"},{"floor":36,"key":"Replay:Multitool"},{"floor":37,"key":"CaptainsWheel"}],"event_choices":[{"cards_removed":["Defend_G"],"damage_healed":0.0,"max_hp_gain":0.0,"max_hp_loss":0.0,"gold_gain":0.0,"event_name":"Golden Wing","player_choice":"Card Removal","floor":2.0,"gold_loss":0.0,"damage_taken":7.0},{"damage_healed":0.0,"max_hp_gain":0.0,"max_hp_loss":0.0,"gold_gain":0.0,"event_name":"Lab","player_choice":"Got Potions","floor":3.0,"gold_loss":0.0,"damage_taken":0.0},{"damage_healed":0.0,"max_hp_gain":0.0,"max_hp_loss":0.0,"gold_gain":0.0,"event_name":"Golden Idol","player_choice":"Take Wound","floor":12.0,"gold_loss":0.0,"damage_taken":0.0,"relics_obtained":["Golden Idol"],"cards_obtained":["Injury"]},{"damage_healed":0.0,"max_hp_gain":0.0,"max_hp_loss":0.0,"gold_gain":0.0,"event_name":"Accursed Blacksmith","player_choice":"Forge","floor":19.0,"gold_loss":0.0,"damage_taken":0.0,"cards_upgraded":["Grand Finale"]},{"damage_healed":17.0,"max_hp_gain":0.0,"max_hp_loss":0.0,"gold_gain":0.0,"event_name":"The Library","player_choice":"Heal","floor":31.0,"gold_loss":0.0,"damage_taken":0.0},{"damage_healed":0,"gold_gain":0,"player_choice":"Fight","damage_taken":0,"max_hp_gain":0,"max_hp_loss":0,"event_name":"MindBloom","floor":36,"gold_loss":0},{"damage_healed":0,"gold_gain":0,"player_choice":"Fight","damage_taken":0,"max_hp_gain":0,"max_hp_loss":0,"event_name":"Mysterious Sphere","floor":37,"gold_loss":0}],"is_beta":false,"boss_relics":[{"not_picked":["Runic Dome","reliquary:Ember"],"picked":"Replay:Drink Me"},{"not_picked":["SlaversCollar","Kintsugi"],"picked":"HoveringKite"}],"items_purged_floors":[13,20,22,39],"is_endless":false,"potions_floor_spawned":[1,14,18,25,35,37],"killed_by":"R_Hoarder","ascension_level":0}}