{"host":"orwsrz1cc0wttjjy","time":1613237227,"event":{"mods":["100% Spire Juice","2.2 Compatiblity","AchievementEnabler","Act Like it!","Arknights","Astrologer","BaseMod","Better Altar","Better Match","Better Skull","Better Third Choice","BetterRewards","CapriCore","ChefMod","Colored Map","Colored Powertips","Conspire","DeckTracker","Friendly Minions","Halation","Hermit","Hubris","Infinite Spire","Mimic Mod","Minty Spire (QoL Compilation)","MostiFishMod","Permanent Neow","Puzzle Mod","Relic Sorter","Relic Stats","Robot Space Explorer","Shop Mod","Spicy Shops","Spire Arcade","StSLib","Td1madao Mod","The Accelerator","The Animator","The Cursed","The Gatherer","The Hierophant","The Marked","The Poker Player","The Runesmith","Treasure Hunter","everything is the same but u backflip on backflip"],"gold_per_floor":[253,270,289,239,239,272,121,121,121,121,139,139,139,152,152,248,248,268,278,278,293,293,293,293,91,91,91,105,105,119,133,133,232,232,248,263,263,292,309,335,349,349,349],"floor_reached":42,"language":"KOR","playtime":3274,"items_purged":[],"score":530,"play_id":"5da3e635-cfe3-4010-b3c5-02f26d1236e5","local_time":"20210214022707","is_ascension_mode":false,"campfire_choices":[{"data":"ats:Emotion Absorption","floor":10.0,"key":"SMITH"},{"floor":12.0,"key":"REST"},{"data":"ats:Overload","floor":15.0,"key":"SMITH"},{"data":"ats:Ambush","floor":23.0,"key":"SMITH"},{"data":"ats:Demon Strength","floor":32.0,"key":"SMITH"}],"circlet_count":0,"master_deck":["ats:Strike G","ats:Strike S","ats:Armor Crushing Shot","ats:Defend+1","ats:Defend","ats:Defend","ats:Emotion Absorption+1","ats:Poison Spread+1","ats:Curse Doll","ats:Leaping Hammer","TH:CopperCoins","ats:Blood Oath","ats:Overload+1","ats:Ignite+1","ats:Cat Scratch","ats:Powerful Strike+1","TH:DeckOfManyThings","ats:Ambush+1","ats:Soul Absorption+1","ats:Overload+1","ats:Consecutive Shot Auto","ats:Shell Defense+1","TH:DeckOfManyThings","TH:DeckOfManyThings+1","ats:Mental Burst+1","ats:Demon Strength+1","ats:Consecutive Shot Auto","TH:CursedSword","ats:Dogmatic Field","ats:Song Of Battle+1","ats:Closed Bolt Burst Fire+1","ats:Composite Medical Shells+1","ats:Encircling Forest+1","TH:DeckOfManyThings","ats:Assault Order+1","ats:Sashimi Platter"],"relics":["ats:Sanity","DaveBox","MetatronsCube","Omamori","SynthV:TestCard","ats:Originium","infinitespire:Beetle Shell","ats:Bonebreaker","halation:HeavySnake","Cursed Key","Calipers","ats:Berate","DianPoetry","hubris:GrandSneckoEye","halation:PinkSoulGem","Pantograph","halation:KoshaPiece"],"acts_visited":["Exordium","TheCity","TheBeyond"],"potions_floor_usage":[],"damage_taken":[{"damage":0.0,"enemies":"2 Louse","floor":1.0,"turns":3.0},{"damage":0.0,"enemies":"Small Slimes","floor":2.0,"turns":3.0},{"damage":1.0,"enemies":"Cultist","floor":3.0,"turns":3.0},{"damage":27.0,"enemies":"3 Sentries","floor":6.0,"turns":8.0},{"damage":10.0,"enemies":"Looter","floor":11.0,"turns":2.0},{"damage":5.0,"enemies":"Blue Slaver","floor":14.0,"turns":2.0},{"damage":26.0,"enemies":"Slime Boss","floor":16.0,"turns":9.0},{"damage":9.0,"enemies":"conspire:FuzzyDice","floor":18.0,"turns":4.0},{"damage":24.0,"enemies":"2 Thieves","floor":19.0,"turns":4.0},{"damage":3.0,"enemies":"Snake Plant","floor":21.0,"turns":3.0},{"damage":10.0,"enemies":"Cultist and Chosen","floor":28.0,"turns":3.0},{"damage":0.0,"enemies":"Centurion and Healer","floor":30.0,"turns":2.0},{"damage":0.0,"enemies":"Snecko","floor":31.0,"turns":2.0},{"damage":5.0,"enemies":"hubris:MusketHawk","floor":33.0,"turns":4.0},{"damage":25.0,"enemies":"3 Shapes","floor":35.0,"turns":2.0},{"damage":16.0,"enemies":"3 Darklings","floor":36.0,"turns":3.0},{"damage":22.0,"enemies":"conspire:MimicChest","floor":38.0,"turns":6.0},{"damage":21.0,"enemies":"Writhing Mass","floor":39.0,"turns":4.0},{"damage":11.0,"enemies":"Nemesis","floor":40.0,"turns":5.0},{"damage":5,"enemies":"Maw","floor":41,"turns":6},{"damage":59,"enemies":"Reptomancer","floor":42,"turns":2}],"seed_played":"-4372330781285965111","potions_obtained":[{"floor":3.0,"key":"Block Potion"},{"floor":14.0,"key":"SmokeBomb"},{"floor":16.0,"key":"FearPotion"},{"floor":18.0,"key":"Swift Potion"},{"floor":28.0,"key":"GamblersBrew"},{"floor":35.0,"key":"Energy Potion"},{"floor":38.0,"key":"Regen Potion"},{"floor":39.0,"key":"ats:Top Emergency Sanity Potion"}],"is_trial":false,"path_per_floor":["M","M","M","?","?","E","$","?","T","R","M","R","?","M","R","B",null,"M","M","?","M","AVR","R","?","$","T","T","M","?","M","M","R","B",null,"M","M","?","?","M","E","M","E"],"character_chosen":"DOCTOR_CLASS","items_purchased":["ats:Overload","ats:Ignite","ats:Berate","ats:Shell Defense"],"campfire_rested":1,"item_purchase_floors":[7,7,25,25],"current_hp_per_floor":[72,72,71,71,71,44,44,44,44,44,34,55,55,50,50,33,72,69,48,48,45,45,45,28,28,28,28,21,45,45,48,48,46,72,47,33,33,54,39,38,48,0,0],"gold":349,"neow_bonus":"RANDOM_COMMON_RELIC","is_daily":false,"chose_seed":false,"campfire_upgraded":4,"win_rate":0.0,"timestamp":1613237227,"path_taken":["M","M","M","?","?","E","$","?","T","R","M","R","?","?","R","BOSS","M","M","?","M","AVR","R","?","?","T","?","?","?","M","M","R","BOSS","M","M","?","?","M","E","M","E"],"items_purchased_type":["Card","Card","Relic","Card"],"build_version":"2020-12-22","purchased_purges":0,"victory":false,"max_hp_per_floor":[72,72,72,72,72,72,72,72,72,72,72,72,72,72,72,72,72,72,72,72,72,72,72,72,72,72,72,72,72,72,72,72,72,72,72,72,72,72,72,72,72,72,72],"relic_stats":{"counters":[21,80],"Pantograph":0,"Cursed Key":2,"obtain_stats":[{"Calipers":22,"DaveBox":0,"DianPoetry":27,"infinitespire:Beetle Shell":6,"Omamori":0,"Cursed Key":22,"halation:HeavySnake":17,"SynthV:TestCard":1,"ats:Originium":6,"ats:Berate":25,"Pantograph":38,"hubris:GrandSneckoEye":34,"halation:KoshaPiece":40,"ats:Sanity":0,"ats:Bonebreaker":9,"halation:PinkSoulGem":37,"MetatronsCube":16},{"Calipers":10,"DaveBox":0,"DianPoetry":10,"infinitespire:Beetle Shell":4,"Omamori":0,"Cursed Key":10,"halation:HeavySnake":7,"SynthV:TestCard":1,"ats:Originium":4,"ats:Berate":10,"Pantograph":17,"hubris:GrandSneckoEye":14,"halation:KoshaPiece":19,"ats:Sanity":0,"ats:Bonebreaker":4,"halation:PinkSoulGem":16,"MetatronsCube":7},{"Calipers":41,"DaveBox":0,"DianPoetry":41,"infinitespire:Beetle Shell":17,"Omamori":0,"Cursed Key":41,"halation:HeavySnake":30,"SynthV:TestCard":3,"ats:Originium":17,"ats:Berate":41,"Pantograph":63,"hubris:GrandSneckoEye":52,"halation:KoshaPiece":72,"ats:Sanity":0,"ats:Bonebreaker":17,"halation:PinkSoulGem":57,"MetatronsCube":22}]},"card_choices":[{"not_picked":["ats:Assault Order","ats:Revitalization"],"picked":"ats:Poison Spread","floor":1.0},{"not_picked":["ats:Apocalypse","ats:Revitalization","ats:Guard Mode","ats:Very Hot Blade"],"picked":"ats:Curse Doll","floor":2.0},{"not_picked":["ats:Support Order","ats:Cat Scratch","ats:Automatic Cover","ats:Collapsing Strike"],"picked":"ats:Leaping Hammer","floor":3.0},{"not_picked":["TH:PixieDust","TH:CursedSword","TH:ArmorSpikes"],"picked":"TH:CopperCoins","floor":6.0},{"not_picked":["ats:Guard Mode","ats:Part Time Job","ats:Sword Rain","ats:Demon Strength"],"picked":"ats:Blood Oath","floor":6.0},{"not_picked":["TH:BikiniMail","TH:Mimic","TH:ArmorSpikes","TH:TreasureMap"],"picked":"SKIP","floor":9.0},{"not_picked":["ats:Absolute Focus","ats:Leaping Hammer","ats:Hammer On","ats:Blood Oath"],"picked":"ats:Cat Scratch","floor":11.0},{"not_picked":["ats:Apocalypse","ats:Disruption Kick","ats:Cat Scratch","ats:Explosion Area Strengthen"],"picked":"ats:Powerful Strike","floor":14.0},{"not_picked":["TH:BikiniMail","TH:PixieDust","TH:CursedSword"],"picked":"TH:DeckOfManyThings","floor":16.0},{"not_picked":["ats:Fractured Body","ats:Roar Of Ursus","ats:Rat Pack","ats:Disruption Kick"],"picked":"ats:Ambush","floor":16.0},{"not_picked":["ats:Cat Scratch","ats:Very Hot Blade+1","ats:Literary Storm","ats:Blood Oath+1"],"picked":"ats:Soul Absorption+1","floor":18.0},{"not_picked":["ats:Encircling Forest","ats:Sunburst","ats:LN2 Cannon+1","ats:Phantom+1"],"picked":"ats:Overload+1","floor":19.0},{"not_picked":["ats:Literary Storm","ats:Explosion Area Strengthen","ats:Cat Scratch+1","ats:Absolute Focus"],"picked":"ats:Consecutive Shot Auto","floor":21.0},{"not_picked":["TH:CursedSword","TH:TreasureMap","TH:CopperCoins"],"picked":"TH:DeckOfManyThings","floor":26.0},{"not_picked":["TH:BikiniMail","TH:CursedSword","TH:PixieDust"],"picked":"TH:DeckOfManyThings","floor":27.0},{"not_picked":["ats:Curse Doll","ats:Ignite","ats:True Silver Slash","ats:Explosion Area Strengthen"],"picked":"ats:Mental Burst+1","floor":28.0},{"not_picked":["ats:Blood Oath+1","ats:Very Hot Blade","ats:Mental Burst+1","ats:Curse Doll"],"picked":"ats:Demon Strength","floor":30.0},{"not_picked":["ats:Powerful Strike","ats:Curse Doll","ats:Flame Of Heaven","ats:Shadow Raid"],"picked":"ats:Consecutive Shot Auto","floor":31.0},{"not_picked":["TH:TreasureMap","TH:ElvenBoots","TH:PixieDust"],"picked":"TH:CursedSword","floor":33.0},{"not_picked":["ats:Volcano","ats:Nebulous Foxfire","ats:Durian","ats:Echo Reverb"],"picked":"ats:Dogmatic Field","floor":33.0},{"not_picked":["ats:Soul Absorption+1","ats:Explosion Area Strengthen","ats:Automatic Cover","ats:Absolute Focus+1"],"picked":"ats:Song Of Battle+1","floor":35.0},{"not_picked":["ats:Guard Mode+1","ats:Hammer On+1","ats:Directed Diagnosis+1","ats:Leaping Hammer+1"],"picked":"ats:Closed Bolt Burst Fire+1","floor":36.0},{"not_picked":["ats:Blood Oath","ats:Phantom","ats:Ignite+1","ats:Closed Bolt Burst Fire"],"picked":"ats:Composite Medical Shells+1","floor":38.0},{"not_picked":["ats:Closed Bolt Burst Fire+1","ats:Poison Spread","ats:Magnetic Hammer+1","ats:Steam Pump"],"picked":"ats:Encircling Forest+1","floor":39.0},{"not_picked":["TH:Mimic","TH:ElvenBoots","TH:EnergyPotion"],"picked":"TH:DeckOfManyThings","floor":40.0},{"not_picked":["ats:Thermite Blade","ats:Composite Medical Shells","ats:Absolute Focus+1","ats:Closed Bolt Burst Fire+1"],"picked":"ats:Assault Order+1","floor":40.0},{"not_picked":["ats:Revitalization+1","ats:Assault Order","ats:Automatic Cover","ats:Burning Ground"],"picked":"ats:Sashimi Platter","floor":41}],"player_experience":334414,"relics_obtained":[{"floor":1.0,"key":"SynthV:TestCard"},{"floor":6.0,"key":"ats:Originium"},{"floor":6.0,"key":"infinitespire:Beetle Shell"},{"floor":9.0,"key":"ats:Bonebreaker"},{"floor":27.0,"key":"DianPoetry"},{"floor":38.0,"key":"Pantograph"},{"floor":40.0,"key":"ats:Originium"},{"floor":40.0,"key":"halation:KoshaPiece"}],"event_choices":[{"cards_removed":["ats:Strike V"],"damage_healed":0.0,"max_hp_gain":0.0,"max_hp_loss":0.0,"gold_gain":0.0,"event_name":"The Cleric","player_choice":"Card Removal","floor":4.0,"gold_loss":50.0,"damage_taken":0.0},{"damage_healed":0.0,"max_hp_gain":0.0,"max_hp_loss":0.0,"gold_gain":0.0,"event_name":"conspire:LoneGhost","player_choice":"Disagree","floor":5.0,"gold_loss":0.0,"damage_taken":0.0},{"damage_healed":0.0,"max_hp_gain":0.0,"max_hp_loss":0.0,"gold_gain":0.0,"event_name":"conspire:Investor","player_choice":"Leave","floor":8.0,"gold_loss":0.0,"damage_taken":0.0},{"cards_removed":["ats:Defend"],"damage_healed":0.0,"max_hp_gain":0.0,"max_hp_loss":0.0,"gold_gain":0.0,"event_name":"Purifier","player_choice":"Purged","floor":13.0,"gold_loss":0.0,"damage_taken":0.0},{"cards_removed":["ats:Strike C"],"damage_healed":0.0,"max_hp_gain":0.0,"max_hp_loss":0.0,"gold_gain":0.0,"event_name":"betterThird:BetterWriting","player_choice":"Elegance","floor":20.0,"gold_loss":0.0,"damage_taken":0.0},{"damage_healed":0.0,"max_hp_gain":45.0,"max_hp_loss":28.0,"gold_gain":0.0,"event_name":"betterAltar:BetterAltar","player_choice":" Potion ","floor":24.0,"potions_obtained":["betterAltar:AltarPotion"],"relics_lost":[],"gold_loss":0.0,"damage_taken":17.0,"relics_obtained":[]},{"damage_healed":24.0,"max_hp_gain":0.0,"max_hp_loss":0.0,"gold_gain":0.0,"event_name":"The Library","player_choice":"Heal","floor":29.0,"gold_loss":0.0,"damage_taken":0.0}],"is_beta":false,"boss_relics":[{"not_picked":["halation:LoveArrow","hubris:HollowSoul"],"picked":"halation:HeavySnake"},{"not_picked":["halation:ForbiddenBikini","halation:Yufonium"],"picked":"hubris:GrandSneckoEye"}],"items_purged_floors":[],"is_endless":false,"potions_floor_spawned":[3,14,16,18,28,35,38,39,41],"killed_by":"Reptomancer","ascension_level":0}}