{"host":"gfxjwtol062e9znw","time":1613193032,"event":{"mods":["BaseMod","Colored Map","Minty Spire (QoL Compilation)","Rare Cards Sparkle","StSLib"],"gold_per_floor":[118,130,130,146,163,163,181,181,181,198,231,247,575,588,588,693,693,703,294,308,308,308,338,355,355,432,445,445,445],"floor_reached":28,"language":"ENG","playtime":1136,"items_purged":["Defend_R"],"score":394,"play_id":"d53f8990-6c11-4a52-8f51-699bb4acfb19","local_time":"20210213161032","is_ascension_mode":true,"campfire_choices":[{"data":"Clothesline","floor":6.0,"key":"SMITH"},{"floor":8.0,"key":"REST"},{"floor":15.0,"key":"REST"},{"floor":25.0,"key":"REST"}],"circlet_count":0,"master_deck":["AscendersBane","Strike_R","Strike_R","Strike_R","Strike_R","Strike_R","Defend_R","Defend_R","Bash","Clothesline+1","Whirlwind+1","Shrug It Off","Cleave","Pommel Strike","Carnage","Immolate","Ghostly Armor","Limit Break","Inflame+1","Secret Technique","Whirlwind","J.A.X.","Warcry"],"relics":["Burning Blood","Frozen Egg 2","Orichalcum","Old Coin","Mark of Pain","Singing Bowl","Gremlin Horn","White Beast Statue"],"acts_visited":["Exordium","TheCity"],"potions_floor_usage":[],"damage_taken":[{"damage":5.0,"enemies":"Small Slimes","floor":1.0,"turns":4.0},{"damage":8.0,"enemies":"Jaw Worm","floor":2.0,"turns":5.0},{"damage":1.0,"enemies":"Cultist","floor":4.0,"turns":3.0},{"damage":11.0,"enemies":"Looter","floor":5.0,"turns":3.0},{"damage":11.0,"enemies":"Blue Slaver","floor":7.0,"turns":4.0},{"damage":0.0,"enemies":"2 Fungi Beasts","floor":10.0,"turns":2.0},{"damage":35.0,"enemies":"Lagavulin","floor":11.0,"turns":6.0},{"damage":9.0,"enemies":"Looter","floor":12.0,"turns":3.0},{"damage":4.0,"enemies":"3 Sentries","floor":13.0,"turns":3.0},{"damage":5.0,"enemies":"Gremlin Gang","floor":14.0,"turns":3.0},{"damage":33.0,"enemies":"Slime Boss","floor":16.0,"turns":10.0},{"damage":8.0,"enemies":"Chosen","floor":18.0,"turns":4.0},{"damage":17.0,"enemies":"Shell Parasite","floor":20.0,"turns":5.0},{"damage":57.0,"enemies":"Gremlin Leader","floor":23.0,"turns":4.0},{"damage":14.0,"enemies":"Centurion and Healer","floor":24.0,"turns":4.0},{"damage":18.0,"enemies":"Snake Plant","floor":27.0,"turns":4.0},{"damage":45,"enemies":"Shelled Parasite and Fungi","floor":28,"turns":3}],"seed_played":"-7205830204624683007","potions_obtained":[{"floor":4.0,"key":"SpeedPotion"},{"floor":7.0,"key":"Block Potion"},{"floor":12.0,"key":"ColorlessPotion"},{"floor":13.0,"key":"DistilledChaos"},{"floor":16.0,"key":"AttackPotion"},{"floor":24.0,"key":"BlessingOfTheForge"},{"floor":27.0,"key":"Fruit Juice"}],"is_trial":false,"path_per_floor":["M","M","?","M","M","R","M","R","T","M","E","M","E","M","R","B",null,"M","$","M","?","T","E","M","R","T","M","M"],"character_chosen":"IRONCLAD","items_purchased":["Regen Potion","Secret Technique","Whirlwind"],"campfire_rested":3,"item_purchase_floors":[19,19,19],"current_hp_per_floor":[73,71,71,76,71,71,66,80,80,80,51,48,50,51,75,48,72,70,70,59,59,59,22,16,41,41,34,0,0],"gold":445,"neow_bonus":"REMOVE_CARD","is_daily":false,"chose_seed":false,"campfire_upgraded":1,"win_rate":0.0,"timestamp":1613193032,"path_taken":["M","M","?","M","M","R","M","R","T","M","E","M","E","M","R","BOSS","M","$","M","?","?","E","M","R","T","M","M"],"items_purchased_type":["Potion","Card","Card"],"build_version":"2020-12-22","purchased_purges":1,"victory":false,"max_hp_per_floor":[80,80,80,80,80,80,80,80,80,80,80,80,80,80,80,80,80,80,80,80,80,80,82,84,84,84,89,89,89],"card_choices":[{"not_picked":["Flex","Dual Wield"],"picked":"Clothesline","floor":1.0},{"not_picked":["Heavy Blade","Perfected Strike"],"picked":"Whirlwind","floor":2.0},{"not_picked":["Anger","Clash"],"picked":"Shrug It Off","floor":4.0},{"not_picked":["Inflame","Pommel Strike"],"picked":"Cleave","floor":5.0},{"not_picked":["Sword Boomerang","Evolve"],"picked":"Pommel Strike","floor":7.0},{"not_picked":["Havoc","Sword Boomerang","Heavy Blade"],"picked":"SKIP","floor":10.0},{"not_picked":["Clothesline","Disarm"],"picked":"Carnage","floor":11.0},{"not_picked":["Perfected Strike","Heavy Blade"],"picked":"Immolate","floor":12.0},{"not_picked":["Bloodletting","Blood for Blood","Searing Blow"],"picked":"SKIP","floor":13.0},{"not_picked":["Infernal Blade","Havoc"],"picked":"Ghostly Armor","floor":14.0},{"not_picked":["Fiend Fire","Juggernaut+1"],"picked":"Limit Break","floor":16.0},{"not_picked":["Anger+1","Thunderclap"],"picked":"Inflame+1","floor":18.0},{"not_picked":["Twin Strike","Sever Soul","Sentinel+1"],"picked":"SKIP","floor":20.0},{"not_picked":["Combust+1","Pommel Strike","Body Slam"],"picked":"Singing Bowl","floor":23.0},{"not_picked":["Pommel Strike","Havoc","Evolve+1"],"picked":"Singing Bowl","floor":24.0},{"not_picked":["Anger","Twin Strike"],"picked":"Warcry","floor":27.0}],"player_experience":161701,"relics_obtained":[{"floor":9.0,"key":"Frozen Egg 2"},{"floor":11.0,"key":"Orichalcum"},{"floor":13.0,"key":"Old Coin"},{"floor":22.0,"key":"Singing Bowl"},{"floor":23.0,"key":"Gremlin Horn"},{"floor":26.0,"key":"White Beast Statue"}],"event_choices":[{"damage_healed":0.0,"max_hp_gain":0.0,"max_hp_loss":0.0,"gold_gain":0.0,"event_name":"Living Wall","player_choice":"Grow","floor":3.0,"gold_loss":0.0,"damage_taken":0.0,"cards_upgraded":["Whirlwind"]},{"damage_healed":0.0,"max_hp_gain":0.0,"max_hp_loss":0.0,"gold_gain":0.0,"event_name":"Drug Dealer","player_choice":"Obtain J.A.X.","floor":21.0,"gold_loss":0.0,"damage_taken":0.0,"cards_obtained":["J.A.X."]}],"is_beta":false,"boss_relics":[{"not_picked":["Philosopher\u0027s Stone","SacredBark"],"picked":"Mark of Pain"}],"items_purged_floors":[19],"is_endless":false,"potions_floor_spawned":[4,7,12,13,16,24,27],"killed_by":"Shelled Parasite and Fungi","ascension_level":11}}