{"host":"gg","time":1613249435,"event":{"mods":["BaseMod","Colored Map","Googly Eyes","Minty Spire (QoL Compilation)","Relic Stats","The IronCluck"],"gold_per_floor":[110,125,145,110,110,145,145,174,174,174,174],"floor_reached":10,"language":"ENG","playtime":604,"items_purged":[],"score":152,"play_id":"2ee9a4c2-fe11-4fe7-8701-ba9670b2442a","local_time":"20210213125035","is_ascension_mode":true,"campfire_choices":[{"data":"CrushJoints","floor":7.0,"key":"SMITH"}],"circlet_count":0,"master_deck":["AscendersBane","Strike_P","Strike_P","Strike_P","Strike_P","Defend_P","Defend_P","Defend_P","Eruption","Vigilance","CrushJoints+1","FlurryOfBlows","Indignation","MasterReality","InnerPeace","TalkToTheHand"],"relics":["Coffee Dripper","InkBottle","Damaru","White Beast Statue"],"acts_visited":["Exordium"],"potions_floor_usage":[8,10],"damage_taken":[{"damage":7.0,"enemies":"Jaw Worm","floor":1.0,"turns":3.0},{"damage":0.0,"enemies":"2 Louse","floor":2.0,"turns":2.0},{"damage":0.0,"enemies":"Cultist","floor":3.0,"turns":3.0},{"damage":52.0,"enemies":"3 Sentries","floor":6.0,"turns":9.0},{"damage":12,"enemies":"Gremlin Nob","floor":8,"turns":3},{"damage":10,"enemies":"Lagavulin","floor":10,"turns":5}],"seed_played":"-3432631141107250555","potions_obtained":[{"floor":1.0,"key":"Weak Potion"},{"floor":8,"key":"EssenceOfSteel"}],"is_trial":false,"path_per_floor":["M","M","M","?","?","E","R","E","T","E"],"character_chosen":"WATCHER","items_purchased":[],"campfire_rested":0,"item_purchase_floors":[],"current_hp_per_floor":[54,54,54,68,68,16,16,4,4,0,0],"gold":174,"neow_bonus":"BOSS_RELIC","is_daily":false,"chose_seed":false,"campfire_upgraded":1,"win_rate":0.0,"timestamp":1613249435,"path_taken":["M","M","M","?","?","E","R","E","T","E"],"items_purchased_type":[],"build_version":"2020-12-18","purchased_purges":0,"victory":false,"max_hp_per_floor":[68,68,68,68,68,68,68,68,68,68,68],"relic_stats":{"counters":[6,25],"obtain_stats":[{"Damaru":8,"Coffee Dripper":0,"PureWater":0,"InkBottle":6,"White Beast Statue":9},{"Damaru":5,"Coffee Dripper":0,"PureWater":0,"InkBottle":4,"White Beast Statue":5},{"Damaru":20,"Coffee Dripper":0,"PureWater":0,"InkBottle":17,"White Beast Statue":20}],"InkBottle":[3]},"card_choices":[{"not_picked":["Nirvana","Protect"],"picked":"CrushJoints","floor":1.0},{"not_picked":["FlyingSleeves","Vengeance"],"picked":"FlurryOfBlows","floor":2.0},{"not_picked":["WreathOfFlame","Indignation","CrushJoints"],"picked":"SKIP","floor":3.0},{"not_picked":["WreathOfFlame","CrushJoints"],"picked":"Indignation","floor":3.0},{"not_picked":["Collect","Indignation"],"picked":"InnerPeace","floor":6.0},{"not_picked":["SashWhip","Scrawl"],"picked":"TalkToTheHand","floor":8}],"player_experience":1328377,"relics_obtained":[{"floor":6.0,"key":"InkBottle"},{"floor":8,"key":"Damaru"},{"floor":9,"key":"White Beast Statue"}],"event_choices":[{"damage_healed":17.0,"max_hp_gain":0.0,"max_hp_loss":0.0,"gold_gain":0.0,"event_name":"The Cleric","player_choice":"Healed","floor":4.0,"gold_loss":35.0,"damage_taken":0.0},{"damage_healed":0.0,"max_hp_gain":0.0,"max_hp_loss":0.0,"gold_gain":0.0,"cards_transformed":["Defend_P"],"event_name":"Living Wall","player_choice":"Change","floor":5.0,"gold_loss":0.0,"damage_taken":0.0,"cards_obtained":["MasterReality"]}],"is_beta":true,"boss_relics":[],"items_purged_floors":[],"is_endless":false,"potions_floor_spawned":[1,8],"killed_by":"Lagavulin","ascension_level":20}}