{"host":"f8toxsj3bk02pkeu","time":1613230714,"event":{"mods":["BaseMod","Minty Spire (QoL Compilation)","Permanent Neow","Quick Restart","StSLib","SuperFastMode"],"gold_per_floor":[109,384,397,410,410,410,410,410,410,423,423,423,143,155,155,231,231,251,266,266,266,316,316,331,14,14,14,28,41,41,51,51,123,123,139,150,167,67,82,82,82,82],"floor_reached":41,"language":"ENG","playtime":1272,"items_purged":["Strike_G","Injury"],"score":820,"play_id":"de5d848b-9437-4da5-835f-271807014367","local_time":"20210213083834","is_ascension_mode":true,"campfire_choices":[{"data":"Neutralize","floor":6.0,"key":"SMITH"},{"data":"Deadly Poison","floor":8.0,"key":"SMITH"},{"data":"Corpse Explosion","floor":11.0,"key":"SMITH"},{"data":"Escape Plan","floor":15.0,"key":"SMITH"},{"floor":23,"key":"REST"},{"floor":27,"key":"REST"},{"data":"Catalyst","floor":30,"key":"SMITH"},{"data":"Burst","floor":32,"key":"SMITH"},{"floor":40,"key":"RECALL"}],"circlet_count":0,"master_deck":["AscendersBane","Strike_G+1","Strike_G+1","Strike_G+1","Defend_G+1","Defend_G+1","Defend_G+1","Defend_G+1","Defend_G+1","Survivor","Neutralize+1","Flying Knee","Deadly Poison+1","Backflip","Corpse Explosion+1","Escape Plan+1","Burst+1","Acrobatics+1","Catalyst+1","Deadly Poison+1","Flying Knee+1","Poisoned Stab+1"],"relics":["Philosopher\u0027s Stone","HornCleat","ClockworkSouvenir","Cursed Key","Incense Burner","Torii","SlaversCollar"],"acts_visited":["Exordium","TheCity","TheBeyond"],"potions_floor_usage":[28],"damage_taken":[{"damage":0.0,"enemies":"Jaw Worm","floor":1.0,"turns":4.0},{"damage":8.0,"enemies":"Cultist","floor":3.0,"turns":4.0},{"damage":14.0,"enemies":"Small Slimes","floor":4.0,"turns":2.0},{"damage":0.0,"enemies":"Blue Slaver","floor":10.0,"turns":4.0},{"damage":1.0,"enemies":"Gremlin Gang","floor":14.0,"turns":3.0},{"damage":16.0,"enemies":"Hexaghost","floor":16.0,"turns":9.0},{"damage":9.0,"enemies":"Shell Parasite","floor":18.0,"turns":5.0},{"damage":0.0,"enemies":"Spheric Guardian","floor":19.0,"turns":3.0},{"damage":9,"enemies":"Cultist and Chosen","floor":24,"turns":5},{"damage":0,"enemies":"Centurion and Healer","floor":28,"turns":4},{"damage":0,"enemies":"Snake Plant","floor":29,"turns":3},{"damage":0,"enemies":"Chosen and Byrds","floor":31,"turns":3},{"damage":10,"enemies":"Automaton","floor":33,"turns":6},{"damage":0,"enemies":"Orb Walker","floor":35,"turns":2},{"damage":0,"enemies":"3 Shapes","floor":36,"turns":4},{"damage":9,"enemies":"Maw","floor":37,"turns":6},{"damage":0,"enemies":"Sphere and 2 Shapes","floor":39,"turns":3},{"damage":57,"enemies":"Nemesis","floor":41,"turns":9}],"seed_played":"-3189870323774377107","potions_obtained":[{"floor":3.0,"key":"Poison Potion"},{"floor":10.0,"key":"SteroidPotion"},{"floor":24,"key":"Weak Potion"},{"floor":29,"key":"Energy Potion"},{"floor":31,"key":"AttackPotion"}],"is_trial":false,"path_per_floor":["M","?","M","M","?","R","?","R","T","M","R","?","$","M","R","B",null,"M","M","?","?","?","R","M","$","T","R","M","M","R","M","R","B",null,"M","M","M","$","M","R","E"],"character_chosen":"THE_SILENT","items_purchased":["ClockworkSouvenir","Escape Plan","Incense Burner"],"campfire_rested":2,"item_purchase_floors":[13,13,25],"current_hp_per_floor":[59,59,51,37,37,37,37,37,37,37,37,28,28,27,27,11,52,43,43,25,25,25,46,37,37,37,58,58,58,58,58,58,48,65,65,65,56,56,56,56,0,0],"gold":82,"neow_bonus":"BOSS_RELIC","is_daily":false,"chose_seed":false,"campfire_upgraded":6,"win_rate":0.0,"timestamp":1613230714,"path_taken":["M","?","?","?","?","R","?","R","T","?","R","?","$","?","R","BOSS","M","M","?","?","?","R","M","$","T","R","M","M","R","M","R","BOSS","M","M","?","$","M","R","E"],"items_purchased_type":["Relic","Card","Relic"],"build_version":"2020-12-22","purchased_purges":2,"victory":false,"max_hp_per_floor":[66,66,66,66,66,66,66,66,66,66,66,66,66,66,66,66,66,66,66,71,71,71,71,71,71,71,71,71,71,71,71,71,71,71,71,71,71,71,71,71,71,71],"card_choices":[{"not_picked":["Quick Slash","Accuracy"],"picked":"Flying Knee","floor":1.0},{"not_picked":["Slice","Dagger Throw"],"picked":"Deadly Poison","floor":3.0},{"not_picked":["Underhanded Strike","Deadly Poison"],"picked":"Backflip","floor":4.0},{"not_picked":["Escape Plan","Acrobatics"],"picked":"Corpse Explosion","floor":10.0},{"not_picked":["All Out Attack","Choke","Underhanded Strike"],"picked":"SKIP","floor":14.0},{"not_picked":["Tools of the Trade","Storm of Steel"],"picked":"Burst","floor":16.0},{"not_picked":["Outmaneuver+1","Calculated Gamble"],"picked":"Acrobatics+1","floor":18.0},{"not_picked":["Sucker Punch","Acrobatics","Accuracy+1"],"picked":"SKIP","floor":19.0},{"not_picked":["Quick Slash","After Image"],"picked":"Catalyst","floor":24},{"not_picked":["Slice+1","Dagger Throw","Finisher+1"],"picked":"SKIP","floor":28},{"not_picked":["Underhanded Strike","PiercingWail+1"],"picked":"Deadly Poison+1","floor":29},{"not_picked":["Endless Agony","Infinite Blades","Slice"],"picked":"SKIP","floor":31},{"not_picked":["Riddle With Holes","Prepared"],"picked":"Flying Knee+1","floor":35},{"not_picked":["Footwork","Sucker Punch+1"],"picked":"Poisoned Stab+1","floor":36},{"not_picked":["Backstab","Outmaneuver+1","Dodge and Roll+1"],"picked":"SKIP","floor":37},{"not_picked":["Caltrops","Outmaneuver+1","Accuracy"],"picked":"SKIP","floor":39}],"player_experience":988838,"relics_obtained":[{"floor":9.0,"key":"HornCleat"},{"floor":26,"key":"Torii"}],"event_choices":[{"damage_healed":0.0,"max_hp_gain":0.0,"max_hp_loss":0.0,"gold_gain":275.0,"event_name":"Golden Shrine","player_choice":"Desecrate","floor":2.0,"gold_loss":0.0,"damage_taken":0.0,"cards_obtained":["Regret"]},{"cards_removed":["Regret"],"damage_healed":0.0,"max_hp_gain":0.0,"max_hp_loss":0.0,"gold_gain":0.0,"event_name":"Living Wall","player_choice":"Forget","floor":5.0,"gold_loss":0.0,"damage_taken":0.0},{"cards_removed":["Strike_G"],"damage_healed":0.0,"max_hp_gain":0.0,"max_hp_loss":0.0,"gold_gain":0.0,"event_name":"Purifier","player_choice":"Purged","floor":7.0,"gold_loss":0.0,"damage_taken":0.0},{"damage_healed":0.0,"max_hp_gain":0.0,"max_hp_loss":0.0,"gold_gain":0.0,"event_name":"Wheel of Change","player_choice":"Damaged","floor":12.0,"gold_loss":0.0,"damage_taken":9.0},{"damage_healed":0.0,"max_hp_gain":5.0,"max_hp_loss":0.0,"gold_gain":0.0,"event_name":"Forgotten Altar","player_choice":"Shed Blood","floor":20.0,"gold_loss":0.0,"damage_taken":23.0},{"damage_healed":0.0,"max_hp_gain":0.0,"max_hp_loss":0.0,"gold_gain":0.0,"event_name":"Back to Basics","player_choice":"Simplicity","floor":21.0,"gold_loss":0.0,"damage_taken":0.0,"cards_upgraded":["Strike_G","Strike_G","Strike_G","Defend_G","Defend_G","Defend_G","Defend_G","Defend_G"]},{"damage_healed":0,"gold_gain":100,"player_choice":"Bet on Murderer","damage_taken":0,"max_hp_gain":0,"max_hp_loss":0,"event_name":"The Joust","floor":22,"gold_loss":50}],"is_beta":false,"boss_relics":[{"not_picked":["Empty Cage","Calling Bell"],"picked":"Cursed Key"},{"not_picked":["SacredBark","Velvet Choker"],"picked":"SlaversCollar"}],"items_purged_floors":[13,38],"is_endless":false,"potions_floor_spawned":[3,10,24,29,31,36],"killed_by":"Nemesis","ascension_level":20}}