{"host":"rjfefv2ruvigm2gb","time":1613193534,"event":{"mods":["AlwaysNeverKeys","BaseMod","Better Note","Better Third Choice","BetterRewards","Block Reminder","Bossed Relics","Colored Map","Colored Powertips","Curses Come First","Displayed Cursed Tome","Downfall","Fox Events","Gold Saver","Googly Eyes","Highlight Path","Minty Spire (QoL Compilation)","Permanent Neow","Quick Restart","Relic Stats","Reliquary","Shop Mod","Small Relic Pack","StSLib","SuperFastMode","Transform Curses","Uncapped","Virulent Crown"],"gold_per_floor":[1140,739,739,754,313,339,339,367,413,428,444,454,482,505,505,577,577,591,417,417,432,482,515,531,531,531,561,571,571,571,589,589,662,662,681,700,604,622,622,622,652,652,675,686,686,706,706,706],"floor_reached":47,"language":"ENG","playtime":2468,"items_purged":["Strike_P","Strike_P"],"score":1130,"play_id":"b7633551-2690-4e9b-a3b8-55fb2f27142e","local_time":"20210212231854","is_ascension_mode":true,"campfire_choices":[{"data":"Eruption","floor":7.0,"key":"SMITH"},{"floor":15,"key":"REST"},{"floor":25,"key":"REST"},{"floor":30,"key":"REST"},{"floor":32,"key":"REST"},{"floor":40,"key":"REST"},{"floor":45,"key":"REST"}],"circlet_count":0,"master_deck":["AscendersBane","Strike_P+1","Strike_P+1","Defend_P+1","Defend_P","Defend_P+1","Eruption+1","Vigilance+1","Consecrate+1","FollowUp+1","Eruption+1","LessonLearned+1","DeceiveReality","ClearTheMind+1","EmptyBody+1","FollowUp+1","ReachHeaven","BattleHymn","CutThroughFate+1","EmptyMind","Devotion","Vault","LikeWater"],"relics":["PureWater","reliquary:RoseTintedGlasses","hexamod:CandleOfCauterizing","Anchor","Regal Pillow","reliquary:PartyBalloon","relicPack:DarknessArmor","Orichalcum","Art of War","Odd Mushroom","Busted Crown","Gremlin Horn","MealTicket","Tiny House","MerchantsRug","Bottled Tornado","Potion Belt"],"acts_visited":["Exordium","TheCity","TheBeyond"],"potions_floor_usage":[16,16,23,27,33,33,41,47],"damage_taken":[{"damage":4.0,"enemies":"Small Slimes","floor":1.0,"turns":5.0},{"damage":0.0,"enemies":"Cultist","floor":4.0,"turns":2.0},{"damage":19.0,"enemies":"3 Sentries","floor":6.0,"turns":8.0},{"damage":0,"enemies":"Gremlin Nob","floor":8,"turns":2},{"damage":3,"enemies":"2 Louse","floor":10,"turns":3},{"damage":0,"enemies":"2 Fungi Beasts","floor":11,"turns":3},{"damage":0,"enemies":"Lots of Slimes","floor":12,"turns":4},{"damage":0,"enemies":"3 Sentries","floor":13,"turns":5},{"damage":0,"enemies":"The Mushroom Lair","floor":14,"turns":3},{"damage":7,"enemies":"Hexaghost","floor":16,"turns":6},{"damage":9,"enemies":"Shell Parasite","floor":18,"turns":5},{"damage":0,"enemies":"Chosen","floor":21,"turns":2},{"damage":38,"enemies":"Book of Stabbing","floor":23,"turns":5},{"damage":2,"enemies":"Snecko","floor":24,"turns":5},{"damage":27,"enemies":"Slavers","floor":27,"turns":4},{"damage":5,"enemies":"Centurion and Healer","floor":28,"turns":6},{"damage":18,"enemies":"Snake Plant","floor":31,"turns":3},{"damage":64,"enemies":"Automaton","floor":33,"turns":8},{"damage":36,"enemies":"3 Darklings","floor":35,"turns":4},{"damage":5,"enemies":"3 Shapes","floor":36,"turns":6},{"damage":23,"enemies":"Jaw Worm Horde","floor":38,"turns":3},{"damage":20,"enemies":"Reptomancer","floor":41,"turns":6},{"damage":3,"enemies":"Sphere and 2 Shapes","floor":44,"turns":3},{"damage":15,"enemies":"Spire Growth","floor":46,"turns":4},{"damage":61,"enemies":"Giant Head","floor":47,"turns":6}],"seed_played":"-128669117292358898","potions_obtained":[{"floor":1.0,"key":"ColorlessPotion"},{"floor":10,"key":"bronze:BurnAndBuffPotion"},{"floor":11,"key":"BlessingOfTheForge"},{"floor":12,"key":"hexamod:SoulburnPotion"},{"floor":16,"key":"ColorlessPotion"},{"floor":18,"key":"GamblersBrew"},{"floor":24,"key":"BottledMiracle"},{"floor":28,"key":"BottledMiracle"},{"floor":33,"key":"Ancient Potion"},{"floor":44,"key":"sneckomod:MuddlingPotion"},{"floor":46,"key":"SteroidPotion"}],"is_trial":false,"path_per_floor":["M","$","?","M","$","E","R","E","T","M","M","M","E","?","R","B",null,"M","$","?","M","?","E","M","R","T","E","M","?","R","M","R","B",null,"M","M","$","M","?","R","E","?","T","M","R","M","E"],"character_chosen":"WATCHER","items_purchased":["hexamod:CandleOfCauterizing","FollowUp","Anchor","Fruit Juice","Regal Pillow","ReachHeaven","MerchantsRug"],"campfire_rested":6,"item_purchase_floors":[2,2,5,5,5,19,37],"current_hp_per_floor":[57,57,57,57,62,43,43,43,43,40,40,40,40,40,73,66,71,62,62,62,62,62,24,22,58,58,31,26,26,62,44,73,9,57,21,16,31,8,8,44,24,24,24,21,57,42,0,0],"gold":706,"neow_bonus":"RANDOM_COMMON_RELIC","is_daily":false,"chose_seed":false,"campfire_upgraded":1,"win_rate":0.0,"timestamp":1613193534,"path_taken":["M","$","?","M","$","E","R","E","T","M","M","?","E","?","R","BOSS","M","$","?","M","?","E","M","R","T","E","M","?","R","M","R","BOSS","M","?","$","M","?","R","E","?","T","M","R","M","E"],"items_purchased_type":["Relic","Card","Relic","Potion","Relic","Card","Relic"],"build_version":"2020-12-22","purchased_purges":2,"victory":false,"max_hp_per_floor":[68,68,68,68,73,73,73,73,73,73,73,73,73,73,73,73,73,73,73,73,73,73,73,73,73,73,73,73,73,73,73,73,73,73,73,73,73,73,73,73,73,73,73,73,73,73,73,73],"relic_stats":{"Regal Pillow":80,"Busted Crown":28,"Gremlin Horn":[17,17],"counters":[25,111],"MealTicket":15,"Art of War":[4],"Orichalcum":[72],"obtain_stats":[{"Potion Belt":43,"MerchantsRug":37,"hexamod:CandleOfCauterizing":2,"Regal Pillow":5,"Tiny House":34,"Gremlin Horn":23,"reliquary:PartyBalloon":6,"relicPack:DarknessArmor":8,"Orichalcum":9,"Odd Mushroom":14,"Bottled Tornado":41,"Anchor":5,"Busted Crown":17,"MealTicket":26,"reliquary:RoseTintedGlasses":0,"Art of War":13,"PureWater":0,"relicPack:NeonSign":27},{"Potion Belt":22,"MerchantsRug":20,"hexamod:CandleOfCauterizing":1,"Regal Pillow":2,"Tiny House":18,"Gremlin Horn":13,"reliquary:PartyBalloon":3,"relicPack:DarknessArmor":4,"Orichalcum":4,"Odd Mushroom":9,"Bottled Tornado":22,"Anchor":2,"Busted Crown":10,"MealTicket":14,"reliquary:RoseTintedGlasses":0,"Art of War":8,"PureWater":0,"relicPack:NeonSign":15},{"Potion Belt":98,"MerchantsRug":89,"hexamod:CandleOfCauterizing":5,"Regal Pillow":7,"Tiny House":79,"Gremlin Horn":53,"reliquary:PartyBalloon":15,"relicPack:DarknessArmor":17,"Orichalcum":17,"Odd Mushroom":35,"Bottled Tornado":98,"Anchor":7,"Busted Crown":41,"MealTicket":58,"reliquary:RoseTintedGlasses":0,"Art of War":32,"PureWater":0,"relicPack:NeonSign":62}]},"card_choices":[{"not_picked":["WheelKick","EmptyFist"],"picked":"Consecrate","floor":1.0},{"not_picked":["Collect","Adaptation","Vengeance"],"picked":"SKIP","floor":4.0},{"not_picked":["Consecrate","Pray"],"picked":"DeceiveReality","floor":6.0},{"not_picked":["Nirvana","Wish"],"picked":"ClearTheMind","floor":8},{"not_picked":["Halt","DeceiveReality","Weave"],"picked":"SKIP","floor":10},{"not_picked":["Indignation","Evaluate","PathToVictory"],"picked":"SKIP","floor":11},{"not_picked":["ClearTheMind","Crescendo","Conclude"],"picked":"SKIP","floor":12},{"not_picked":["CutThroughFate","Collect"],"picked":"EmptyBody","floor":13},{"not_picked":["CutThroughFate","Evaluate"],"picked":"FollowUp","floor":14},{"not_picked":["Protect"],"picked":"SKIP","floor":18},{"not_picked":["BowlingBash"],"picked":"SKIP","floor":21},{"not_picked":["WaveOfTheHand"],"picked":"SKIP","floor":23},{"not_picked":["PathToVictory"],"picked":"SKIP","floor":24},{"not_picked":[],"picked":"EmptyBody","floor":27},{"not_picked":[],"picked":"CutThroughFate","floor":28},{"not_picked":[],"picked":"EmptyMind","floor":31},{"not_picked":[],"picked":"Devotion","floor":33},{"not_picked":["EmptyMind+1"],"picked":"SKIP","floor":35},{"not_picked":["Conclude"],"picked":"SKIP","floor":36},{"not_picked":["ClearTheMind"],"picked":"SKIP","floor":38},{"not_picked":["CrushJoints"],"picked":"SKIP","floor":41},{"not_picked":["CutThroughFate"],"picked":"SKIP","floor":44},{"not_picked":[],"picked":"LikeWater","floor":46}],"player_experience":1107625,"relics_obtained":[{"floor":6.0,"key":"reliquary:PartyBalloon"},{"floor":8,"key":"relicPack:DarknessArmor"},{"floor":9,"key":"Orichalcum"},{"floor":13,"key":"Art of War"},{"floor":14,"key":"Odd Mushroom"},{"floor":23,"key":"Gremlin Horn"},{"floor":26,"key":"MealTicket"},{"floor":27,"key":"relicPack:NeonSign"},{"floor":41,"key":"Bottled Tornado"},{"floor":43,"key":"Potion Belt"}],"event_choices":[{"damage_healed":0.0,"max_hp_gain":0.0,"max_hp_loss":0.0,"gold_gain":0.0,"event_name":"Match and Keep!","player_choice":"2 cards matched","floor":3.0,"gold_loss":0.0,"damage_taken":0.0,"cards_obtained":["Eruption","LessonLearned"]},{"damage_healed":0,"gold_gain":0,"player_choice":"Fought Mushrooms","damage_taken":0,"max_hp_gain":0,"max_hp_loss":0,"event_name":"Mushrooms","floor":14,"gold_loss":0},{"damage_healed":0,"gold_gain":0,"player_choice":"Read","damage_taken":0,"max_hp_gain":0,"max_hp_loss":0,"event_name":"The Library","floor":20,"gold_loss":0,"cards_obtained":["BattleHymn"]},{"damage_healed":0,"gold_gain":50,"player_choice":"Steal","damage_taken":0,"max_hp_gain":0,"max_hp_loss":0,"event_name":"betterThird:BetterNest","floor":22,"gold_loss":0},{"damage_healed":0,"gold_gain":0,"player_choice":"0 cards matched","damage_taken":0,"max_hp_gain":0,"max_hp_loss":0,"event_name":"Match and Keep!","floor":29,"gold_loss":0,"cards_obtained":[]},{"cards_removed":["EmptyBody"],"damage_healed":0,"gold_gain":0,"player_choice":"Removed Skill","damage_taken":0,"max_hp_gain":0,"max_hp_loss":0,"event_name":"Falling","floor":39,"gold_loss":0},{"damage_healed":0,"gold_gain":0,"cards_transformed":["Defend_P"],"player_choice":"Transformed","damage_taken":0,"max_hp_gain":0,"max_hp_loss":0,"event_name":"Transmorgrifier","floor":42,"gold_loss":0,"cards_obtained":["Vault"]}],"is_beta":false,"boss_relics":[{"not_picked":["Ectoplasm","Black Star"],"picked":"Busted Crown"},{"not_picked":["Runic Dome","SacredBark"],"picked":"Tiny House"}],"items_purged_floors":[2,19],"is_endless":false,"potions_floor_spawned":[1,10,11,12,16,18,24,28,33,44,46],"killed_by":"Giant Head","ascension_level":20}}