{"host":"yfdtuf6ojcxn06xg","time":1613189345,"event":{"mods":["2.2 Compatiblity","AchievementEnabler","BaseMod","Colored Map","Colored Powertips","Curses Come First","Hermit","JesterMod","Jorbs\u0027s Wanderer Trilogy","Minty Spire (QoL Compilation)","Quick Restart","Rare Cards Sparkle","Relic Stats","Replay The Spire","StSLib","The Cursed","The Disciple","The Hierophant","The Jungle","The Marked","The Necromancer","The Servant 0.9.4"],"gold_per_floor":[115,115,42,42,42,53,73,73,73,38,38,72,72,97,97,218,218,242,258,258,277,192,192,230,261,296,308,320,351,363,7,7,133,133,151,76,92,105,105,105],"floor_reached":39,"language":"ENG","playtime":1888,"items_purged":["TheCursedMod:Dregs"],"score":549,"play_id":"4fc48bf0-aabd-4ab7-b7d8-d5cc5757b647","local_time":"20210212230905","is_ascension_mode":false,"campfire_choices":[{"data":"Eruption","floor":11,"key":"SMITH"},{"data":"Crescendo","floor":13,"key":"SMITH"},{"data":"Replay:DivineShield","floor":15,"key":"SMITH"},{"data":"Replay:Anticipation","floor":23,"key":"SMITH"},{"data":"FlurryOfBlows","floor":28,"key":"SMITH"},{"data":"Replay:BluntJabs","floor":30,"key":"SMITH"},{"floor":32,"key":"REST"}],"circlet_count":0,"master_deck":["Strike_P+1","Strike_P","Strike_P+1","Defend_P","Defend_P","Defend_P","Eruption+1","Vigilance","FlurryOfBlows+1","Replay:Anticipation+1","Replay:DivineShield+1","EmptyBody","Crescendo+1","FlurryOfBlows+1","Judgement+1","Pot Of Greed","Pot Of Greed","stsjorbsmod:PollutedStrike","TheCursedMod:Dregs","Halt+1","Replay:AtTheReady","FearNoEvil","Replay:Vibes","Establishment+1","Halt+1","Pot Of Greed","Replay:BluntJabs+1","EmptyBody+1","ConjureBlade+1","ClearTheMind","Replay:Battleflow+1","Crescendo"],"relics":["PureWater","Question Card","Replay:Bottled Flurry","Golden Idol","InkBottle","Golden Egg","Replay:Ancient Bell","Grinning Jar","Gremlin Horn","Du-Vu Doll","Art of War","MawBank","Whetstone","Mercury Hourglass","Replay:Grab Bag","Philosopher\u0027s Stone","Cursed Key","SlaversCollar"],"acts_visited":["Exordium","TheCity","TheBeyond"],"potions_floor_usage":[12,21,24,31,39],"damage_taken":[{"damage":2,"enemies":"2 Louse","floor":1,"turns":3},{"damage":3,"enemies":"Jaw Worm","floor":6,"turns":3},{"damage":5,"enemies":"Cultist","floor":7,"turns":3},{"damage":7,"enemies":"Gremlin Nob","floor":12,"turns":4},{"damage":0,"enemies":"Exordium Wildlife","floor":14,"turns":3},{"damage":21,"enemies":"Hexaghost","floor":16,"turns":10},{"damage":0,"enemies":"Shell Parasite","floor":18,"turns":2},{"damage":0,"enemies":"Spheric Guardian","floor":19,"turns":2},{"damage":9,"enemies":"Shelled Parasite and Fungi","floor":21,"turns":4},{"damage":7,"enemies":"Gremlin Leader","floor":24,"turns":5},{"damage":16,"enemies":"Snecko","floor":25,"turns":6},{"damage":0,"enemies":"Cultist and Chosen","floor":29,"turns":4},{"damage":55,"enemies":"Pondfish","floor":33,"turns":8},{"damage":22,"enemies":"3 Darklings","floor":35,"turns":3},{"damage":12,"enemies":"Orb Walker","floor":37,"turns":3},{"damage":24,"enemies":"4 Shapes","floor":38,"turns":3},{"damage":33,"enemies":"Writhing Mass","floor":39,"turns":1}],"seed_played":"902066001061601268","potions_obtained":[{"floor":6,"key":"StancePotion"},{"floor":14,"key":"FearPotion"},{"floor":16,"key":"Block Potion"},{"floor":19,"key":"EssenceOfSteel"},{"floor":33,"key":"FearPotion"},{"floor":35,"key":"Fire Potion"}],"is_trial":false,"path_per_floor":["M","?","$","?","T","M","M","?","T","?","R","E","R","M","R","B",null,"M","M","?","M","?","R","E","M","T","?","R","M","R","$","R","B",null,"M","$","M","M","M"],"character_chosen":"WATCHER","items_purchased":["Replay:Anticipation","EmptyBody","Mercury Hourglass","Fruit Juice"],"campfire_rested":1,"item_purchase_floors":[3,31,31,31],"current_hp_per_floor":[70,63,63,56,56,53,48,48,48,64,64,57,57,57,57,36,67,67,67,67,58,58,58,51,35,35,35,35,35,35,40,61,6,72,50,50,38,14,0,0],"gold":105,"neow_bonus":"REMOVE_CARD","is_daily":false,"chose_seed":false,"campfire_upgraded":6,"win_rate":0.0,"timestamp":1613189345,"path_taken":["M","?","$","?","?","?","M","?","T","?","R","E","R","M","R","BOSS","M","M","?","M","?","R","E","M","T","?","R","?","R","$","R","BOSS","M","$","M","M","M"],"items_purchased_type":["Card","Card","Relic","Potion"],"build_version":"2020-12-22","purchased_purges":1,"victory":false,"max_hp_per_floor":[72,72,72,72,72,72,72,67,67,67,67,67,67,67,67,67,67,67,67,67,67,67,67,67,67,67,67,67,67,67,72,72,72,72,72,72,72,72,72,72],"relic_stats":{"Gremlin Horn":[11,11],"counters":[17,67],"Golden Idol":99,"Art of War":[2],"Whetstone":["Strike_P","Strike_P"],"Question Card":19,"MawBank":84,"Cursed Key":0,"obtain_stats":[{"Golden Egg":12,"Gremlin Horn":17,"Golden Idol":8,"Replay:Grab Bag":34,"Replay:Ancient Bell":17,"Whetstone":26,"Question Card":2,"MawBank":24,"Cursed Key":34,"Mercury Hourglass":31,"Du-Vu Doll":17,"SlaversCollar":34,"Philosopher\u0027s Stone":34,"Replay:Bottled Flurry":5,"Art of War":22,"PureWater":0,"Grinning Jar":17,"InkBottle":9},{"Golden Egg":4,"Gremlin Horn":6,"Golden Idol":3,"Replay:Grab Bag":13,"Replay:Ancient Bell":6,"Whetstone":11,"Question Card":1,"MawBank":10,"Cursed Key":13,"Mercury Hourglass":12,"Du-Vu Doll":6,"SlaversCollar":13,"Philosopher\u0027s Stone":13,"Replay:Bottled Flurry":1,"Art of War":9,"PureWater":0,"Grinning Jar":6,"InkBottle":3},{"Golden Egg":13,"Gremlin Horn":26,"Golden Idol":9,"Replay:Grab Bag":57,"Replay:Ancient Bell":26,"Whetstone":45,"Question Card":3,"MawBank":39,"Cursed Key":57,"Mercury Hourglass":49,"Du-Vu Doll":26,"SlaversCollar":57,"Philosopher\u0027s Stone":57,"Replay:Bottled Flurry":3,"Art of War":34,"PureWater":0,"Grinning Jar":26,"InkBottle":9}],"InkBottle":[29],"Mercury Hourglass":[96]},"card_choices":[{"not_picked":["CrushJoints","FearNoEvil"],"picked":"FlurryOfBlows","floor":1},{"not_picked":["EmptyFist","FlurryOfBlows","CarveReality"],"picked":"Replay:DivineShield","floor":6},{"not_picked":["Pray","Fasting2","PathToVictory"],"picked":"EmptyBody","floor":7},{"not_picked":["Nirvana","Replay:AtTheReady","EmptyFist"],"picked":"Crescendo","floor":12},{"not_picked":["Omniscience","EmptyBody","EmptyMind"],"picked":"FlurryOfBlows","floor":14},{"not_picked":["DevaForm","Blasphemy","Replay:LoomingThreat"],"picked":"Judgement","floor":16},{"not_picked":["Writhe","stsjorbsmod:Withering","CurseOfTheBell"],"picked":"stsjorbsmod:PollutedStrike","floor":17},{"not_picked":["SwitchConfidence","Voices","Shame"],"picked":"TheCursedMod:Dregs","floor":17},{"not_picked":["Overencumbered","Writhe","Amnesia"],"picked":"TheCursedMod:Dregs","floor":17},{"not_picked":["BattleHymn","Consecrate","FlurryOfBlows+1"],"picked":"Halt+1","floor":18},{"not_picked":["Fasting2","Consecrate","Evaluate+1"],"picked":"Replay:AtTheReady","floor":19},{"not_picked":["PathToVictory","FlurryOfBlows","ThirdEye"],"picked":"Replay:Vibes","floor":21},{"not_picked":["CutThroughFate","Prostrate+1","WheelKick"],"picked":"Establishment","floor":24},{"not_picked":["ThirdEye","Nirvana+1","PathToVictory"],"picked":"Halt+1","floor":25},{"not_picked":["CrushJoints+1","ThirdEye","Worship"],"picked":"Replay:BluntJabs","floor":29},{"not_picked":["Blasphemy","Judgement","Establishment"],"picked":"ConjureBlade","floor":33},{"not_picked":["EmptyBody+1","Replay:ManipulateFuture","Replay:BluntJabs+1"],"picked":"ClearTheMind","floor":35},{"not_picked":["WheelKick+1","Protect+1","FearNoEvil"],"picked":"Replay:Battleflow+1","floor":37},{"not_picked":["Meditate","Replay:BluntJabs+1","Study"],"picked":"Crescendo","floor":38}],"player_experience":262567,"relics_obtained":[{"floor":5,"key":"Replay:Bottled Flurry"},{"floor":9,"key":"InkBottle"},{"floor":12,"key":"Golden Egg"},{"floor":24,"key":"MawBank"},{"floor":26,"key":"Whetstone"}],"event_choices":[{"damage_healed":0,"gold_gain":0,"player_choice":"Success","damage_taken":7,"relics_obtained":["Question Card"],"max_hp_gain":0,"max_hp_loss":0,"event_name":"Scrap Ooze","floor":2,"gold_loss":0},{"cards_removed":["Defend_P"],"damage_healed":0,"gold_gain":0,"player_choice":"Card Removal","damage_taken":7,"max_hp_gain":0,"max_hp_loss":0,"event_name":"Golden Wing","floor":4,"gold_loss":0},{"damage_healed":0,"gold_gain":0,"player_choice":"Lose Max HP","damage_taken":0,"relics_obtained":["Golden Idol"],"max_hp_gain":0,"max_hp_loss":5,"event_name":"Golden Idol","floor":8,"gold_loss":0},{"damage_healed":16,"gold_gain":0,"player_choice":"Healed","damage_taken":0,"max_hp_gain":0,"max_hp_loss":0,"event_name":"The Cleric","floor":10,"gold_loss":35},{"damage_healed":0,"gold_gain":0,"player_choice":"Read","damage_taken":0,"max_hp_gain":0,"max_hp_loss":0,"event_name":"The Library","floor":20,"gold_loss":0,"cards_obtained":["FearNoEvil"]},{"damage_healed":0,"gold_gain":0,"player_choice":"Obtained Relic","damage_taken":0,"relics_obtained":["Art of War"],"max_hp_gain":0,"max_hp_loss":0,"event_name":"Addict","floor":22,"gold_loss":85},{"damage_healed":0,"gold_gain":0,"player_choice":"Upgraded","damage_taken":0,"max_hp_gain":0,"max_hp_loss":0,"event_name":"Upgrade Shrine","floor":27,"gold_loss":0,"cards_upgraded":["FlurryOfBlows"]}],"is_beta":false,"boss_relics":[{"not_picked":["Replay:Bronze Core","jesterMod:MachoBrace"],"picked":"Replay:Ancient Bell"},{"not_picked":["War Paint","Replay:Baseball"],"picked":"Grinning Jar"},{"not_picked":["Replay:Accelerometer","Letter Opener"],"picked":"Gremlin Horn"},{"not_picked":["Replay:PocketPolymizer","Ice Cream"],"picked":"Du-Vu Doll"},{"not_picked":["Honey Jar","Abe\u0027s Treasure"],"picked":"Replay:Grab Bag"},{"not_picked":["Painkiller Herb","Replay:Wanted Poster"],"picked":"Philosopher\u0027s Stone"},{"not_picked":["Velvet Choker","Coffee Dripper"],"picked":"Cursed Key"},{"not_picked":["Pandora\u0027s Box","Snecko Eye"],"picked":"SlaversCollar"}],"items_purged_floors":[36],"is_endless":false,"potions_floor_spawned":[6,14,16,19,33,35],"killed_by":"Writhing Mass","ascension_level":0}}