{"host":"s2ap0bnrs90y0f0j","time":1613176803,"event":{"mods":["BaseMod","Minty Spire (QoL Compilation)","Robot Space Explorer","StSLib","TheBandit"],"gold_per_floor":[119,119,119,45,45,45,73,7,77,77,95,113,16,12,12,114,114,127,127,147,158,5,35,35,52,105,105,30,30,30,62,62,62,62],"floor_reached":33,"language":"ENG","playtime":1473,"items_purged":["RobotSpaceExplorer:Strike"],"score":422,"play_id":"cd3ecd69-7577-4139-a4d0-7addca55d732","local_time":"20210212194003","is_ascension_mode":true,"campfire_choices":[{"data":"RobotSpaceExplorer:Pulsar","floor":6,"key":"SMITH"},{"data":"RobotSpaceExplorer:Pulsar","floor":10,"key":"SMITH"},{"data":"RobotSpaceExplorer:Pulsar","floor":15,"key":"SMITH"},{"data":"RobotSpaceExplorer:Blaster","floor":24,"key":"SMITH"},{"data":"RobotSpaceExplorer:ShockMissile","floor":27,"key":"SMITH"},{"data":"RobotSpaceExplorer:Pulsar","floor":29,"key":"SMITH"},{"floor":32,"key":"REST"}],"circlet_count":0,"master_deck":["RobotSpaceExplorer:Strike","RobotSpaceExplorer:Defend","RobotSpaceExplorer:Scan","RobotSpaceExplorer:MiniLasers","RobotSpaceExplorer:Pulsar+1","RobotSpaceExplorer:ScrapToss","RobotSpaceExplorer:Pulsar+1","RobotSpaceExplorer:Pulsar+1","RobotSpaceExplorer:Pulsar+1","RobotSpaceExplorer:ShockMissile+1","RobotSpaceExplorer:MakeshiftVolley+1","RobotSpaceExplorer:LaserBurst+1","RobotSpaceExplorer:Jetpack","RobotSpaceExplorer:Blaster+1"],"relics":["RobotSpaceExplorer:RoboCore","RobotSpaceExplorer:FoglandsKnife","RobotSpaceExplorer:PlasmaHourglass","Lantern","Kunai","Astrolabe","Membership Card","PreservedInsect","Centennial Puzzle","Gremlin Horn","Boot"],"acts_visited":["Exordium","TheCity"],"potions_floor_usage":[18,21,25,25,31,33],"damage_taken":[{"damage":0,"enemies":"Jaw Worm","floor":1,"turns":7},{"damage":10,"enemies":"Gremlin Nob","floor":7,"turns":4},{"damage":0,"enemies":"Small Slimes","floor":11,"turns":2},{"damage":0,"enemies":"2 Louse","floor":12,"turns":2},{"damage":0,"enemies":"Exordium Thugs","floor":14,"turns":4},{"damage":3,"enemies":"The Guardian","floor":16,"turns":10},{"damage":11,"enemies":"Shell Parasite","floor":18,"turns":3},{"damage":5,"enemies":"Chosen","floor":20,"turns":5},{"damage":21,"enemies":"Snake Plant","floor":21,"turns":6},{"damage":20,"enemies":"Book of Stabbing","floor":23,"turns":6},{"damage":3,"enemies":"Snecko","floor":25,"turns":4},{"damage":11,"enemies":"Slavers","floor":31,"turns":3},{"damage":56,"enemies":"Collector","floor":33,"turns":7}],"seed_played":"263377823466081685","potions_obtained":[{"floor":11,"key":"Weak Potion"},{"floor":12,"key":"FearPotion"},{"floor":16,"key":"Ancient Potion"},{"floor":21,"key":"DistilledChaos"},{"floor":25,"key":"AttackPotion"},{"floor":31,"key":"FearPotion"}],"is_trial":false,"path_per_floor":["M","?","?","$","?","R","E","?","T","R","M","M","$","M","R","B",null,"M","?","M","M","$","E","R","M","T","R","?","R","?","E","R","B"],"character_chosen":"RobotSpaceExplorer","items_purchased":["RobotSpaceExplorer:ScrapToss","RobotSpaceExplorer:Pulsar","Membership Card"],"campfire_rested":1,"item_purchase_floors":[4,13,22],"current_hp_per_floor":[75,72,77,77,77,77,67,67,67,67,67,67,67,67,67,64,80,69,69,64,43,43,23,23,20,20,20,20,20,20,9,33,0,0],"gold":62,"neow_bonus":"REMOVE_CARD","is_daily":false,"chose_seed":false,"campfire_upgraded":6,"win_rate":0.0,"timestamp":1613176803,"path_taken":["M","?","?","$","?","R","E","?","T","R","M","?","?","M","R","BOSS","M","?","?","M","?","E","R","M","T","R","?","R","?","E","R","BOSS"],"items_purchased_type":["Card","Card","Relic"],"build_version":"2020-12-22","purchased_purges":1,"victory":false,"max_hp_per_floor":[75,75,80,80,80,80,80,80,80,80,80,80,80,80,80,80,80,80,80,80,80,80,80,80,80,80,80,80,80,80,80,80,80,80],"card_choices":[{"not_picked":["RobotSpaceExplorer:ImprovisedAttack","RobotSpaceExplorer:GlueShot"],"picked":"RobotSpaceExplorer:Pulsar","floor":1},{"not_picked":["RobotSpaceExplorer:Counterblock","RobotSpaceExplorer:TrailblazerForm"],"picked":"RobotSpaceExplorer:Pulsar","floor":7},{"not_picked":["RobotSpaceExplorer:StarDust","RobotSpaceExplorer:SlimeMissile"],"picked":"RobotSpaceExplorer:Pulsar","floor":11},{"not_picked":["RobotSpaceExplorer:FranticSearch","RobotSpaceExplorer:FrostMissile","RobotSpaceExplorer:PowerCollector"],"picked":"SKIP","floor":12},{"not_picked":["RobotSpaceExplorer:GlueShot","RobotSpaceExplorer:StunGrenade","RobotSpaceExplorer:FrostMissile"],"picked":"SKIP","floor":14},{"not_picked":["RobotSpaceExplorer:Multitool","RobotSpaceExplorer:Scanner"],"picked":"RobotSpaceExplorer:ShockMissile","floor":16},{"not_picked":["RobotSpaceExplorer:MiniBoosters","RobotSpaceExplorer:Probe","RobotSpaceExplorer:ScrapMissile"],"picked":"SKIP","floor":18},{"not_picked":["RobotSpaceExplorer:ScrapShield+1","RobotSpaceExplorer:SwiftStep","RobotSpaceExplorer:ShovelStrike"],"picked":"SKIP","floor":20},{"not_picked":["RobotSpaceExplorer:Counterblock","RobotSpaceExplorer:PowerGlove+1"],"picked":"RobotSpaceExplorer:Blaster","floor":21},{"not_picked":["RobotSpaceExplorer:Explosion","RobotSpaceExplorer:FrostMissile","RobotSpaceExplorer:SelfCleaning"],"picked":"SKIP","floor":23},{"not_picked":["RobotSpaceExplorer:StunGrenade","RobotSpaceExplorer:SurgingStrike","RobotSpaceExplorer:MetalStrike"],"picked":"SKIP","floor":25},{"not_picked":["RobotSpaceExplorer:FranticSearch","RobotSpaceExplorer:FrostMissile+1","RobotSpaceExplorer:SlimeMissile"],"picked":"SKIP","floor":31}],"player_experience":544823,"relics_obtained":[{"floor":7,"key":"RobotSpaceExplorer:PlasmaHourglass"},{"floor":9,"key":"Kunai"},{"floor":23,"key":"PreservedInsect"},{"floor":26,"key":"Centennial Puzzle"},{"floor":31,"key":"Boot"}],"event_choices":[{"damage_healed":0,"gold_gain":0,"player_choice":"Success","damage_taken":3,"relics_obtained":["RobotSpaceExplorer:FoglandsKnife"],"max_hp_gain":0,"max_hp_loss":0,"event_name":"Scrap Ooze","floor":2,"gold_loss":0},{"damage_healed":0,"gold_gain":0,"player_choice":"Donut","damage_taken":0,"max_hp_gain":5,"max_hp_loss":0,"event_name":"Big Fish","floor":3,"gold_loss":0},{"damage_healed":0,"gold_gain":0,"player_choice":"Leave","damage_taken":0,"max_hp_gain":0,"max_hp_loss":0,"event_name":"The Cleric","floor":5,"gold_loss":0},{"damage_healed":0,"gold_gain":0,"player_choice":"Paid Gold","damage_taken":0,"relics_obtained":["Lantern"],"max_hp_gain":0,"max_hp_loss":0,"event_name":"WeMeetAgain","floor":8,"gold_loss":66},{"damage_healed":0,"gold_gain":0,"cards_transformed":["RobotSpaceExplorer:PowerGlove"],"player_choice":"Transformed","damage_taken":0,"max_hp_gain":0,"max_hp_loss":0,"event_name":"Transmorgrifier","floor":19,"gold_loss":0,"cards_obtained":["RobotSpaceExplorer:Jetpack"]},{"cards_removed":["RobotSpaceExplorer:Strike"],"damage_healed":0,"gold_gain":0,"player_choice":"Gave Gold","damage_taken":0,"max_hp_gain":0,"max_hp_loss":0,"event_name":"Beggar","floor":28,"gold_loss":75},{"damage_healed":0,"gold_gain":0,"player_choice":"Opened","damage_taken":0,"relics_obtained":["Gremlin Horn"],"max_hp_gain":0,"max_hp_loss":0,"event_name":"The Mausoleum","floor":30,"gold_loss":0}],"is_beta":false,"boss_relics":[{"not_picked":["Tiny House","Ectoplasm"],"picked":"Astrolabe"}],"items_purged_floors":[13],"is_endless":false,"potions_floor_spawned":[11,12,16,21,25,31],"killed_by":"Collector","ascension_level":4}}