{"host":"4lch21uqe3ag08cj","time":1613178477,"event":{"mods":["AchievementEnabler","BaseMod","Block Reminder","Colored Map","Colored Powertips","Minty Spire (QoL Compilation)","Permanent Neow","Relic Stats"],"gold_per_floor":[113,113,127,127,141,168,168,195,218,237,237,269,280,291,291,393,393,408,425,34,48,64,64,79,79,79,109,109,34,47,59,59,154,154,197,197,69,0,17,51,51,77,77,23,23,56,69,122,122,122,122,122,48,83,83,83],"floor_reached":55,"language":"ENG","playtime":3199,"items_purged":["Strike_P"],"score":1082,"play_id":"1cc59b84-2c94-4cf6-9eba-a2361929db24","local_time":"20210212220757","is_ascension_mode":true,"campfire_choices":[{"data":"Vigilance","floor":7.0,"key":"SMITH"},{"data":"Halt","floor":11.0,"key":"SMITH"},{"data":"LessonLearned","floor":15.0,"key":"SMITH"},{"data":"Meditate","floor":23,"key":"SMITH"},{"floor":25,"key":"REST"},{"data":"Eruption","floor":28,"key":"SMITH"},{"floor":32,"key":"REST"},{"floor":41,"key":"REST"},{"floor":45,"key":"RECALL"},{"floor":49,"key":"REST"},{"data":"Meditate","floor":52,"key":"SMITH"}],"circlet_count":0,"master_deck":["Eruption+1","Vigilance+1","SandsOfTime+1","CutThroughFate+1","Eruption+1","CutThroughFate","Halt+1","FlurryOfBlows","SashWhip+1","Meditate+1","LessonLearned+1","Establishment","Tantrum+1","Halt+1","Adaptation","FlurryOfBlows+1","FearNoEvil+1","ClearTheMind+1","ThirdEye+1","DeceiveReality+1","EmptyBody+1","Wireheading","Blasphemy","FlurryOfBlows","Meditate+1","Conclude","Conclude+1","Wish","Sanctity","ThirdEye","MentalFortress","FlurryOfBlows","Protect","LikeWater+1","MentalFortress+1"],"relics":["Runic Dome","Omamori","Regal Pillow","Potion Belt","Du-Vu Doll","SacredBark","Blood Vial","Whetstone","Pandora\u0027s Box","Red Mask","Vajra","Boot","Letter Opener","Unceasing Top","Gremlin Horn","Orichalcum","Nunchaku"],"acts_visited":["Exordium","TheCity","TheBeyond","TheEnding"],"potions_floor_usage":[21,30,31,33,40,46,50,54,55],"damage_taken":[{"damage":0.0,"enemies":"Jaw Worm","floor":1.0,"turns":4.0},{"damage":7.0,"enemies":"2 Louse","floor":3.0,"turns":3.0},{"damage":0.0,"enemies":"Cultist","floor":5.0,"turns":2.0},{"damage":0.0,"enemies":"Lagavulin","floor":6.0,"turns":4.0},{"damage":0.0,"enemies":"Gremlin Nob","floor":8.0,"turns":2.0},{"damage":4.0,"enemies":"Blue Slaver","floor":10.0,"turns":2.0},{"damage":9.0,"enemies":"3 Sentries","floor":12.0,"turns":5.0},{"damage":4.0,"enemies":"3 Louse","floor":13.0,"turns":2.0},{"damage":8.0,"enemies":"Large Slime","floor":14.0,"turns":3.0},{"damage":0.0,"enemies":"Slime Boss","floor":16.0,"turns":4.0},{"damage":23,"enemies":"3 Byrds","floor":18,"turns":5},{"damage":9,"enemies":"2 Thieves","floor":19,"turns":3},{"damage":37,"enemies":"Chosen and Byrds","floor":21,"turns":4},{"damage":17,"enemies":"Shelled Parasite and Fungi","floor":22,"turns":3},{"damage":10,"enemies":"Centurion and Healer","floor":24,"turns":11},{"damage":13,"enemies":"Book of Stabbing","floor":27,"turns":6},{"damage":29,"enemies":"Sentry and Sphere","floor":30,"turns":6},{"damage":23,"enemies":"Shelled Parasite and Fungi","floor":31,"turns":5},{"damage":45,"enemies":"Collector","floor":33,"turns":8},{"damage":0,"enemies":"3 Shapes","floor":35,"turns":5},{"damage":12,"enemies":"Orb Walker","floor":39,"turns":2},{"damage":35,"enemies":"Nemesis","floor":40,"turns":5},{"damage":21,"enemies":"Giant Head","floor":42,"turns":6},{"damage":0,"enemies":"Nemesis","floor":46,"turns":5},{"damage":24,"enemies":"3 Darklings","floor":47,"turns":4},{"damage":45,"enemies":"Awakened One","floor":50,"turns":9},{"damage":17,"enemies":"Shield and Spear","floor":54,"turns":3},{"damage":67,"enemies":"The Heart","floor":55,"turns":3}],"seed_played":"-4502316820882671464","potions_obtained":[{"floor":5.0,"key":"BottledMiracle"},{"floor":6.0,"key":"SteroidPotion"},{"floor":10.0,"key":"DuplicationPotion"},{"floor":12.0,"key":"FairyPotion"},{"floor":21,"key":"Weak Potion"},{"floor":22,"key":"Energy Potion"},{"floor":24,"key":"SkillPotion"},{"floor":27,"key":"SkillPotion"},{"floor":42,"key":"AttackPotion"},{"floor":47,"key":"SpeedPotion"},{"floor":54,"key":"SpeedPotion"}],"is_trial":false,"path_per_floor":["M","?","M","?","M","E","R","E","T","M","R","E","M","M","R","B",null,"M","M","$","M","M","R","M","R","T","E","R","?","M","M","R","B",null,"M","?","$","?","M","E","R","E","T","?","R","E","M","T","R","B",null,"R","$","E","B"],"character_chosen":"WATCHER","items_purchased":["Adaptation","FlurryOfBlows","Blood Vial","Regen Potion","MentalFortress","FlurryOfBlows","DistilledChaos"],"campfire_rested":4,"item_purchase_floors":[20,20,20,20,37,37,53],"current_hp_per_floor":[72,77,70,70,70,70,70,70,70,66,66,57,53,45,45,45,77,54,45,45,37,22,22,14,52,52,41,41,41,14,46,77,32,77,77,73,73,73,61,28,64,45,45,45,45,47,25,25,61,18,73,73,73,56,0,0],"gold":83,"neow_bonus":"BOSS_RELIC","is_daily":false,"chose_seed":false,"campfire_upgraded":6,"win_rate":0.0,"timestamp":1613178477,"path_taken":["M","?","M","?","?","E","R","E","T","M","R","E","M","M","R","BOSS","M","M","$","M","M","R","M","R","T","E","R","?","M","M","R","BOSS","M","?","$","?","M","E","R","E","T","?","R","E","?","?","R","BOSS","R","$","E","BOSS"],"items_purchased_type":["Card","Card","Relic","Potion","Card","Card","Potion"],"build_version":"2020-12-22","purchased_purges":1,"victory":false,"max_hp_per_floor":[72,77,77,77,77,77,77,77,77,77,77,77,77,77,77,77,77,77,77,77,77,77,77,77,77,77,77,77,77,77,77,77,77,77,77,73,73,73,73,73,73,73,73,73,73,73,73,73,73,73,73,73,73,73,73,73],"relic_stats":{"Blood Vial":24,"Regal Pillow":53,"Nunchaku":[0],"Gremlin Horn":[6,6],"counters":[28,124],"Pandora\u0027s Box":["FlurryOfBlows","Meditate","Conclude","Conclude","Wish","Sanctity"],"Whetstone":["Strike_P","Eruption"],"Letter Opener":[55],"Orichalcum":[6],"Boot":[75],"obtain_stats":[{"Potion Belt":9,"Regal Pillow":8,"Gremlin Horn":46,"SacredBark":17,"Vajra":40,"Omamori":6,"Whetstone":27,"Letter Opener":43,"Orichalcum":48,"Boot":42,"Du-Vu Doll":12,"Blood Vial":20,"Runic Dome":0,"Nunchaku":54,"Pandora\u0027s Box":34,"Red Mask":38,"PureWater":0,"Unceasing Top":44},{"Potion Belt":5,"Regal Pillow":5,"Gremlin Horn":24,"SacredBark":10,"Vajra":22,"Omamori":4,"Whetstone":16,"Letter Opener":23,"Orichalcum":25,"Boot":23,"Du-Vu Doll":7,"Blood Vial":12,"Runic Dome":0,"Nunchaku":27,"Pandora\u0027s Box":19,"Red Mask":20,"PureWater":0,"Unceasing Top":23},{"Potion Belt":15,"Regal Pillow":15,"Gremlin Horn":105,"SacredBark":31,"Vajra":94,"Omamori":13,"Whetstone":63,"Letter Opener":100,"Orichalcum":109,"Boot":100,"Du-Vu Doll":22,"Blood Vial":39,"Runic Dome":0,"Nunchaku":121,"Pandora\u0027s Box":82,"Red Mask":87,"PureWater":0,"Unceasing Top":100}],"Unceasing Top":[0]},"card_choices":[{"not_picked":["EmptyBody","SashWhip"],"picked":"SandsOfTime","floor":1.0},{"not_picked":["FlurryOfBlows","SashWhip"],"picked":"CutThroughFate","floor":3.0},{"not_picked":["Crescendo","PathToVictory"],"picked":"CutThroughFate","floor":5.0},{"not_picked":["Alpha","FollowUp"],"picked":"Halt","floor":6.0},{"not_picked":["WreathOfFlame","Brilliance","Worship"],"picked":"SKIP","floor":8.0},{"not_picked":["SignatureMove","FlyingSleeves"],"picked":"FlurryOfBlows","floor":10.0},{"not_picked":["PathToVictory","Swivel"],"picked":"SashWhip","floor":12.0},{"not_picked":["Prostrate","Perseverance"],"picked":"Meditate","floor":13.0},{"not_picked":["Tantrum","FlurryOfBlows"],"picked":"LessonLearned","floor":14.0},{"not_picked":["Alpha","MasterReality"],"picked":"Establishment","floor":16.0},{"not_picked":["FlyingSleeves","Indignation"],"picked":"Tantrum+1","floor":18},{"not_picked":["ForeignInfluence","WreathOfFlame"],"picked":"Halt","floor":19},{"not_picked":["ThirdEye+1","FlurryOfBlows"],"picked":"FearNoEvil+1","floor":21},{"not_picked":["EmptyFist","Worship"],"picked":"ClearTheMind+1","floor":22},{"not_picked":["Adaptation+1","Consecrate"],"picked":"ThirdEye+1","floor":24},{"not_picked":["PathToVictory","Vengeance"],"picked":"DeceiveReality","floor":27},{"not_picked":["CrushJoints","BowlingBash"],"picked":"EmptyBody+1","floor":30},{"not_picked":["ThirdEye","Consecrate+1"],"picked":"Wireheading","floor":31},{"not_picked":["Brilliance","SpiritShield"],"picked":"Blasphemy","floor":33},{"not_picked":["JustLucky","FlyingSleeves+1"],"picked":"ThirdEye","floor":35},{"not_picked":["EmptyFist","BattleHymn"],"picked":"Protect","floor":39},{"not_picked":["BowlingBash","FlyingSleeves+1","Crescendo"],"picked":"SKIP","floor":40},{"not_picked":["PathToVictory","SashWhip"],"picked":"LikeWater+1","floor":42},{"not_picked":["WindmillStrike+1","Evaluate+1","BattleHymn+1"],"picked":"SKIP","floor":46},{"not_picked":["SashWhip","LessonLearned","Evaluate"],"picked":"SKIP","floor":47},{"not_picked":["Protect","FollowUp"],"picked":"MentalFortress+1","floor":54}],"player_experience":69444,"relics_obtained":[{"floor":6.0,"key":"Omamori"},{"floor":8.0,"key":"Regal Pillow"},{"floor":9.0,"key":"Potion Belt"},{"floor":12.0,"key":"Du-Vu Doll"},{"floor":27,"key":"Whetstone"},{"floor":40,"key":"Vajra"},{"floor":42,"key":"Boot"},{"floor":43,"key":"Letter Opener"},{"floor":46,"key":"Gremlin Horn"},{"floor":48,"key":"Orichalcum"},{"floor":54,"key":"Nunchaku"}],"event_choices":[{"damage_healed":0.0,"max_hp_gain":5.0,"max_hp_loss":0.0,"gold_gain":0.0,"event_name":"Big Fish","player_choice":"Donut","floor":2.0,"gold_loss":0.0,"damage_taken":0.0},{"damage_healed":0.0,"max_hp_gain":0.0,"max_hp_loss":0.0,"gold_gain":0.0,"event_name":"Match and Keep!","player_choice":"1 cards matched","floor":4.0,"gold_loss":0.0,"damage_taken":0.0,"cards_obtained":["Eruption"]},{"cards_removed":["Strike_P"],"damage_healed":0,"gold_gain":0,"player_choice":"Gave Gold","damage_taken":0,"max_hp_gain":0,"max_hp_loss":0,"event_name":"Beggar","floor":29,"gold_loss":75},{"damage_healed":0,"gold_gain":0,"player_choice":"Max HP","damage_taken":0,"max_hp_gain":0,"max_hp_loss":4,"event_name":"Winding Halls","floor":36,"gold_loss":0},{"damage_healed":0,"gold_gain":0,"player_choice":"Paid","damage_taken":0,"relics_obtained":["Red Mask"],"max_hp_gain":0,"max_hp_loss":0,"event_name":"Tomb of Lord Red Mask","floor":38,"gold_loss":69},{"damage_healed":0,"gold_gain":0,"player_choice":"Paid Gold","damage_taken":0,"relics_obtained":["Unceasing Top"],"max_hp_gain":0,"max_hp_loss":0,"event_name":"WeMeetAgain","floor":44,"gold_loss":54}],"is_beta":false,"boss_relics":[{"not_picked":["Ectoplasm","Empty Cage"],"picked":"SacredBark"},{"not_picked":["Philosopher\u0027s Stone","Runic Pyramid"],"picked":"Pandora\u0027s Box"}],"items_purged_floors":[20],"is_endless":false,"potions_floor_spawned":[5,6,10,12,21,22,24,27,42,47,54],"killed_by":"The Heart","ascension_level":3}}