{"host":"vrsxkkch9ccrec7k","time":1613250042,"event":{"mods":["Act Like it!","BaseMod","Bestiary","Better Altar","Better Match","Better Note","Better Sensory Stone","Better Skull","Better Third Choice","Better Vampires","Downfall","Minty Spire (QoL Compilation)","Permanent Neow","Relic Stats","Spicy Shops","StSLib"],"gold_per_floor":[99,112,128,128,140,160,160,160,189,189,218,218,248,173,188,283,283,283,293,293,293,393,409,409,30,47,64,77,103,103,103,120,218,218,218,228,244,299,347,359,359,359,377,377,10,20,20,43,61,61],"floor_reached":51,"language":"ENG","playtime":4933,"items_purged":["hexamod:Sear","hexamod:SoulSteal"],"score":1110,"play_id":"4683e5af-fe48-4fa0-b03c-a49abb341a64","local_time":"20210213160042","is_ascension_mode":true,"campfire_choices":[{"data":"hexamod:Float","floor":1,"key":"SMITH"},{"data":"hexamod:Rewind","floor":8,"key":"SMITH"},{"data":"hexamod:SpectralAdrenaline","floor":12,"key":"SMITH"},{"data":"hexamod:SpectralAdrenaline","floor":18,"key":"SMITH"},{"floor":30,"key":"REST"},{"data":"hexamod:GhostOfSpirePast","floor":35,"key":"SMITH"},{"data":"hexamod:ApocalypseNow","floor":44,"key":"SMITH"},{"data":"hexamod:SearingWound","floor":47,"key":"SMITH"}],"circlet_count":0,"master_deck":["hexamod:Float+1","hexamod:GhostShield","hexamod:ThirdSeal","hexamod:RetreatToShadows","hexamod:Rewind+1","hexamod:RecurringNightmare+1","hexamod:SpectralAdrenaline+1","hexamod:FlamesFromBeyond+1","hexamod:GhostOfSpirePast+1","hexamod:GhostOfSpirePast","hexamod:VolcanoVisage","hexamod:SearingWound","hexamod:BacktrackSmack","hexamod:RecurringNightmare","hexamod:SpectralAdrenaline+1","hexamod:CatchUp","hexamod:SearingWound+1","hexamod:FlamesFromBeyond+1","hexamod:VolcanoVisage","hexamod:Haunt","hexamod:BacktrackSmack+1","hexamod:Hexaguard+1","hexamod:HeatShield","hexamod:FourthSeal","hexamod:Hexaguard+1","hexamod:ApocalypseNow+1","hexamod:SwordOfDarkness","hexamod:NightmareGuise+1","hexamod:ShieldOfDarkness+1","hexamod:ExtraCrispy+1","hexamod:PowerFromBeyond","hexamod:SkipABeat+1","hexamod:PhantomCloak+1","hexamod:SixthSeal","hexamod:FlamesFromBeyond+1","hexamod:UnleashSpirits+1","hexamod:ApocalypseNow","hexamod:GhostOfSpireFuture+1","hexamod:RadiantFlame+1","hexamod:EmpoweredFlame+1","hexamod:VolcanoVisage+1","hexamod:HeatShield+1","hexamod:FirstSeal","hexamod:PowerFromBeyond+1","hexamod:PowerFromBeyond+1","hexamod:GhostflameBarrier+1"],"relics":["hexamod:SpiritBrand","Slimebound:PreparedRelic","Mango","hexamod:Sixitude","Smiling Mask","Pandora\u0027s Box","Blue Candle","hexamod:SoulOfChaos","HornCleat","bronze:DecasWashers","Sling","Mummified Hand","Snecko Eye","Lantern","hexamod:SoulConsumer","Shuriken","sneckomod:SuperSneckoEye","Frozen Egg 2","Orrery","War Paint"],"acts_visited":["Exordium","TheCity","TheBeyond"],"potions_floor_usage":[13,16,26,26,29,50,50,50,50,50,50],"damage_taken":[{"damage":2,"enemies":"Small Slimes","floor":2,"turns":4},{"damage":0,"enemies":"2 Louse","floor":3,"turns":4},{"damage":6,"enemies":"Cultist","floor":5,"turns":3},{"damage":0,"enemies":"Blue Slaver","floor":6,"turns":4},{"damage":5,"enemies":"3 Sentries","floor":9,"turns":7},{"damage":19,"enemies":"Lagavulin","floor":11,"turns":8},{"damage":27,"enemies":"Gremlin Nob","floor":13,"turns":5},{"damage":3,"enemies":"3 Louse","floor":15,"turns":2},{"damage":6,"enemies":"SI_SHIV_ARCHETYPE","floor":16,"turns":9},{"damage":6,"enemies":"Spheric Guardian","floor":19,"turns":3},{"damage":13,"enemies":"Colosseum Nobs","floor":22,"turns":3},{"damage":0,"enemies":"Shell Parasite","floor":23,"turns":3},{"damage":0,"enemies":"downfall:FleeingMerchant","floor":25,"turns":4},{"damage":12,"enemies":"Shelled Parasite and Fungi","floor":26,"turns":3},{"damage":0,"enemies":"Snake Plant","floor":27,"turns":3},{"damage":0,"enemies":"Centurion and Healer","floor":28,"turns":4},{"damage":0,"enemies":"Slavers","floor":29,"turns":4},{"damage":0,"enemies":"3 Cultists","floor":32,"turns":3},{"damage":1,"enemies":"IC_MUSHROOM_ARCHETYPE","floor":33,"turns":6},{"damage":0,"enemies":"3 Shapes","floor":36,"turns":3},{"damage":0,"enemies":"Orb Walker","floor":37,"turns":3},{"damage":0,"enemies":"2 Orb Walkers","floor":39,"turns":3},{"damage":19,"enemies":"Writhing Mass","floor":40,"turns":5},{"damage":21,"enemies":"Jaw Worm Horde","floor":43,"turns":3},{"damage":0,"enemies":"downfall:FleeingMerchant","floor":45,"turns":4},{"damage":6,"enemies":"Transient","floor":46,"turns":5},{"damage":0,"enemies":"4 Shapes","floor":49,"turns":3},{"damage":14,"enemies":"DF_ARCHETYPE_ORBS","floor":50,"turns":12}],"seed_played":"-6170776318209801521","potions_obtained":[{"floor":5,"key":"Energy Potion"},{"floor":11,"key":"DistilledChaos"},{"floor":16,"key":"bronze:BurnAndBuffPotion"},{"floor":25,"key":"FearPotion"},{"floor":26,"key":"Guardian:BlockOnCardUsePotion"},{"floor":26,"key":"EntropicBrew"},{"floor":28,"key":"EntropicBrew"},{"floor":29,"key":"champ:CounterPotion"},{"floor":32,"key":"Guardian:BlockOnCardUsePotion"},{"floor":39,"key":"PowerPotion"}],"is_trial":false,"path_per_floor":["R","M","M","?","M","M","T","R","E","?","E","R","E","?","M","B",null,"R","M","?","?","?","M","T","$","M","M","M","E","R","?","M","B",null,"R","M","M","T","?","M","T","?","M","R","$","M","R","?","M","B",null],"character_chosen":"THE_SPIRIT","items_purchased":["Sling","Regen Potion","hexamod:SwordOfDarkness","sneckomod:SuperSneckoEye","Frozen Egg 2","hexamod:RadiantFlame+1","Orrery"],"campfire_rested":1,"item_purchase_floors":[25,25,25,45,45,45,45],"current_hp_per_floor":[63,61,61,61,55,55,55,55,64,64,45,45,18,18,15,9,65,65,59,59,54,41,41,41,41,56,56,56,56,81,81,81,80,83,83,83,83,83,83,68,68,94,77,77,81,86,86,86,94,91],"gold":61,"neow_bonus":"ONE_RANDOM_RARE_CARD","is_daily":false,"chose_seed":false,"campfire_upgraded":7,"win_rate":0.0,"timestamp":1613250042,"path_taken":["R","M","M","?","M","M","T","R","E","?","E","R","E","?","M","BOSS","R","M","?","?","?","M","T","$","M","?","M","E","R","?","M","BOSS","R","M","M","?","?","M","T","?","M","R","$","?","R","?","M","BOSS"],"items_purchased_type":["Relic","Potion","Card","Relic","Relic","Card","Relic"],"build_version":"2020-12-22","purchased_purges":2,"victory":true,"max_hp_per_floor":[70,70,70,70,70,70,70,70,84,84,84,84,84,84,84,84,84,84,84,84,84,84,84,84,84,84,84,84,84,84,84,84,84,84,84,84,84,84,84,84,84,94,94,94,94,94,94,94,94,94],"relic_stats":{"counters":[28,123],"Mummified Hand":[161],"Shuriken":[3],"Blue Candle":[0],"Snecko Eye":[108,121,88,103],"Pandora\u0027s Box":["hexamod:BacktrackSmack","hexamod:HeatMetal","hexamod:RecurringNightmare","hexamod:DynamicBlow","hexamod:SpectralAdrenaline","hexamod:CatchUp","hexamod:SearingWound"],"War Paint":["hexamod:RecurringNightmare","hexamod:FlamesFromBeyond"],"Smiling Mask":75,"obtain_stats":[{"Lantern":38,"Blue Candle":21,"bronze:DecasWashers":24,"hexamod:Sixitude":11,"Mango":9,"sneckomod:SuperSneckoEye":45,"Frozen Egg 2":45,"War Paint":48,"Smiling Mask":13,"Sling":25,"HornCleat":22,"Mummified Hand":29,"Shuriken":41,"hexamod:SoulOfChaos":22,"Snecko Eye":34,"Orrery":45,"Pandora\u0027s Box":17,"Slimebound:PreparedRelic":7,"hexamod:SoulConsumer":39,"hexamod:SpiritBrand":0},{"Lantern":21,"Blue Candle":10,"bronze:DecasWashers":12,"hexamod:Sixitude":6,"Mango":5,"sneckomod:SuperSneckoEye":25,"Frozen Egg 2":25,"War Paint":26,"Smiling Mask":7,"Sling":13,"HornCleat":11,"Mummified Hand":17,"Shuriken":23,"hexamod:SoulOfChaos":11,"Snecko Eye":19,"Orrery":25,"Pandora\u0027s Box":9,"Slimebound:PreparedRelic":4,"hexamod:SoulConsumer":22,"hexamod:SpiritBrand":0},{"Lantern":88,"Blue Candle":49,"bronze:DecasWashers":55,"hexamod:Sixitude":30,"Mango":22,"sneckomod:SuperSneckoEye":103,"Frozen Egg 2":103,"War Paint":108,"Smiling Mask":35,"Sling":59,"HornCleat":52,"Mummified Hand":73,"Shuriken":96,"hexamod:SoulOfChaos":52,"Snecko Eye":82,"Orrery":103,"Pandora\u0027s Box":46,"Slimebound:PreparedRelic":15,"hexamod:SoulConsumer":91,"hexamod:SpiritBrand":0}]},"card_choices":[{"not_picked":["hexamod:DynamicBlow","hexamod:RecurringNightmare"],"picked":"hexamod:GhostShield","floor":2},{"not_picked":["hexamod:ThermalTransfer","hexamod:FlamesFromBeyond"],"picked":"hexamod:SpectersWail","floor":3},{"not_picked":["hexamod:GhostShield","hexamod:HeatShield"],"picked":"hexamod:ThirdSeal","floor":5},{"not_picked":["hexamod:ExtraCrispy","hexamod:EtherealExpedition"],"picked":"hexamod:RetreatToShadows","floor":6},{"not_picked":["hexamod:SpectralAdrenaline","hexamod:ThirdSeal"],"picked":"hexamod:Rewind","floor":6},{"not_picked":["hexamod:SecondSeal","hexamod:GhostflameBarrier"],"picked":"hexamod:RecurringNightmare","floor":9},{"not_picked":["hexamod:AdvancingGuard","hexamod:SuperheatedStrike"],"picked":"hexamod:SoulSteal","floor":9},{"not_picked":["hexamod:FastForward","hexamod:SpectersWail"],"picked":"hexamod:SpectralAdrenaline","floor":11},{"not_picked":["hexamod:SuperheatedStrike","hexamod:ChargedBarrage","hexamod:InspiringFlames"],"picked":"SKIP","floor":11},{"not_picked":["hexamod:InspiringFlames","hexamod:HauntingEcho"],"picked":"hexamod:FlamesFromBeyond","floor":13},{"not_picked":["hexamod:CatchUp","hexamod:SpectersWail","hexamod:ApocalypticArmor"],"picked":"SKIP","floor":13},{"not_picked":["hexamod:HeatShield","hexamod:SpectralAdrenaline"],"picked":"hexamod:GhostOfSpirePast","floor":15},{"not_picked":["hexamod:FlamesFromBeyond","hexamod:PowerFromBeyond"],"picked":"hexamod:GhostOfSpirePast","floor":15},{"not_picked":["hexamod:SearingWound","hexamod:TurnItUp"],"picked":"hexamod:VolcanoVisage","floor":16},{"not_picked":["hexamod:FlameSwitch","hexamod:TurnItUp"],"picked":"hexamod:SearingWound","floor":16},{"not_picked":["hexamod:NightmareStrike","hexamod:GhostLash+1"],"picked":"hexamod:FlamesFromBeyond","floor":19},{"not_picked":["hexamod:SpectralSpark","hexamod:SpectersWail+1"],"picked":"hexamod:VolcanoVisage","floor":19},{"not_picked":["hexamod:GhostflameBarrier","hexamod:Rewind"],"picked":"hexamod:Hexaguard+1","floor":22},{"not_picked":["hexamod:Haunt+1","hexamod:GhostLash"],"picked":"hexamod:HeatShield","floor":22},{"not_picked":["hexamod:ThermalTransfer+1","hexamod:SpectersWail+1"],"picked":"hexamod:FourthSeal","floor":23},{"not_picked":["hexamod:FastForward","hexamod:RadiantFlame+1","hexamod:BurningTouch"],"picked":"SKIP","floor":23},{"not_picked":["hexamod:InspiringFlames+1","hexamod:EtherealExpedition"],"picked":"hexamod:Hexaguard","floor":25},{"not_picked":["hexamod:Firestarter+1","hexamod:GhostflameBarrier"],"picked":"hexamod:ApocalypseNow","floor":25},{"not_picked":["hexamod:SecondSeal","hexamod:RetreatToShadows"],"picked":"hexamod:NightmareGuise+1","floor":26},{"not_picked":["hexamod:Firestarter","hexamod:BurningTouch"],"picked":"hexamod:ShieldOfDarkness+1","floor":27},{"not_picked":["hexamod:Firestarter","hexamod:GhostShield","hexamod:ChargedBarrage"],"picked":"SKIP","floor":27},{"not_picked":["hexamod:NightmareGuise","hexamod:GhostflameBarrier","hexamod:DynamicBlow+1"],"picked":"SKIP","floor":28},{"not_picked":["hexamod:SwordOfDarkness","hexamod:HeatMetal","hexamod:ShieldOfDarkness"],"picked":"SKIP","floor":28},{"not_picked":["hexamod:FastForward","hexamod:GhostShield"],"picked":"hexamod:ExtraCrispy+1","floor":29},{"not_picked":["hexamod:NecessarySacrifice","hexamod:Toasty","hexamod:SwordOfDarkness"],"picked":"SKIP","floor":29},{"not_picked":["hexamod:AdvancingGuard","hexamod:Firestarter"],"picked":"hexamod:SkipABeat+1","floor":32},{"not_picked":["hexamod:GhostflameBarrier","hexamod:Firestarter"],"picked":"hexamod:PhantomCloak","floor":32},{"not_picked":["hexamod:SearingWound","hexamod:FlameSwitch"],"picked":"hexamod:SixthSeal","floor":33},{"not_picked":["hexamod:FastForward","hexamod:SpectralSpark"],"picked":"hexamod:FlamesFromBeyond+1","floor":36},{"not_picked":["hexamod:RadiantFlame+1","hexamod:Hexaguard","hexamod:Haunt"],"picked":"SKIP","floor":36},{"not_picked":["hexamod:FastForward+1","hexamod:InspiringFlames","hexamod:EtherealExpedition"],"picked":"SKIP","floor":37},{"not_picked":["hexamod:ShieldOfDarkness+1","hexamod:FastForward","hexamod:RadiantFlame+1"],"picked":"SKIP","floor":37},{"not_picked":["hexamod:FirstSeal","hexamod:GhostShield+1"],"picked":"hexamod:UnleashSpirits","floor":39},{"not_picked":["hexamod:NightmareGuise","hexamod:Firestarter+1","hexamod:FourthSeal"],"picked":"SKIP","floor":40},{"not_picked":["hexamod:Hexaguard+1","hexamod:DynamicBlow+1","hexamod:GhostShield+1"],"picked":"SKIP","floor":40},{"not_picked":["hexamod:ExtraCrispy+1","hexamod:BacktrackSmack","hexamod:Hexaguard"],"picked":"SKIP","floor":43},{"not_picked":["hexamod:ShieldOfDarkness+1","hexamod:FirstSeal"],"picked":"hexamod:ApocalypseNow","floor":45},{"not_picked":["hexamod:Incineration","hexamod:FlamesFromBeyond"],"picked":"hexamod:GhostOfSpireFuture+1","floor":45},{"not_picked":["hexamod:SpectersWail","hexamod:ShieldOfDarkness"],"picked":"hexamod:EmpoweredFlame+1","floor":45},{"not_picked":["hexamod:NecessarySacrifice+1","hexamod:ThermalTransfer"],"picked":"hexamod:VolcanoVisage+1","floor":45},{"not_picked":["hexamod:GhostLash","hexamod:TurnItUp"],"picked":"hexamod:HeatShield+1","floor":45},{"not_picked":["hexamod:RainOfEmbers","hexamod:GhostLash+1"],"picked":"hexamod:FirstSeal","floor":45},{"not_picked":["hexamod:FastForward+1","hexamod:NightmareStrike+1"],"picked":"hexamod:PowerFromBeyond+1","floor":46},{"not_picked":["hexamod:FlamesFromBeyond+1","hexamod:RadiantFlame+1"],"picked":"hexamod:PowerFromBeyond+1","floor":46},{"not_picked":["hexamod:AdvancingGuard+1","hexamod:Incineration"],"picked":"hexamod:GhostflameBarrier+1","floor":49}],"player_experience":1900101,"relics_obtained":[{"floor":7,"key":"Slimebound:PreparedRelic"},{"floor":9,"key":"Mango"},{"floor":11,"key":"hexamod:Sixitude"},{"floor":13,"key":"Smiling Mask"},{"floor":22,"key":"hexamod:SoulOfChaos"},{"floor":22,"key":"HornCleat"},{"floor":24,"key":"bronze:DecasWashers"},{"floor":29,"key":"Mummified Hand"},{"floor":38,"key":"Lantern"},{"floor":39,"key":"hexamod:SoulConsumer"},{"floor":41,"key":"Shuriken"},{"floor":48,"key":"War Paint"}],"event_choices":[{"damage_healed":0,"gold_gain":0,"player_choice":"LEAVE","damage_taken":0,"max_hp_gain":0,"max_hp_loss":0,"event_name":"betterThird:BetterScrap","floor":4,"gold_loss":0,"cards_obtained":["Darkness"]},{"cards_removed":["hexamod:Strike"],"damage_healed":0,"gold_gain":0,"player_choice":"Card Removal","damage_taken":0,"max_hp_gain":0,"max_hp_loss":0,"event_name":"The Cleric","floor":10,"gold_loss":0},{"damage_healed":0,"gold_gain":0,"player_choice":"3","damage_taken":0,"max_hp_gain":0,"max_hp_loss":0,"event_name":"betterMatch:BetterMatch","floor":14,"gold_loss":0,"cards_obtained":[]},{"damage_healed":0,"gold_gain":0,"cards_transformed":["hexamod:HeatMetal","hexamod:DynamicBlow"],"player_choice":"Became Test Subject","damage_taken":0,"max_hp_gain":0,"max_hp_loss":0,"event_name":"Drug Dealer","floor":20,"gold_loss":0,"cards_obtained":["hexamod:Haunt","hexamod:BacktrackSmack"]},{"damage_healed":0,"gold_gain":0,"player_choice":"Fight","damage_taken":0,"max_hp_gain":0,"max_hp_loss":0,"event_name":"Mysterious Sphere","floor":39,"gold_loss":0},{"cards_removed":["hexamod:ParanormalForm"],"damage_healed":16,"gold_gain":0,"player_choice":"Offered Rare","damage_taken":0,"max_hp_gain":10,"max_hp_loss":0,"event_name":"Bonfire Elementals","floor":42,"gold_loss":0}],"is_beta":false,"boss_relics":[{"not_picked":["SlaversCollar","SacredBark"],"picked":"Pandora\u0027s Box"},{"not_picked":["sneckomod:SneckoTalon","Calling Bell"],"picked":"Snecko Eye"}],"items_purged_floors":[25,45],"is_endless":false,"potions_floor_spawned":[5,11,16,26,28,32,33,36,37,39,40,46,49],"ascension_level":9}}