{"host":"0unxf5n5bucfuoy7","time":1613186115,"event":{"mods":["Act Like it!","Aspiration","Astrologer","BaseMod","Better Altar","Better Match","Better Note","Better Sensory Stone","Better Third Choice","Better Vampires","Conspire","DeckTracker","Downfall","Elementarium","Friendly Minions","GifTheSpireLib","Hallownest","Hubris","Minty Spire (QoL Compilation)","Permanent Neow","Potionbrewer","Quick Restart","Random Character Button","Replay The Spire","Spikes Relics","StSLib","The Bug Knight","The Death Knight","The Exalted","The Hierophant","The Spell Scribe","Transform Curses","Virulent Crown","Wandering Minibosses"],"gold_per_floor":[113,113,113,125,135,167,185,185,185,185,185,211,229,242,242,242,242],"floor_reached":16,"language":"ENG","playtime":1143,"items_purged":[],"score":137,"play_id":"0507eba9-4509-43b7-b600-b5d3773a5000","local_time":"20210212221515","is_ascension_mode":false,"campfire_choices":[{"data":"Hallownest:skillLeafShield","floor":10,"key":"SMITH"},{"floor":15,"key":"DIG"}],"circlet_count":0,"master_deck":["HollowMod:NailStrikeStart","HollowMod:NailStrikeStart","HollowMod:NailStrikeStart","HollowMod:FocusHealStart","HollowMod:PogoStrike","HollowMod:RecoilStrike","HollowMod:VengefulSpirit","Hallownest:skillLeafShield+1","Hallownest:skillLeafShield","Hallownest:skillLeafShield","Hallownest:skillLeafShield","Hallownest:skillLeafShield","HollowMod:MonomonsArchive","HollowMod:ShapeofUnn","HollowMod:GrimmsGift","HollowMod:HerrahsAnger+1","HollowMod:DesolateDive","HollowMod:QuirrelsAssistance","HollowMod:SoulEater","HollowMod:SharpenedShadows"],"relics":["HollowMod:VesselMask","aspiration:Nostalgia","Bromod:Ordis","Bag of Marbles","Question Card","Replay:PocketPolymizer","potionbrewer:ToyAutogyro"],"acts_visited":["Exordium"],"potions_floor_usage":[],"damage_taken":[{"damage":0.0,"enemies":"Hallownest:monsterHuskGuard","floor":1.0,"turns":4.0},{"damage":1.0,"enemies":"Hallownest:2_Tiktiks_and_1_Crawlid","floor":4.0,"turns":4.0},{"damage":1.0,"enemies":"Hallownest:2_MossCreeps","floor":5.0,"turns":4.0},{"damage":8.0,"enemies":"Hallownest:eliteCrystalGuardian","floor":6.0,"turns":5.0},{"damage":6.0,"enemies":"Hallownest:monsterFoolEater","floor":7.0,"turns":3.0},{"damage":9,"enemies":"Hallownest:eliteMossKnight","floor":12,"turns":10},{"damage":22,"enemies":"Hallownest:Guard_and_Warrior","floor":13,"turns":6},{"damage":8,"enemies":"Hallownest:2_Tiktiks_1_Baldur_1_Crawlid","floor":14,"turns":4},{"damage":51,"enemies":"Hallownest:BossHornet","floor":16,"turns":8}],"seed_played":"-5135988375723622696","potions_obtained":[{"floor":1.0,"key":"Energy Potion"},{"floor":7.0,"key":"Elixir"},{"floor":14,"key":"EntropicBrew"}],"is_trial":false,"path_per_floor":["M","?","?","M","M","E","M","?","T","R","?","E","M","M","R","B"],"character_chosen":"THE_BUGKNIGHT","items_purchased":[],"campfire_rested":0,"item_purchase_floors":[],"current_hp_per_floor":[75,75,75,74,73,65,65,65,65,65,65,62,46,44,44,0,0],"gold":242,"neow_bonus":"NOSTALGIA","is_daily":false,"chose_seed":false,"campfire_upgraded":1,"win_rate":0.0,"timestamp":1613186115,"path_taken":["M","?","?","M","M","E","M","?","T","R","?","E","M","M","R","BOSS"],"items_purchased_type":[],"build_version":"2020-12-22","purchased_purges":0,"victory":false,"max_hp_per_floor":[75,75,75,75,75,75,75,75,75,75,75,75,75,75,75,75,75],"card_choices":[{"not_picked":["HollowMod:MonarchWings","HollowMod:HowlingWraiths"],"picked":"HollowMod:RecoilStrike","floor":1.0},{"not_picked":["HollowMod:MawleksShell","HollowMod:ChannelNail"],"picked":"HollowMod:MonomonsArchive","floor":4.0},{"not_picked":["HollowMod:CloakDash","HollowMod:SharpenedNail"],"picked":"HollowMod:ShapeofUnn","floor":5.0},{"not_picked":["HollowMod:AbyssShriek","HollowMod:DashSlash"],"picked":"HollowMod:GrimmsGift","floor":6.0},{"not_picked":["HollowMod:FallenFury","HollowMod:MantisMark"],"picked":"HollowMod:HerrahsAnger","floor":7.0},{"not_picked":["HollowMod:WraithStrike","HollowMod:MothsMistake","HollowMod:ShadowDash"],"picked":"HollowMod:DesolateDive","floor":12},{"not_picked":["HollowMod:DungDefenderAura","HollowMod:ShapeofUnn","HollowMod:ChannelNail"],"picked":"HollowMod:QuirrelsAssistance","floor":13},{"not_picked":["HollowMod:SharpenedNail","HollowMod:InfectedCysts","HollowMod:SiblingsSouls"],"picked":"HollowMod:SoulEater","floor":14}],"player_experience":111407,"relics_obtained":[{"floor":6.0,"key":"Bag of Marbles"},{"floor":9,"key":"Question Card"},{"floor":12,"key":"Replay:PocketPolymizer"},{"floor":15,"key":"potionbrewer:ToyAutogyro"}],"event_choices":[],"is_beta":false,"boss_relics":[],"items_purged_floors":[],"is_endless":false,"potions_floor_spawned":[1,7,14],"killed_by":"Hallownest:BossHornet","ascension_level":0}}