{"host":"2lo6hma6kymb0g9i","time":1613205763,"event":{"mods":["BaseMod","Colored Map","DeckTracker","Minty Spire (QoL Compilation)"],"gold_per_floor":[360,285,285,285,201,229,255,266,290,316,329,343,44,73,73,147,147,159,171,2,13,13,13,48,68,68,79,113,113,123,123,123,197,197,211,211,211,211,226,241,266,266,293,237,263,275,287,299,311,323,335,335],"floor_reached":51,"language":"JPN","playtime":3316,"items_purged":["Strike_R"],"score":1572,"play_id":"e2275bd0-5fe7-4331-ac51-dc6a7bcc0fe7","local_time":"20210213174243","is_ascension_mode":true,"campfire_choices":[{"data":"Cleave","floor":15.0,"key":"SMITH"},{"data":"Double Tap","floor":23.0,"key":"SMITH"},{"floor":29.0,"key":"REST"},{"data":"Offering","floor":32.0,"key":"SMITH"},{"floor":46,"key":"RECALL"},{"floor":49,"key":"REST"}],"circlet_count":0,"master_deck":["AscendersBane","Defend_R","Defend_R","Bash","Infernal Blade","Feel No Pain","Offering+1","Cleave+1","Offering","Double Tap+1","Hemokinesis+1","Hemokinesis+1","Shrug It Off+1","Blood for Blood+1","Rupture+1","Second Wind","Infernal Blade+1","Impervious","Reaper","True Grit+1","Exhume","Dropkick+1","Flash of Steel","Blind","Flash of Steel"],"relics":["Burning Blood","Art of War","Bag of Marbles","Lantern","Whetstone","Red Skull","Nunchaku","Astrolabe","Bronze Scales","Kunai","Question Card","Mummified Hand","Fusion Hammer","Orichalcum","MawBank"],"acts_visited":["Exordium","TheCity","TheBeyond"],"potions_floor_usage":[],"damage_taken":[{"damage":5.0,"enemies":"2 Louse","floor":1.0,"turns":4.0},{"damage":40.0,"enemies":"Lagavulin","floor":6.0,"turns":6.0},{"damage":18.0,"enemies":"Jaw Worm","floor":8.0,"turns":8.0},{"damage":4.0,"enemies":"3 Sentries","floor":10.0,"turns":6.0},{"damage":6.0,"enemies":"Small Slimes","floor":11.0,"turns":2.0},{"damage":6.0,"enemies":"Blue Slaver","floor":12.0,"turns":2.0},{"damage":18.0,"enemies":"Lagavulin","floor":14.0,"turns":5.0},{"damage":6.0,"enemies":"Slime Boss","floor":16.0,"turns":3.0},{"damage":10.0,"enemies":"Spheric Guardian","floor":18.0,"turns":1.0},{"damage":11.0,"enemies":"3 Byrds","floor":19.0,"turns":3.0},{"damage":13.0,"enemies":"Snecko","floor":21.0,"turns":4.0},{"damage":14.0,"enemies":"Gremlin Leader","floor":24.0,"turns":3.0},{"damage":16.0,"enemies":"3 Cultists","floor":25.0,"turns":2.0},{"damage":8.0,"enemies":"Cultist and Chosen","floor":27.0,"turns":3.0},{"damage":20.0,"enemies":"Book of Stabbing","floor":28.0,"turns":2.0},{"damage":2.0,"enemies":"Snake Plant","floor":30.0,"turns":3.0},{"damage":36.0,"enemies":"Champ","floor":33.0,"turns":5.0},{"damage":29.0,"enemies":"3 Darklings","floor":35.0,"turns":5.0},{"damage":4.0,"enemies":"Orb Walker","floor":39.0,"turns":1.0},{"damage":16.0,"enemies":"Maw","floor":40.0,"turns":4.0},{"damage":62.0,"enemies":"Nemesis","floor":41.0,"turns":5.0},{"damage":25,"enemies":"Reptomancer","floor":45,"turns":3},{"damage":38,"enemies":"Awakened One","floor":50,"turns":6},{"damage":73,"enemies":"Time Eater","floor":51,"turns":6}],"seed_played":"-8486933093090973263","potions_obtained":[{"floor":1.0,"key":"SkillPotion"},{"floor":6.0,"key":"BloodPotion"},{"floor":10.0,"key":"FearPotion"},{"floor":14.0,"key":"SpeedPotion"},{"floor":16.0,"key":"EssenceOfSteel"},{"floor":19.0,"key":"PowerPotion"},{"floor":25.0,"key":"PowerPotion"},{"floor":30.0,"key":"EssenceOfSteel"},{"floor":35.0,"key":"SpeedPotion"}],"is_trial":false,"path_per_floor":["M","?","?","?","$","E","T","M","T","E","M","M","$","E","R","B",null,"M","M","$","M","?","R","E","M","T","M","E","R","M","?","R","B",null,"M","$","?","?","M","M","E","?","T","$","E","R","?","$","R","B","B"],"character_chosen":"IRONCLAD","items_purchased":["Feel No Pain","Red Skull","Cleave","Bronze Scales","PowerPotion"],"campfire_rested":2,"item_purchase_floors":[5,13,13,20,44],"current_hp_per_floor":[68,68,73,73,73,39,39,27,27,43,43,43,43,31,31,31,63,59,54,54,47,47,47,39,29,29,27,13,34,48,48,48,18,59,36,36,36,36,64,73,34,34,34,34,63,63,53,53,69,69,0,0],"gold":335,"neow_bonus":"TWO_FIFTY_GOLD","is_daily":false,"chose_seed":false,"campfire_upgraded":3,"win_rate":0.0,"timestamp":1613205763,"path_taken":["M","?","?","?","?","E","?","M","T","E","?","M","$","E","R","BOSS","M","M","$","M","?","R","E","M","T","M","E","R","?","?","R","BOSS","M","$","?","?","M","M","E","?","T","$","E","R","?","?","R","BOSS","BOSS"],"items_purchased_type":["Card","Relic","Card","Relic","Potion"],"build_version":"2020-12-22","purchased_purges":1,"victory":false,"max_hp_per_floor":[68,68,73,73,73,73,73,73,73,73,73,73,73,73,73,73,73,73,73,73,73,73,73,73,73,73,73,73,73,73,73,73,73,73,73,73,73,73,73,73,73,69,69,69,69,69,69,69,69,69,69,69],"card_choices":[{"not_picked":["Rupture","Iron Wave"],"picked":"Infernal Blade","floor":1.0},{"not_picked":["Burning Pact","Armaments","Reaper"],"picked":"SKIP","floor":6.0},{"not_picked":["Sword Boomerang","Burning Pact","Warcry"],"picked":"SKIP","floor":8.0},{"not_picked":["Havoc","Rampage"],"picked":"Offering","floor":10.0},{"not_picked":["Flex","Heavy Blade"],"picked":"Rampage","floor":11.0},{"not_picked":["Perfected Strike","Sword Boomerang","Clothesline"],"picked":"SKIP","floor":12.0},{"not_picked":["Rampage","Inflame"],"picked":"Offering","floor":14.0},{"not_picked":["Feed","Barricade"],"picked":"Double Tap","floor":16.0},{"not_picked":["Inflame","Fire Breathing","Entrench"],"picked":"SKIP","floor":18.0},{"not_picked":["Flex","Burning Pact"],"picked":"Blood for Blood+1","floor":19.0},{"not_picked":["Spot Weakness","Havoc+1"],"picked":"Rupture+1","floor":21.0},{"not_picked":["Barricade","Heavy Blade"],"picked":"Second Wind","floor":24.0},{"not_picked":["Rage","Wild Strike"],"picked":"Infernal Blade+1","floor":25.0},{"not_picked":["Anger","Clash","Iron Wave"],"picked":"Impervious","floor":27.0},{"not_picked":["Immolate","Thunderclap","Headbutt"],"picked":"Reaper","floor":28.0},{"not_picked":["Second Wind","Havoc","Body Slam"],"picked":"True Grit+1","floor":30.0},{"not_picked":["Juggernaut","Corruption","Immolate"],"picked":"Exhume","floor":33.0},{"not_picked":["Flex+1","Rampage","Iron Wave"],"picked":"Dropkick+1","floor":35.0},{"not_picked":["Warcry+1","Clash","Iron Wave+1","Twin Strike"],"picked":"SKIP","floor":39.0},{"not_picked":["Offering","Headbutt","Clothesline","Reckless Charge"],"picked":"SKIP","floor":40.0},{"not_picked":["Iron Wave","Uppercut","Fire Breathing","Rupture"],"picked":"SKIP","floor":41.0},{"not_picked":["Perfected Strike","Warcry+1","Dark Embrace","Dropkick"],"picked":"SKIP","floor":45},{"not_picked":["Purity","Deep Breath","Mind Blast"],"picked":"Flash of Steel","floor":47},{"not_picked":["Bandage Up","Deep Breath","Panacea"],"picked":"Blind","floor":47},{"not_picked":["Impatience","Enlightenment","Jack Of All Trades"],"picked":"Flash of Steel","floor":47}],"player_experience":1182617,"relics_obtained":[{"floor":6.0,"key":"Art of War"},{"floor":7.0,"key":"Bag of Marbles"},{"floor":9.0,"key":"Lantern"},{"floor":10.0,"key":"Whetstone"},{"floor":14.0,"key":"Nunchaku"},{"floor":24.0,"key":"Kunai"},{"floor":26.0,"key":"Question Card"},{"floor":28.0,"key":"Mummified Hand"},{"floor":41.0,"key":"Orichalcum"},{"floor":45,"key":"MawBank"}],"event_choices":[{"cards_removed":["Strike_R"],"damage_healed":0.0,"max_hp_gain":0.0,"max_hp_loss":0.0,"gold_gain":0.0,"event_name":"The Cleric","player_choice":"Card Removal","floor":2.0,"gold_loss":75.0,"damage_taken":0.0},{"damage_healed":0.0,"max_hp_gain":5.0,"max_hp_loss":0.0,"gold_gain":0.0,"event_name":"Big Fish","player_choice":"Donut","floor":3.0,"gold_loss":0.0,"damage_taken":0.0},{"cards_removed":["Strike_R"],"damage_healed":0.0,"max_hp_gain":0.0,"max_hp_loss":0.0,"gold_gain":0.0,"event_name":"Living Wall","player_choice":"Forget","floor":4.0,"gold_loss":0.0,"damage_taken":0.0},{"damage_healed":0.0,"max_hp_gain":0.0,"max_hp_loss":0.0,"gold_gain":0.0,"cards_transformed":["Defend_R"],"event_name":"Transmorgrifier","player_choice":"Transformed","floor":22.0,"gold_loss":0.0,"damage_taken":0.0,"cards_obtained":["Inflame"]},{"cards_removed":["Inflame"],"damage_healed":0.0,"max_hp_gain":0.0,"max_hp_loss":0.0,"gold_gain":0.0,"event_name":"Back to Basics","player_choice":"Elegance","floor":31.0,"gold_loss":0.0,"damage_taken":0.0},{"damage_healed":0.0,"max_hp_gain":0.0,"max_hp_loss":0.0,"gold_gain":0.0,"event_name":"The Moai Head","player_choice":"Ignored","floor":37.0,"gold_loss":0.0,"damage_taken":0.0},{"cards_removed":["Rampage"],"damage_healed":0.0,"max_hp_gain":0.0,"max_hp_loss":0.0,"gold_gain":0.0,"event_name":"Falling","player_choice":"Removed Attack","floor":38.0,"gold_loss":0.0,"damage_taken":0.0},{"damage_healed":0.0,"max_hp_gain":0.0,"max_hp_loss":4.0,"gold_gain":0.0,"event_name":"Winding Halls","player_choice":"Max HP","floor":42.0,"gold_loss":0.0,"damage_taken":0.0},{"damage_healed":0,"gold_gain":0,"player_choice":"Memory 3","damage_taken":10,"max_hp_gain":0,"max_hp_loss":0,"event_name":"SensoryStone","floor":47,"gold_loss":0}],"is_beta":false,"boss_relics":[{"not_picked":["Sozu","Mark of Pain"],"picked":"Astrolabe"},{"not_picked":["Philosopher\u0027s Stone","Runic Pyramid"],"picked":"Fusion Hammer"}],"items_purged_floors":[13],"is_endless":false,"potions_floor_spawned":[1,6,10,14,16,19,25,27,30,35,45],"killed_by":"Time Eater","ascension_level":20}}