{"host":"ypzb5vvnu9f3ii1t","time":1613206228,"event":{"mods":["AchievementEnabler","BaseMod","Colored Map","DeckTracker","Keyboard Shortcuts","Minty Spire (QoL Compilation)","Permanent Neow","Quick Restart","SuperFastMode"],"gold_per_floor":[111,186,186,136,136,136,171,171,224,250,250,275,275,287,287,389,389,404,132,132,152,170,170,202,202,202,202,215,130,141,159,159,260,260,272,172,190,240,240,240,251,251,251,263,263,263,274,289,289,289],"floor_reached":51,"language":"KOR","playtime":1062,"items_purged":["SignatureMove","Vigilance+1"],"score":925,"play_id":"58782461-5e79-415b-8b52-eb353a121ba5","local_time":"20210213175028","is_ascension_mode":true,"campfire_choices":[{"data":"Eruption","floor":6.0,"key":"SMITH"},{"floor":8.0,"key":"REST"},{"floor":11.0,"key":"RECALL"},{"data":"Vigilance","floor":13.0,"key":"SMITH"},{"data":"Strike_P","floor":15.0,"key":"SMITH"},{"data":"Conclude","floor":23.0,"key":"SMITH"},{"floor":25.0,"key":"REST"},{"floor":27.0,"key":"REST"},{"data":"CarveReality","floor":32.0,"key":"SMITH"},{"floor":40,"key":"REST"},{"floor":42,"key":"REST"},{"floor":45,"key":"REST"},{"floor":49,"key":"REST"}],"circlet_count":0,"master_deck":["Eruption+1","Judgement+1","Perseverance+1","CarveReality+1","PathToVictory+1","Conclude+1","PathToVictory+1","PathToVictory+1","PathToVictory+1","PathToVictory+1","Protect+1","PathToVictory+1","DeceiveReality+1"],"relics":["PureWater","NeowsBlessing","Gremlin Horn","Toy Ornithopter","Torii","Toxic Egg 2","Pandora\u0027s Box","DollysMirror","Nunchaku","Unceasing Top","Omamori","SlaversCollar","Incense Burner","Darkstone Periapt"],"acts_visited":["Exordium","TheCity","TheBeyond"],"potions_floor_usage":[50,50],"damage_taken":[{"damage":0.0,"enemies":"Small Slimes","floor":1.0,"turns":1.0},{"damage":0.0,"enemies":"Lagavulin","floor":7.0,"turns":1.0},{"damage":0.0,"enemies":"3 Sentries","floor":10.0,"turns":1.0},{"damage":10.0,"enemies":"Gremlin Nob","floor":12.0,"turns":3.0},{"damage":0.0,"enemies":"2 Louse","floor":14.0,"turns":1.0},{"damage":26.0,"enemies":"Slime Boss","floor":16.0,"turns":10.0},{"damage":12.0,"enemies":"3 Byrds","floor":18.0,"turns":2.0},{"damage":0.0,"enemies":"Shell Parasite","floor":21.0,"turns":1.0},{"damage":0.0,"enemies":"Snecko","floor":22.0,"turns":2.0},{"damage":24.0,"enemies":"Book of Stabbing","floor":24.0,"turns":2.0},{"damage":1.0,"enemies":"Cultist and Chosen","floor":28.0,"turns":2.0},{"damage":0.0,"enemies":"Snake Plant","floor":30.0,"turns":2.0},{"damage":0.0,"enemies":"Centurion and Healer","floor":31.0,"turns":2.0},{"damage":27.0,"enemies":"Automaton","floor":33.0,"turns":5.0},{"damage":1.0,"enemies":"Orb Walker","floor":35.0,"turns":2.0},{"damage":6.0,"enemies":"3 Shapes","floor":37.0,"turns":2.0},{"damage":25.0,"enemies":"Mind Bloom Boss Battle","floor":38.0,"turns":3.0},{"damage":24,"enemies":"Writhing Mass","floor":41,"turns":3},{"damage":0,"enemies":"Transient","floor":44,"turns":5},{"damage":0,"enemies":"4 Shapes","floor":47,"turns":2},{"damage":12,"enemies":"Spire Growth","floor":48,"turns":3},{"damage":67,"enemies":"Donu and Deca","floor":50,"turns":6}],"seed_played":"6364238522101458399","potions_obtained":[{"floor":1.0,"key":"SteroidPotion"},{"floor":14.0,"key":"Weak Potion"},{"floor":16.0,"key":"BlessingOfTheForge"},{"floor":21.0,"key":"Fire Potion"},{"floor":35.0,"key":"Strength Potion"},{"floor":44,"key":"Strength Potion"}],"is_trial":false,"path_per_floor":["M","?","?","?","?","R","E","R","T","E","R","E","R","M","R","B",null,"M","$","?","M","M","R","E","R","T","R","M","?","M","M","R","B",null,"M","$","M","?","?","R","M","R","T","M","R","?","M","M","R","B",null],"character_chosen":"WATCHER","items_purchased":["PathToVictory+1","DollysMirror"],"campfire_rested":7,"item_purchase_floors":[19,19],"current_hp_per_floor":[72,61,47,47,47,47,47,68,68,68,68,62,62,62,62,36,72,60,60,60,60,60,60,36,57,57,72,71,71,71,71,71,45,72,71,71,65,40,40,61,37,58,58,58,72,72,72,60,72,5],"gold":289,"neow_bonus":"THREE_ENEMY_KILL","is_daily":false,"chose_seed":false,"campfire_upgraded":5,"win_rate":0.0,"timestamp":1613206228,"path_taken":["M","?","?","?","?","R","E","R","T","E","R","E","R","M","R","BOSS","M","$","?","?","M","R","E","R","T","R","M","?","M","M","R","BOSS","M","$","M","?","?","R","M","R","T","M","R","?","M","M","R","BOSS"],"items_purchased_type":["Card","Relic"],"build_version":"2020-12-22","purchased_purges":2,"victory":true,"max_hp_per_floor":[72,72,72,72,72,72,72,72,72,72,72,72,72,72,72,72,72,72,72,72,72,72,72,72,72,72,72,72,72,72,72,72,72,72,72,72,72,72,72,72,72,72,72,72,72,72,72,72,72,72],"card_choices":[{"not_picked":["Study","PathToVictory","Prostrate"],"picked":"SKIP","floor":1.0},{"not_picked":["Vengeance","Collect","ClearTheMind"],"picked":"SKIP","floor":7.0},{"not_picked":["SashWhip","CrushJoints","Alpha"],"picked":"SKIP","floor":10.0},{"not_picked":["JustLucky","EmptyFist","ClearTheMind+1"],"picked":"SKIP","floor":12.0},{"not_picked":["ClearTheMind+1","EmptyMind+1","Nirvana"],"picked":"SKIP","floor":14.0},{"not_picked":["Devotion","Brilliance"],"picked":"Judgement+1","floor":16.0},{"not_picked":["WheelKick+1","Prostrate+1","Collect+1"],"picked":"SKIP","floor":18.0},{"not_picked":["Tantrum","SashWhip","Weave"],"picked":"SKIP","floor":21.0},{"not_picked":["Consecrate","FollowUp"],"picked":"PathToVictory+1","floor":22.0},{"not_picked":["Collect+1","Halt+1","EmptyFist"],"picked":"SKIP","floor":24.0},{"not_picked":["CrushJoints+1","TalkToTheHand","FlurryOfBlows"],"picked":"SKIP","floor":28.0},{"not_picked":["Vengeance+1","Wish+1","WheelKick+1"],"picked":"SKIP","floor":30.0},{"not_picked":["Fasting2+1","ThirdEye+1"],"picked":"PathToVictory+1","floor":31.0},{"not_picked":["FlyingSleeves","Conclude+1"],"picked":"Swivel+1","floor":35.0},{"not_picked":["SashWhip","CutThroughFate+1"],"picked":"Protect+1","floor":37.0},{"not_picked":["CrushJoints+1","Evaluate+1"],"picked":"PathToVictory+1","floor":41},{"not_picked":["Protect+1","BattleHymn","SignatureMove+1"],"picked":"SKIP","floor":44},{"not_picked":["JustLucky+1","Prostrate+1"],"picked":"DeceiveReality+1","floor":47},{"not_picked":["Study","CutThroughFate+1","FollowUp+1"],"picked":"SKIP","floor":48}],"player_experience":209194,"relics_obtained":[{"floor":7.0,"key":"Gremlin Horn"},{"floor":9.0,"key":"Toy Ornithopter"},{"floor":10.0,"key":"Torii"},{"floor":12.0,"key":"Toxic Egg 2"},{"floor":24.0,"key":"Nunchaku"},{"floor":26.0,"key":"Unceasing Top"},{"floor":38.0,"key":"Incense Burner"},{"floor":43,"key":"Darkstone Periapt"}],"event_choices":[{"damage_healed":0.0,"max_hp_gain":0.0,"max_hp_loss":0.0,"gold_gain":75.0,"event_name":"World of Goop","player_choice":"Gather Gold","floor":2.0,"gold_loss":0.0,"damage_taken":11.0},{"damage_healed":0.0,"max_hp_gain":0.0,"max_hp_loss":0.0,"gold_gain":0.0,"event_name":"Shining Light","player_choice":"Entered Light","floor":3.0,"gold_loss":0.0,"damage_taken":14.0,"cards_upgraded":["Defend_P","Strike_P"]},{"cards_removed":["Strike_P"],"damage_healed":0.0,"max_hp_gain":0.0,"max_hp_loss":0.0,"gold_gain":0.0,"event_name":"The Cleric","player_choice":"Card Removal","floor":4.0,"gold_loss":50.0,"damage_taken":0.0},{"cards_removed":["Defend_P"],"damage_healed":0.0,"max_hp_gain":0.0,"max_hp_loss":0.0,"gold_gain":0.0,"event_name":"Living Wall","player_choice":"Forget","floor":5.0,"gold_loss":0.0,"damage_taken":0.0},{"cards_removed":["Devotion"],"damage_healed":0.0,"max_hp_gain":0.0,"max_hp_loss":0.0,"gold_gain":0.0,"event_name":"Purifier","player_choice":"Purged","floor":20.0,"gold_loss":0.0,"damage_taken":0.0},{"damage_healed":0.0,"max_hp_gain":0.0,"max_hp_loss":0.0,"gold_gain":0.0,"event_name":"Addict","player_choice":"Obtained Relic","floor":29.0,"gold_loss":85.0,"damage_taken":0.0,"relics_obtained":["Omamori"]},{"damage_healed":0.0,"max_hp_gain":0.0,"max_hp_loss":0.0,"gold_gain":0.0,"event_name":"MindBloom","player_choice":"Fight","floor":38.0,"gold_loss":0.0,"damage_taken":0.0},{"damage_healed":0,"gold_gain":0,"player_choice":"Ignored","damage_taken":0,"max_hp_gain":0,"max_hp_loss":0,"event_name":"Mysterious Sphere","floor":39,"gold_loss":0},{"cards_removed":["Swivel"],"damage_healed":0,"gold_gain":0,"player_choice":"Offered Uncommon","damage_taken":0,"max_hp_gain":0,"max_hp_loss":0,"event_name":"Bonfire Elementals","floor":46,"gold_loss":0}],"is_beta":false,"boss_relics":[{"not_picked":["Fusion Hammer","Ectoplasm"],"picked":"Pandora\u0027s Box"},{"not_picked":["Busted Crown","Snecko Eye"],"picked":"SlaversCollar"}],"items_purged_floors":[19,36],"is_endless":false,"potions_floor_spawned":[1,14,16,21,28,30,35,44,47,48],"ascension_level":4}}