{"host":"msmkw03x1o7nq45i","time":1613216727,"event":{"mods":["AchievementEnabler","BaseMod","Bestiary","Colored Powertips","GifTheSpireLib","Highlight Path","Minty Spire (QoL Compilation)","Random Character Button","Relic Stats","StSLib","everything is the same but u backflip on backflip"],"gold_per_floor":[109,109,109,74,89,89,116,116,116,143,143,161,195,214,214,292,292,306,73,73,108,120,150,150,224,224,241,241,253,267,1,1,1,1],"floor_reached":33,"language":"ENG","playtime":2456,"items_purged":["Strike_G"],"score":681,"play_id":"4a9597dc-4c25-425f-889d-3d7d867f12a2","local_time":"20210213134527","is_ascension_mode":true,"campfire_choices":[{"data":"Endless Agony","floor":6,"key":"SMITH"},{"data":"Underhanded Strike","floor":8,"key":"SMITH"},{"floor":15,"key":"REST"},{"data":"Wraith Form v2","floor":24,"key":"SMITH"},{"data":"Outmaneuver","floor":28,"key":"SMITH"},{"floor":32,"key":"REST"}],"circlet_count":0,"master_deck":["AscendersBane","Strike_G","Strike_G+1","Strike_G","Strike_G","Defend_G","Defend_G","Defend_G","Defend_G","Defend_G","Survivor","Neutralize+1","Underhanded Strike+1","Endless Agony+1","Doppelganger","Blade Dance","Terror","Dagger Spray","Wraith Form v2+1","PiercingWail","Bullet Time","Outmaneuver+1"],"relics":["Ring of the Snake","NeowsBlessing","Singing Bowl","Blue Candle","Ice Cream","Pear","Akabeko","Runic Pyramid","Pen Nib","Red Mask","Juzu Bracelet","Anchor","Kunai"],"acts_visited":["Exordium","TheCity"],"potions_floor_usage":[13,16,18,18,18,21,23,25,33],"damage_taken":[{"damage":0,"enemies":"2 Louse","floor":1,"turns":1},{"damage":0,"enemies":"Small Slimes","floor":5,"turns":1},{"damage":0,"enemies":"3 Sentries","floor":7,"turns":1},{"damage":26,"enemies":"Gremlin Nob","floor":10,"turns":4},{"damage":0,"enemies":"Jaw Worm","floor":12,"turns":2},{"damage":27,"enemies":"3 Sentries","floor":13,"turns":10},{"damage":0,"enemies":"Blue Slaver","floor":14,"turns":2},{"damage":27,"enemies":"The Guardian","floor":16,"turns":14},{"damage":1,"enemies":"3 Byrds","floor":18,"turns":3},{"damage":8,"enemies":"Masked Bandits","floor":21,"turns":5},{"damage":0,"enemies":"Chosen","floor":22,"turns":3},{"damage":27,"enemies":"Book of Stabbing","floor":23,"turns":7},{"damage":7,"enemies":"Slavers","floor":25,"turns":7},{"damage":0,"enemies":"Snake Plant","floor":27,"turns":5},{"damage":16,"enemies":"Shelled Parasite and Fungi","floor":29,"turns":3},{"damage":0,"enemies":"Centurion and Healer","floor":30,"turns":7},{"damage":48,"enemies":"Collector","floor":33,"turns":9}],"seed_played":"1835752692049261947","potions_obtained":[{"floor":1,"key":"SkillPotion"},{"floor":13,"key":"ColorlessPotion"},{"floor":14,"key":"Swift Potion"},{"floor":16,"key":"EntropicBrew"},{"floor":18,"key":"ColorlessPotion"},{"floor":21,"key":"SkillPotion"},{"floor":27,"key":"SpeedPotion"}],"is_trial":false,"path_per_floor":["M","?","?","?","M","R","E","R","T","E","?","M","E","M","R","B",null,"M","$","?","?","M","E","R","E","T","M","R","M","M","$","R","B"],"character_chosen":"THE_SILENT","items_purchased":["Pen Nib","Kunai"],"campfire_rested":2,"item_purchase_floors":[19,31],"current_hp_per_floor":[59,48,28,44,44,44,46,46,46,30,35,35,8,8,32,5,64,63,63,63,57,57,32,32,27,27,27,27,13,15,15,42,0,0],"gold":1,"neow_bonus":"THREE_ENEMY_KILL","is_daily":false,"chose_seed":false,"campfire_upgraded":4,"win_rate":0.0,"timestamp":1613216727,"path_taken":["M","?","?","?","M","R","E","R","T","E","?","M","E","?","R","BOSS","M","$","?","?","M","E","R","E","T","M","R","M","M","$","R","BOSS"],"items_purchased_type":["Relic","Relic"],"build_version":"2020-12-22","purchased_purges":1,"victory":false,"max_hp_per_floor":[66,66,66,66,66,66,68,68,68,78,83,83,83,83,83,83,83,83,83,83,85,85,87,87,89,89,89,89,91,93,93,93,93,93],"relic_stats":{"Singing Bowl":12,"counters":[17,84],"Blue Candle":[0],"Pen Nib":[13],"Juzu Bracelet":0,"Kunai":[8],"obtain_stats":[{"Ice Cream":9,"Pear":10,"NeowsBlessing":0,"Singing Bowl":2,"Blue Candle":7,"Pen Nib":19,"Juzu Bracelet":23,"Akabeko":13,"Anchor":25,"Red Mask":21,"Kunai":31,"Ring of the Snake":0,"Runic Pyramid":17},{"Ice Cream":3,"Pear":4,"NeowsBlessing":0,"Singing Bowl":1,"Blue Candle":3,"Pen Nib":9,"Juzu Bracelet":12,"Akabeko":6,"Anchor":13,"Red Mask":10,"Kunai":16,"Ring of the Snake":0,"Runic Pyramid":8},{"Ice Cream":3,"Pear":7,"NeowsBlessing":0,"Singing Bowl":1,"Blue Candle":3,"Pen Nib":38,"Juzu Bracelet":53,"Akabeko":19,"Anchor":60,"Red Mask":43,"Kunai":75,"Ring of the Snake":0,"Runic Pyramid":35}],"Ring of the Snake":[36]},"card_choices":[{"not_picked":["Choke","Slice"],"picked":"Underhanded Strike","floor":1},{"not_picked":["Escape Plan","Masterful Stab"],"picked":"Endless Agony","floor":5},{"not_picked":["Acrobatics","PiercingWail","Dodge and Roll"],"picked":"Singing Bowl","floor":7},{"not_picked":["Catalyst","Cloak And Dagger"],"picked":"Doppelganger","floor":10},{"not_picked":["Concentrate","Outmaneuver"],"picked":"Blade Dance","floor":12},{"not_picked":["Outmaneuver","Dash"],"picked":"Terror","floor":13},{"not_picked":["Deadly Poison","Quick Slash"],"picked":"Dagger Spray","floor":14},{"not_picked":["Glass Knife","Corpse Explosion"],"picked":"Wraith Form v2","floor":16},{"not_picked":["Predator","Dagger Throw"],"picked":"PiercingWail","floor":18},{"not_picked":["Acrobatics","Infinite Blades","Sucker Punch"],"picked":"Singing Bowl","floor":21},{"not_picked":["Acrobatics","PiercingWail"],"picked":"Bullet Time","floor":22},{"not_picked":["Dagger Throw","Dagger Spray","Choke"],"picked":"Singing Bowl","floor":23},{"not_picked":["Flying Knee","Poisoned Stab+1","Doppelganger"],"picked":"Singing Bowl","floor":25},{"not_picked":["Poisoned Stab+1","Slice+1"],"picked":"Outmaneuver","floor":27},{"not_picked":["Setup","Flying Knee+1","Cloak And Dagger"],"picked":"Singing Bowl","floor":29},{"not_picked":["Cloak And Dagger","Dagger Throw","Masterful Stab"],"picked":"Singing Bowl","floor":30}],"player_experience":539229,"relics_obtained":[{"floor":7,"key":"Blue Candle"},{"floor":9,"key":"Ice Cream"},{"floor":10,"key":"Pear"},{"floor":13,"key":"Akabeko"},{"floor":21,"key":"Red Mask"},{"floor":23,"key":"Juzu Bracelet"},{"floor":25,"key":"Anchor"}],"event_choices":[{"damage_healed":0,"gold_gain":0,"player_choice":"Success","damage_taken":11,"relics_obtained":["Singing Bowl"],"max_hp_gain":0,"max_hp_loss":0,"event_name":"Scrap Ooze","floor":2,"gold_loss":0},{"damage_healed":0,"gold_gain":0,"player_choice":"Entered Light","damage_taken":20,"max_hp_gain":0,"max_hp_loss":0,"event_name":"Shining Light","floor":3,"gold_loss":0,"cards_upgraded":["Neutralize","Strike_G"]},{"damage_healed":16,"gold_gain":0,"player_choice":"Healed","damage_taken":0,"max_hp_gain":0,"max_hp_loss":0,"event_name":"The Cleric","floor":4,"gold_loss":35},{"damage_healed":0,"gold_gain":0,"player_choice":"Donut","damage_taken":0,"max_hp_gain":5,"max_hp_loss":0,"event_name":"Big Fish","floor":11,"gold_loss":0},{"damage_healed":0,"gold_gain":0,"player_choice":"Ignored","damage_taken":0,"max_hp_gain":0,"max_hp_loss":0,"event_name":"The Mausoleum","floor":20,"gold_loss":0},{"damage_healed":0,"gold_gain":0,"player_choice":"Fought Bandits","damage_taken":0,"max_hp_gain":0,"max_hp_loss":0,"event_name":"Masked Bandits","floor":21,"gold_loss":0}],"is_beta":false,"boss_relics":[{"not_picked":["Pandora\u0027s Box","Snecko Eye"],"picked":"Runic Pyramid"}],"items_purged_floors":[19],"is_endless":false,"potions_floor_spawned":[1,13,14,16,18,21,27],"killed_by":"Collector","ascension_level":20}}