{"host":"mqzixrakqjp3g00v","time":1613189950,"event":{"mods":["AchievementEnabler","BaseMod","BetterRewards","Colored Map","Colored Powertips","Custom Start","Highlight Path","Minty Spire (QoL Compilation)","Quick Restart","Shop Mod","StSLib"],"gold_per_floor":[113,113,126,143,143,179,179,195,195,231,231,252,287,287],"floor_reached":13,"language":"ENG","playtime":603,"items_purged":["Strike_G"],"score":110,"play_id":"ed69d249-55f9-4d8f-8f7e-5c134a727dfe","local_time":"20210212221910","is_ascension_mode":true,"campfire_choices":[{"floor":11,"key":"REST"}],"circlet_count":0,"master_deck":["Strike_G","Strike_G","Strike_G","Strike_G","Defend_G","Defend_G","Defend_G","Defend_G","Defend_G","Survivor","Neutralize","PiercingWail","Prepared","Dagger Spray"],"relics":["Ring of the Snake","Torii","MerchantsRug","TwistedFunnel","Lantern","Bag of Marbles","NlothsMask","Golden Idol","Prayer Wheel","Frozen Egg 2","Question Card","Anchor"],"acts_visited":["Exordium"],"potions_floor_usage":[6,6,10,12],"damage_taken":[{"damage":0,"enemies":"Jaw Worm","floor":1,"turns":2},{"damage":0,"enemies":"Cultist","floor":3,"turns":2},{"damage":0,"enemies":"2 Louse","floor":4,"turns":1},{"damage":2,"enemies":"Gremlin Nob","floor":6,"turns":4},{"damage":2,"enemies":"Looter","floor":8,"turns":3},{"damage":39,"enemies":"3 Sentries","floor":10,"turns":20},{"damage":1,"enemies":"Exordium Thugs","floor":12,"turns":4},{"damage":30,"enemies":"Gremlin Nob","floor":13,"turns":5}],"seed_played":"390061429931909671","potions_obtained":[{"floor":3,"key":"GamblersBrew"},{"floor":4,"key":"PowerPotion"},{"floor":8,"key":"Dexterity Potion"},{"floor":12,"key":"Fruit Juice"}],"is_trial":false,"path_per_floor":["M","?","M","M","?","E","?","M","T","E","R","M","E"],"character_chosen":"THE_SILENT","items_purchased":["MerchantsRug","TwistedFunnel","Lantern","Bag of Marbles"],"campfire_rested":1,"item_purchase_floors":[0,0,0,0],"current_hp_per_floor":[70,70,70,70,53,51,51,49,49,10,31,35,5,5],"gold":287,"neow_bonus":"","is_daily":false,"chose_seed":false,"campfire_upgraded":0,"win_rate":0.0,"timestamp":1613189950,"path_taken":["M","?","?","M","?","E","?","M","T","E","R","?","E"],"items_purchased_type":["Relic","Relic","Relic","Relic"],"build_version":"2020-12-22","purchased_purges":1,"victory":false,"max_hp_per_floor":[70,70,70,70,70,70,70,70,70,70,70,75,75,75],"card_choices":[{"not_picked":["Backflip","Underhanded Strike"],"picked":"Dash","floor":1},{"not_picked":["Expertise","Outmaneuver","Flying Knee"],"picked":"SKIP","floor":3},{"not_picked":["Cloak And Dagger","Backflip","A Thousand Cuts"],"picked":"SKIP","floor":4},{"not_picked":["Cloak And Dagger","Distraction"],"picked":"PiercingWail","floor":6},{"not_picked":["Flying Knee","Dodge and Roll"],"picked":"Prepared","floor":8},{"not_picked":["Underhanded Strike","Acrobatics","Quick Slash"],"picked":"SKIP","floor":8},{"not_picked":["Dagger Throw","Blade Dance","Concentrate"],"picked":"SKIP","floor":10},{"not_picked":["Dagger Throw","Cloak And Dagger","Terror"],"picked":"Dagger Spray","floor":12},{"not_picked":["Slice","Setup","Accuracy+1","Prepared"],"picked":"SKIP","floor":12}],"player_experience":544897,"relics_obtained":[{"floor":6,"key":"Prayer Wheel"},{"floor":10,"key":"Question Card"},{"floor":13,"key":"Anchor"}],"event_choices":[{"damage_healed":0,"gold_gain":0,"player_choice":"Trade","damage_taken":0,"relics_obtained":["NlothsMask"],"max_hp_gain":0,"max_hp_loss":0,"event_name":"FaceTrader","floor":2,"gold_loss":0},{"damage_healed":0,"gold_gain":0,"player_choice":"Take Damage","damage_taken":17,"relics_obtained":["Golden Idol"],"max_hp_gain":0,"max_hp_loss":0,"event_name":"Golden Idol","floor":5,"gold_loss":0},{"cards_removed":["Dash"],"damage_healed":0,"gold_gain":0,"player_choice":"Gave Card","damage_taken":0,"relics_obtained":["Frozen Egg 2"],"max_hp_gain":0,"max_hp_loss":0,"event_name":"WeMeetAgain","floor":7,"gold_loss":0}],"is_beta":false,"boss_relics":[],"items_purged_floors":[0],"is_endless":false,"potions_floor_spawned":[3,4,8,12],"killed_by":"Gremlin Nob","ascension_level":1}}