{"host":"lnfs5t5iydkm2lft","time":1613239062,"event":{"mods":["AchievementEnabler","BaseMod","Better Third Choice","BetterRewards","Colored Powertips","Downfall","Hermit","Hubris","Infinite Spire","Marisa????????","Minty Spire (QoL Compilation)","Quick Restart","Replay The Spire","StSLib","The Runesmith","The Senshi","everything is the same but u backflip on backflip","slay the spire mod where everything is the same but ironclad has a cowboy hat"],"gold_per_floor":[99,119,130,130,130,130,130,145,201,235,235,264,64,82,102,102,102],"floor_reached":16,"language":"ENG","playtime":1418,"items_purged":[],"score":110,"play_id":"73d9f24a-61ad-4867-88aa-700aa667441b","local_time":"20210213115742","is_ascension_mode":false,"campfire_choices":[{"data":"hermit:Covet","floor":1,"key":"SMITH"},{"floor":6,"key":"RECALL"},{"floor":13,"key":"REST"}],"circlet_count":0,"master_deck":["hermit:Strike_Hermit","hermit:Strike_Hermit","hermit:Strike_Hermit+1","hermit:Strike_Hermit+1","hermit:Defend_Hermit","hermit:Defend_Hermit","hermit:Defend_Hermit","hermit:Defend_Hermit","hermit:Snapshot+1","hermit:Covet+1","hermit:Roulette","hermit:Determination","downfall:Malfunctioning","hermit:WideOpen","hermit:Vantage","downfall:Malfunctioning","hermit:Vantage","hermit:GoldenBullet","Terror"],"relics":["hermit:Momento","Slimebound:PreparedRelic","Juzu Bracelet","Bird Faced Urn","hubris:DisguiseKit","Golden Egg","downfall:HeartBlessingGreen","downfall:HeartBlessingRed"],"acts_visited":["Exordium"],"potions_floor_usage":[9,12],"damage_taken":[{"damage":3,"enemies":"Jaw Worm","floor":2,"turns":4},{"damage":0,"enemies":"2 Louse","floor":3,"turns":3},{"damage":9,"enemies":"Small Slimes","floor":8,"turns":3},{"damage":22,"enemies":"3 Sentries","floor":9,"turns":6},{"damage":18,"enemies":"3 Sentries","floor":10,"turns":6},{"damage":28,"enemies":"Lagavulin","floor":12,"turns":4},{"damage":7,"enemies":"Lots of Slimes","floor":14,"turns":4},{"damage":16,"enemies":"Large Slime","floor":15,"turns":4},{"damage":8,"enemies":"SI_SHIV_ARCHETYPE","floor":16,"turns":5}],"seed_played":"8771889108697817957","potions_obtained":[{"floor":3,"key":"hermit:BlackBile"},{"floor":8,"key":"CultistPotion"},{"floor":15,"key":"SteroidPotion"}],"is_trial":false,"path_per_floor":["R","M","M","?","?","R","T","M","?","E","?","E","R","M","M","B"],"character_chosen":"HERMIT","items_purchased":[],"campfire_rested":1,"item_purchase_floors":[],"current_hp_per_floor":[82,79,79,79,79,79,79,70,48,30,30,4,28,21,5,0,0],"gold":102,"neow_bonus":"TEN_PERCENT_HP_BONUS","is_daily":false,"chose_seed":false,"campfire_upgraded":1,"win_rate":0.0,"timestamp":1613239062,"path_taken":["R","M","M","?","?","R","T","M","?","E","?","E","R","M","M","BOSS"],"items_purchased_type":[],"build_version":"2020-12-22","purchased_purges":0,"victory":false,"max_hp_per_floor":[82,82,82,82,82,82,82,82,82,82,82,82,82,82,82,82,82],"card_choices":[{"not_picked":["hermit:LuckOfTheDraw","hermit:EyeOfTheStorm"],"picked":"hermit:Roulette","floor":2},{"not_picked":["hermit:TakeAim","hermit:Gestalt"],"picked":"hermit:Determination","floor":3},{"not_picked":["hermit:TrackingShot","hermit:Horror"],"picked":"hermit:WideOpen","floor":8},{"not_picked":["hermit:Ricochet","hermit:Adapt"],"picked":"hermit:Vantage","floor":10},{"not_picked":["hermit:Manifest","hermit:PistolWhip","Poisoned Stab"],"picked":"hermit:Vantage","floor":12},{"not_picked":["hermit:LowProfile","hermit:ItchyTrigger","Masterful Stab"],"picked":"hermit:GoldenBullet","floor":14},{"not_picked":["hermit:BigShot","hermit:Headshot","hermit:WideOpen"],"picked":"Terror","floor":15}],"player_experience":359248,"relics_obtained":[{"floor":7,"key":"Slimebound:PreparedRelic"},{"floor":9,"key":"Juzu Bracelet"},{"floor":10,"key":"Bird Faced Urn"},{"floor":12,"key":"Golden Egg"}],"event_choices":[],"is_beta":false,"boss_relics":[],"items_purged_floors":[],"is_endless":false,"potions_floor_spawned":[3,8,15],"killed_by":"SI_SHIV_ARCHETYPE","ascension_level":0}}