{"host":"i7jfea87xc8lz16p","time":1613214144,"event":{"mods":["AchievementEnabler","BaseMod","Colored Powertips","Minty Spire (QoL Compilation)","Relic Stats"],"gold_per_floor":[109,124,124,143,155,155,155,155],"floor_reached":7,"language":"ENG","playtime":266,"items_purged":[],"score":86,"play_id":"ec40937a-f2df-4800-9458-eb9f21332890","local_time":"20210213120224","is_ascension_mode":true,"campfire_choices":[{"data":"Dagger Spray","floor":6,"key":"SMITH"}],"circlet_count":0,"master_deck":["AscendersBane","Strike_G","Strike_G","Strike_G","Strike_G","Defend_G","Defend_G","Defend_G","Defend_G","Defend_G","Survivor","Neutralize","Tools of the Trade","Blade Dance","Masterful Stab","Dagger Spray+1"],"relics":["Ring of the Snake","Strawberry"],"acts_visited":["Exordium"],"potions_floor_usage":[5],"damage_taken":[{"damage":10,"enemies":"Jaw Worm","floor":1,"turns":9},{"damage":0,"enemies":"2 Louse","floor":2,"turns":3},{"damage":0,"enemies":"Cultist","floor":4,"turns":2},{"damage":11,"enemies":"Exordium Thugs","floor":5,"turns":5},{"damage":31,"enemies":"Gremlin Nob","floor":7,"turns":3}],"seed_played":"-3825539249700901999","potions_obtained":[{"floor":1,"key":"EssenceOfSteel"}],"is_trial":false,"path_per_floor":["M","M","?","M","M","R","E"],"character_chosen":"THE_SILENT","items_purchased":[],"campfire_rested":0,"item_purchase_floors":[],"current_hp_per_floor":[49,49,38,38,27,27,0,0],"gold":155,"neow_bonus":"TRANSFORM_CARD","is_daily":false,"chose_seed":false,"campfire_upgraded":1,"win_rate":0.0,"timestamp":1613214144,"path_taken":["M","M","?","M","M","R","E"],"items_purchased_type":[],"build_version":"2020-12-22","purchased_purges":0,"victory":false,"max_hp_per_floor":[66,66,73,73,73,73,73,73],"relic_stats":{"counters":[5,22],"obtain_stats":[{"Strawberry":3,"Ring of the Snake":0},{"Strawberry":2,"Ring of the Snake":0},{"Strawberry":12,"Ring of the Snake":0}],"Ring of the Snake":[10]},"card_choices":[{"not_picked":["Terror","Catalyst"],"picked":"Blade Dance","floor":1},{"not_picked":["Deadly Poison","Setup"],"picked":"Masterful Stab","floor":2},{"not_picked":["Skewer","Night Terror"],"picked":"Dagger Spray","floor":4},{"not_picked":["Dagger Throw","Dodge and Roll","Cloak And Dagger"],"picked":"SKIP","floor":5}],"player_experience":1847657,"relics_obtained":[],"event_choices":[{"damage_healed":0,"gold_gain":0,"player_choice":"Success","damage_taken":18,"relics_obtained":["Strawberry"],"max_hp_gain":0,"max_hp_loss":0,"event_name":"Scrap Ooze","floor":3,"gold_loss":0}],"is_beta":false,"boss_relics":[],"items_purged_floors":[],"is_endless":false,"potions_floor_spawned":[1],"killed_by":"Gremlin Nob","ascension_level":20}}