{"host":"3qkmyeoym75lj4wn","time":1613238298,"event":{"mods":["2.2 Compatiblity","BaseMod","Block Reminder","Colored Powertips","Highlight Path","Minty Spire (QoL Compilation)","Permanent Neow","Potion Indicator Mod","Rare Cards Sparkle","Relic Stats","StSLib","Unceasing Turn Reminder"],"gold_per_floor":[16,16,16,34,58,91,16,16,16,54,54,68,91,131,131,227,227,254,285,212,248,275,626,662,674,713,725,737,773,49,49,49,140,140,164,182,213,213,238,277,277,312,337,362,22,36,61,99,99,99,99,99,99,46,89,89],"floor_reached":57,"language":"ENG","playtime":3850,"items_purged":["Strike_R","Strike_R"],"score":2993,"play_id":"cbf60307-4352-4242-bee7-7dd86f80a97e","local_time":"20210213174458","is_ascension_mode":true,"campfire_choices":[{"floor":8.0,"key":"REST"},{"data":"Corruption","floor":11.0,"key":"SMITH"},{"floor":15.0,"key":"REST"},{"data":"1","floor":25.0,"key":"LIFT"},{"data":"2","floor":27.0,"key":"LIFT"},{"data":"3","floor":32.0,"key":"LIFT"},{"floor":41.0,"key":"RECALL"},{"data":"Dark Embrace","floor":49.0,"key":"SMITH"},{"data":"Barricade","floor":53.0,"key":"SMITH"}],"circlet_count":0,"master_deck":["AscendersBane","Strike_R","Strike_R+1","Strike_R+1","Defend_R","Defend_R","Defend_R","Defend_R","Bash+1","Corruption+1","Dark Embrace+1","Flame Barrier","Metallicize","Uppercut","Rage","Thunderclap+1","Intimidate","Barricade+1","CurseOfTheBell","Feel No Pain","Disarm","Havoc+1","Armaments+1","Corruption+1","Limit Break+1","Shrug It Off+1","Seeing Red+1","Fiend Fire","Spot Weakness+1","Shrug It Off+1","Armaments+1"],"relics":["Burning Blood","Golden Idol","StoneCalendar","Bird Faced Urn","Ancient Tea Set","Girya","Calling Bell","MawBank","Paper Frog","Dead Branch","Bag of Preparation","Old Coin","MutagenicStrength","Frozen Eye","Toxic Egg 2","Whetstone","Mark of Pain","Ginger","Blood Vial","Omamori","Centennial Puzzle","Ornamental Fan","Gremlin Horn","Pen Nib"],"acts_visited":["Exordium","TheCity","TheBeyond","TheEnding"],"potions_floor_usage":[56],"damage_taken":[{"damage":9.0,"enemies":"Jaw Worm","floor":1.0,"turns":6.0},{"damage":7.0,"enemies":"2 Louse","floor":4.0,"turns":3.0},{"damage":0.0,"enemies":"Cultist","floor":5.0,"turns":4.0},{"damage":49.0,"enemies":"Gremlin Nob","floor":6.0,"turns":5.0},{"damage":0.0,"enemies":"Lagavulin","floor":10.0,"turns":7.0},{"damage":25.0,"enemies":"Large Slime","floor":12.0,"turns":7.0},{"damage":16.0,"enemies":"Red Slaver","floor":13.0,"turns":4.0},{"damage":12.0,"enemies":"3 Sentries","floor":14.0,"turns":7.0},{"damage":43.0,"enemies":"Slime Boss","floor":16.0,"turns":12.0},{"damage":4.0,"enemies":"Chosen","floor":18.0,"turns":5.0},{"damage":0.0,"enemies":"2 Thieves","floor":19.0,"turns":3.0},{"damage":37.0,"enemies":"Shelled Parasite and Fungi","floor":21.0,"turns":4.0},{"damage":0.0,"enemies":"Snake Plant","floor":22.0,"turns":5.0},{"damage":53.0,"enemies":"Slavers","floor":23.0,"turns":4.0},{"damage":0.0,"enemies":"Chosen and Byrds","floor":24.0,"turns":5.0},{"damage":15.0,"enemies":"Centurion and Healer","floor":29.0,"turns":7.0},{"damage":39.0,"enemies":"Automaton","floor":33.0,"turns":10.0},{"damage":0.0,"enemies":"3 Darklings","floor":35.0,"turns":4.0},{"damage":6.0,"enemies":"Orb Walker","floor":36.0,"turns":3.0},{"damage":0.0,"enemies":"Mind Bloom Boss Battle","floor":37.0,"turns":5.0},{"damage":0.0,"enemies":"Maw","floor":39.0,"turns":2.0},{"damage":0.0,"enemies":"Nemesis","floor":40.0,"turns":5.0},{"damage":10.0,"enemies":"Giant Head","floor":42.0,"turns":6.0},{"damage":8.0,"enemies":"Spire Growth","floor":44.0,"turns":3.0},{"damage":9.0,"enemies":"Jaw Worm Horde","floor":46.0,"turns":4.0},{"damage":6.0,"enemies":"Writhing Mass","floor":47.0,"turns":1.0},{"damage":21.0,"enemies":"Nemesis","floor":48.0,"turns":5.0},{"damage":0.0,"enemies":"Time Eater","floor":50.0,"turns":2.0},{"damage":22.0,"enemies":"Donu and Deca","floor":51.0,"turns":5.0},{"damage":11.0,"enemies":"Shield and Spear","floor":55.0,"turns":3.0},{"damage":53,"enemies":"The Heart","floor":56,"turns":7}],"seed_played":"-3030879441857332415","potions_obtained":[{"floor":1.0,"key":"AttackPotion"},{"floor":6.0,"key":"Ancient Potion"},{"floor":13.0,"key":"ColorlessPotion"},{"floor":18.0,"key":"DistilledChaos"},{"floor":22.0,"key":"Energy Potion"},{"floor":33.0,"key":"SteroidPotion"},{"floor":36.0,"key":"Fire Potion"},{"floor":38.0,"key":"BlessingOfTheForge"}],"is_trial":false,"path_per_floor":["M","?","?","M","M","E","$","R","T","E","R","M","M","E","R","B",null,"M","M","?","M","M","E","M","R","T","R","?","M","$","?","R","B",null,"M","M","?","?","M","E","R","E","T","M","$","M","M","E","R","B","B",null,"R","$","E","B",null],"character_chosen":"IRONCLAD","items_purchased":["Frozen Eye","Toxic Egg 2","Whetstone","Armaments+1","Ornamental Fan","Energy Potion","PowerPotion"],"campfire_rested":2,"item_purchase_floors":[30,30,30,30,45,45,54],"current_hp_per_floor":[65,65,45,44,50,7,7,27,27,39,39,26,20,18,38,7,53,59,68,68,45,61,26,42,42,42,42,42,47,47,47,47,28,58,68,68,68,68,68,68,68,66,66,68,68,68,68,63,63,68,68,68,68,68,68,32],"gold":89,"neow_bonus":"THREE_RARE_CARDS","is_daily":false,"chose_seed":false,"campfire_upgraded":3,"win_rate":0.0,"timestamp":1613238298,"path_taken":["M","?","?","M","M","E","$","R","T","E","R","M","M","E","R","BOSS","M","M","?","M","M","E","M","R","T","R","?","M","$","?","R","BOSS","M","?","?","?","M","E","R","E","T","?","?","M","M","E","R","BOSS","BOSS","R","$","E","BOSS"],"items_purchased_type":["Relic","Relic","Relic","Card","Relic","Potion","Potion"],"build_version":"2020-12-22","purchased_purges":2,"victory":true,"max_hp_per_floor":[75,68,68,68,68,68,68,68,68,68,68,68,68,68,68,68,68,68,68,68,68,68,68,68,68,68,68,68,68,68,68,68,68,68,68,68,68,68,68,68,68,68,68,68,68,68,68,68,68,68,68,68,68,68,68,68],"relic_stats":{"Gremlin Horn":[0,2],"counters":[31,153],"Golden Idol":232,"Dead Branch":[616],"StoneCalendar":[218],"Pen Nib":[1],"Bag of Preparation":[40],"Whetstone":["Thunderclap","Bash"],"Ginger":[9],"MawBank":156,"Burning Blood":133,"Blood Vial":4,"Centennial Puzzle":[20],"Ornamental Fan":[16],"Bird Faced Urn":[186],"obtain_stats":[{"Girya":14,"Gremlin Horn":48,"Golden Idol":2,"Dead Branch":17,"StoneCalendar":6,"Pen Nib":55,"Bag of Preparation":20,"Omamori":42,"Whetstone":30,"Ginger":37,"Ancient Tea Set":10,"MawBank":17,"Burning Blood":0,"Old Coin":23,"Calling Bell":17,"Blood Vial":40,"Frozen Eye":30,"Centennial Puzzle":43,"Ornamental Fan":45,"Bird Faced Urn":9,"MutagenicStrength":28,"Mark of Pain":34,"Toxic Egg 2":30,"Paper Frog":17},{"Girya":8,"Gremlin Horn":27,"Golden Idol":1,"Dead Branch":9,"StoneCalendar":4,"Pen Nib":30,"Bag of Preparation":11,"Omamori":23,"Whetstone":16,"Ginger":20,"Ancient Tea Set":5,"MawBank":9,"Burning Blood":0,"Old Coin":14,"Calling Bell":9,"Blood Vial":22,"Frozen Eye":16,"Centennial Puzzle":23,"Ornamental Fan":24,"Bird Faced Urn":4,"MutagenicStrength":15,"Mark of Pain":17,"Toxic Egg 2":16,"Paper Frog":9},{"Girya":43,"Gremlin Horn":136,"Golden Idol":6,"Dead Branch":55,"StoneCalendar":18,"Pen Nib":146,"Bag of Preparation":63,"Omamori":123,"Whetstone":88,"Ginger":110,"Ancient Tea Set":25,"MawBank":55,"Burning Blood":0,"Old Coin":76,"Calling Bell":55,"Blood Vial":117,"Frozen Eye":88,"Centennial Puzzle":123,"Ornamental Fan":126,"Bird Faced Urn":18,"MutagenicStrength":81,"Mark of Pain":98,"Toxic Egg 2":88,"Paper Frog":55}]},"card_choices":[{"not_picked":["Impervious","Double Tap"],"picked":"Corruption","floor":0.0},{"not_picked":["Heavy Blade","Clothesline"],"picked":"Dark Embrace","floor":1.0},{"not_picked":["Warcry","Dropkick"],"picked":"Flame Barrier","floor":4.0},{"not_picked":["Shrug It Off","Clash"],"picked":"Metallicize","floor":5.0},{"not_picked":["Intimidate","True Grit"],"picked":"Uppercut","floor":6.0},{"not_picked":["Warcry","Sever Soul"],"picked":"Rage","floor":10.0},{"not_picked":["Cleave","Perfected Strike"],"picked":"Thunderclap","floor":12.0},{"not_picked":["Clothesline","Perfected Strike"],"picked":"Intimidate","floor":13.0},{"not_picked":["Searing Blow","Dual Wield","Anger"],"picked":"SKIP","floor":14.0},{"not_picked":["Bludgeon","Juggernaut"],"picked":"Barricade","floor":16.0},{"not_picked":["Rupture","Clothesline"],"picked":"Feel No Pain","floor":18.0},{"not_picked":["Clothesline","Cleave"],"picked":"Disarm","floor":19.0},{"not_picked":["Heavy Blade","Impervious"],"picked":"Havoc+1","floor":21.0},{"not_picked":["Second Wind","Pommel Strike","Perfected Strike"],"picked":"SKIP","floor":22.0},{"not_picked":["Power Through","Dual Wield","Heavy Blade"],"picked":"SKIP","floor":23.0},{"not_picked":["Thunderclap","Body Slam","Twin Strike"],"picked":"SKIP","floor":24.0},{"not_picked":["Havoc","Wild Strike","True Grit"],"picked":"SKIP","floor":29.0},{"not_picked":["Feed","Juggernaut"],"picked":"Limit Break+1","floor":33.0},{"not_picked":["Twin Strike+1","Pommel Strike"],"picked":"Shrug It Off+1","floor":35.0},{"not_picked":["Sentinel+1","Dropkick"],"picked":"Seeing Red+1","floor":36.0},{"not_picked":["Body Slam+1","Rampage","Cleave"],"picked":"SKIP","floor":39.0},{"not_picked":["Clothesline+1","Sever Soul","Iron Wave+1"],"picked":"SKIP","floor":40.0},{"not_picked":["Flex+1","Armaments+1"],"picked":"Fiend Fire","floor":42.0},{"not_picked":["Searing Blow+1","Thunderclap+1"],"picked":"Spot Weakness+1","floor":44.0},{"not_picked":["Anger","Iron Wave"],"picked":"Shrug It Off+1","floor":46.0},{"not_picked":["Reckless Charge","Wild Strike+1","Havoc+1"],"picked":"SKIP","floor":47.0},{"not_picked":["Flex+1","Exhume+1","Brutality"],"picked":"SKIP","floor":48.0},{"not_picked":["Evolve","Sword Boomerang"],"picked":"Armaments+1","floor":55.0}],"player_experience":1752108,"relics_obtained":[{"floor":6.0,"key":"StoneCalendar"},{"floor":9.0,"key":"Bird Faced Urn"},{"floor":10.0,"key":"Ancient Tea Set"},{"floor":14.0,"key":"Girya"},{"floor":17.0,"key":"MawBank"},{"floor":17.0,"key":"Paper Frog"},{"floor":17.0,"key":"Dead Branch"},{"floor":23.0,"key":"Old Coin"},{"floor":37.0,"key":"Ginger"},{"floor":40.0,"key":"Blood Vial"},{"floor":42.0,"key":"Omamori"},{"floor":43.0,"key":"Centennial Puzzle"},{"floor":48.0,"key":"Gremlin Horn"},{"floor":55.0,"key":"Pen Nib"}],"event_choices":[{"damage_healed":0.0,"max_hp_gain":0.0,"max_hp_loss":7.0,"gold_gain":0.0,"event_name":"Golden Idol","player_choice":"Lose Max HP","floor":2.0,"gold_loss":0.0,"damage_taken":0.0,"relics_obtained":["Golden Idol"]},{"damage_healed":0.0,"max_hp_gain":0.0,"max_hp_loss":0.0,"gold_gain":0.0,"event_name":"Shining Light","player_choice":"Entered Light","floor":3.0,"gold_loss":0.0,"damage_taken":20.0,"cards_upgraded":["Strike_R","Strike_R"]},{"damage_healed":0.0,"max_hp_gain":0.0,"max_hp_loss":0.0,"gold_gain":0.0,"event_name":"Addict","player_choice":"Obtained Relic","floor":20.0,"gold_loss":85.0,"damage_taken":0.0,"relics_obtained":["Bag of Preparation"]},{"damage_healed":0.0,"max_hp_gain":0.0,"max_hp_loss":0.0,"gold_gain":0.0,"event_name":"Drug Dealer","player_choice":"Inject Mutagens","floor":28.0,"gold_loss":0.0,"damage_taken":0.0,"relics_obtained":["MutagenicStrength"]},{"damage_healed":0.0,"max_hp_gain":0.0,"max_hp_loss":0.0,"gold_gain":0.0,"event_name":"Duplicator","player_choice":"Copied","floor":31.0,"gold_loss":0.0,"damage_taken":0.0,"cards_obtained":["Corruption"]},{"damage_healed":0.0,"max_hp_gain":0.0,"max_hp_loss":0.0,"gold_gain":0.0,"event_name":"MindBloom","player_choice":"Fight","floor":37.0,"gold_loss":0.0,"damage_taken":0.0},{"damage_healed":0.0,"max_hp_gain":0.0,"max_hp_loss":0.0,"gold_gain":0.0,"event_name":"Lab","player_choice":"Got Potions","floor":38.0,"gold_loss":0.0,"damage_taken":0.0}],"is_beta":false,"boss_relics":[{"not_picked":["Busted Crown","Ectoplasm"],"picked":"Calling Bell"},{"not_picked":["Runic Pyramid","Runic Dome"],"picked":"Mark of Pain"}],"items_purged_floors":[7,30],"is_endless":false,"potions_floor_spawned":[1,6,13,18,22,33,36,39,40,47,48,55],"ascension_level":20}}