{"host":"36t3qd3wjvajtu1z","time":1613181758,"event":{"mods":["2.2 Compatiblity","AchievementEnabler","BaseMod","Bestiary","Block Reminder","Colored Powertips","Curses Come First","Highlight Path","Minty Spire (QoL Compilation)","Permanent Neow","Quick Restart","Random Character Button","Rare Cards Sparkle","Relic Stats","Slay-I","StSLib","Unknown Chances"],"gold_per_floor":[109,34,47,60,135,169,222,222,222],"floor_reached":8,"language":"ENG","playtime":243,"items_purged":["Normality"],"score":109,"play_id":"6fa22d63-623e-46da-a94d-a5c76ca090be","local_time":"20210212180238","is_ascension_mode":true,"campfire_choices":[],"circlet_count":0,"master_deck":["AscendersBane","Strike_R","Strike_R","Strike_R","Strike_R","Strike_R","Defend_R","Defend_R","Defend_R","Defend_R","Bash","The Bomb","Carnage","Twin Strike","Evolve"],"relics":["Burning Blood","Regal Pillow"],"acts_visited":["Exordium"],"potions_floor_usage":[6],"damage_taken":[{"damage":15,"enemies":"2 Louse","floor":1,"turns":3},{"damage":7,"enemies":"Jaw Worm","floor":3,"turns":3},{"damage":13,"enemies":"Small Slimes","floor":4,"turns":3},{"damage":32,"enemies":"Gremlin Nob","floor":6,"turns":4},{"damage":30,"enemies":"3 Sentries","floor":8,"turns":4}],"seed_played":"-5450196771741247508","potions_obtained":[{"floor":3,"key":"BloodPotion"}],"is_trial":false,"path_per_floor":["M","$","M","M","?","E","?","E"],"character_chosen":"IRONCLAD","items_purchased":[],"campfire_rested":0,"item_purchase_floors":[],"current_hp_per_floor":[59,59,58,51,40,29,29,0,0],"gold":222,"neow_bonus":"RANDOM_COLORLESS_2","is_daily":false,"chose_seed":false,"campfire_upgraded":0,"win_rate":0.0,"timestamp":1613181758,"path_taken":["M","$","M","M","?","E","?","E"],"items_purchased_type":[],"build_version":"2020-12-22","purchased_purges":1,"victory":false,"max_hp_per_floor":[75,75,75,75,75,75,75,75,75],"relic_stats":{"Regal Pillow":0,"counters":[5,17],"obtain_stats":[{"Regal Pillow":6,"Burning Blood":0},{"Regal Pillow":4,"Burning Blood":0},{"Regal Pillow":13,"Burning Blood":0}],"Burning Blood":24},"card_choices":[{"not_picked":["Panache","Chrysalis"],"picked":"The Bomb","floor":0},{"not_picked":["Iron Wave","Inflame"],"picked":"Carnage","floor":1},{"not_picked":["Clash","Sentinel","Searing Blow"],"picked":"SKIP","floor":3},{"not_picked":["Seeing Red","True Grit"],"picked":"Twin Strike","floor":4},{"not_picked":["Heavy Blade","Disarm"],"picked":"Evolve","floor":6}],"player_experience":506070,"relics_obtained":[{"floor":6,"key":"Regal Pillow"}],"event_choices":[{"damage_healed":0,"gold_gain":75,"player_choice":"Gather Gold","damage_taken":11,"max_hp_gain":0,"max_hp_loss":0,"event_name":"World of Goop","floor":5,"gold_loss":0},{"damage_healed":0,"gold_gain":53,"player_choice":"Gained Gold","damage_taken":0,"max_hp_gain":0,"max_hp_loss":0,"event_name":"Golden Wing","floor":7,"gold_loss":0}],"is_beta":false,"boss_relics":[],"items_purged_floors":[2],"is_endless":false,"potions_floor_spawned":[3],"killed_by":"3 Sentries","ascension_level":19}}