{"host":"y4mx56vxqys6xwyn","time":1613252660,"event":{"mods":["BaseMod","Hermit","Minty Spire (QoL Compilation)","StSLib"],"gold_per_floor":[111,111,186,203,39,55,85,85,85,104,104,104],"floor_reached":11,"language":"ENG","playtime":629,"items_purged":["Shame"],"score":73,"play_id":"6345eddc-5fbd-414b-b16a-76a4c9eb1970","local_time":"20210213154420","is_ascension_mode":false,"campfire_choices":[],"circlet_count":0,"master_deck":["Strike_R","Strike_R","Strike_R","Strike_R+1","Defend_R","Defend_R","Defend_R","Defend_R+1","Bash","Feed","Twin Strike","Clash","Finesse","Dark Embrace","Seeing Red","Cleave"],"relics":["Burning Blood","Kunai","Nunchaku"],"acts_visited":["Exordium"],"potions_floor_usage":[7,8,11,11],"damage_taken":[{"damage":5,"enemies":"2 Louse","floor":1,"turns":2},{"damage":15,"enemies":"Small Slimes","floor":4,"turns":4},{"damage":0,"enemies":"Cultist","floor":6,"turns":3},{"damage":52,"enemies":"Gremlin Nob","floor":7,"turns":5},{"damage":7,"enemies":"Blue Slaver","floor":10,"turns":4},{"damage":17,"enemies":"Lagavulin","floor":11,"turns":6}],"seed_played":"5335935554601697081","potions_obtained":[{"floor":1,"key":"SpeedPotion"},{"floor":6,"key":"Regen Potion"},{"floor":7,"key":"Fruit Juice"},{"floor":10,"key":"FearPotion"}],"is_trial":false,"path_per_floor":["M","?","?","M","$","M","E","?","T","M","E"],"character_chosen":"IRONCLAD","items_purchased":["Finesse"],"campfire_rested":0,"item_purchase_floors":[5],"current_hp_per_floor":[83,66,55,46,46,52,20,18,18,17,0,0],"gold":104,"neow_bonus":"THREE_RARE_CARDS","is_daily":false,"chose_seed":false,"campfire_upgraded":0,"win_rate":0.0,"timestamp":1613252660,"path_taken":["M","?","?","M","$","M","E","?","T","M","E"],"items_purchased_type":["Card"],"build_version":"2020-12-22","purchased_purges":1,"victory":false,"max_hp_per_floor":[83,83,83,83,83,83,83,88,88,88,88,88],"card_choices":[{"not_picked":["Limit Break","Offering"],"picked":"Feed","floor":0},{"not_picked":["Flex","Intimidate"],"picked":"Twin Strike","floor":1},{"not_picked":["Entrench","Heavy Blade"],"picked":"Clash","floor":4},{"not_picked":["Sword Boomerang","Wild Strike"],"picked":"Dark Embrace","floor":6},{"not_picked":["Flex","Berserk"],"picked":"Seeing Red","floor":7},{"not_picked":["Iron Wave","Headbutt"],"picked":"Cleave","floor":10}],"player_experience":23724,"relics_obtained":[{"floor":7,"key":"Kunai"},{"floor":9,"key":"Nunchaku"}],"event_choices":[{"damage_healed":0,"gold_gain":0,"player_choice":"Entered Light","damage_taken":17,"max_hp_gain":0,"max_hp_loss":0,"event_name":"Shining Light","floor":2,"gold_loss":0,"cards_upgraded":["Strike_R","Defend_R"]},{"damage_healed":0,"gold_gain":75,"player_choice":"Gather Gold","damage_taken":11,"max_hp_gain":0,"max_hp_loss":0,"event_name":"World of Goop","floor":3,"gold_loss":0},{"cards_removed":["Strike_R"],"damage_healed":0,"gold_gain":0,"player_choice":"Card Removal","damage_taken":7,"max_hp_gain":0,"max_hp_loss":0,"event_name":"Golden Wing","floor":8,"gold_loss":0}],"is_beta":false,"boss_relics":[],"items_purged_floors":[5],"is_endless":false,"potions_floor_spawned":[1,6,7,10],"killed_by":"Lagavulin","ascension_level":0}}