{"host":"19r1ww88x2tc73i0","time":1613202479,"event":{"mods":["BaseMod","BetterRewards","Colored Map","Minty Spire (QoL Compilation)","Relic Stats","StSLib","SuperFastMode","slay the spire mod where everything is the same but ironclad has a cowboy hat"],"gold_per_floor":[109,89,102,27,27,58,58,58,138,151,172,172,197,241,241,332,332,355,355,270,270,270],"floor_reached":21,"language":"ENG","playtime":639,"items_purged":["Strike_G"],"score":424,"play_id":"7f9aa885-9339-480b-a8eb-c0fbb3e14d8f","local_time":"25640213144759","is_ascension_mode":true,"campfire_choices":[{"data":"Bane","floor":7,"key":"SMITH"},{"data":"Concentrate","floor":12,"key":"SMITH"},{"data":"Leg Sweep","floor":15,"key":"SMITH"}],"circlet_count":0,"master_deck":["AscendersBane","Strike_G","Strike_G","Strike_G","Strike_G","Defend_G","Defend_G","Defend_G","Defend_G","Defend_G","Survivor","Neutralize","Poisoned Stab","Concentrate+1","Bane+1","Leg Sweep+1","Acrobatics","Backflip","Bane","Night Terror","Caltrops"],"relics":["Ring of the Snake","NeowsBlessing","Golden Idol","The Courier","Sundial","Dream Catcher","Black Star","Nilry\u0027s Codex","StrikeDummy"],"acts_visited":["Exordium","TheCity"],"potions_floor_usage":[16,16,18],"damage_taken":[{"damage":0,"enemies":"Cultist","floor":1,"turns":1},{"damage":0,"enemies":"Small Slimes","floor":3,"turns":1},{"damage":0,"enemies":"Gremlin Nob","floor":6,"turns":1},{"damage":0,"enemies":"2 Louse","floor":10,"turns":3},{"damage":7,"enemies":"2 Fungi Beasts","floor":11,"turns":4},{"damage":0,"enemies":"Exordium Wildlife","floor":13,"turns":3},{"damage":29,"enemies":"3 Sentries","floor":14,"turns":12},{"damage":21,"enemies":"The Guardian","floor":16,"turns":14},{"damage":16,"enemies":"Chosen","floor":18,"turns":5},{"damage":5,"enemies":"3 Byrds","floor":21,"turns":4}],"seed_played":"203921305521685143","potions_obtained":[{"floor":1,"key":"FearPotion"},{"floor":2,"key":"LiquidBronze"},{"floor":13,"key":"DistilledChaos"},{"floor":14,"key":"SkillPotion"},{"floor":16,"key":"AttackPotion"},{"floor":18,"key":"SpeedPotion"}],"is_trial":false,"path_per_floor":["M","?","M","$","?","E","R","$","T","M","M","R","M","E","R","B",null,"M","?","?","M"],"character_chosen":"THE_SILENT","items_purchased":[],"campfire_rested":0,"item_purchase_floors":[],"current_hp_per_floor":[59,59,59,59,59,59,59,59,59,59,52,52,52,23,23,2,46,30,9,9,4,4],"gold":270,"neow_bonus":"THREE_ENEMY_KILL","is_daily":false,"chose_seed":false,"campfire_upgraded":3,"win_rate":0.0,"timestamp":1613202479,"path_taken":["M","?","?","$","?","E","R","$","T","M","M","R","M","E","R","BOSS","M","?","?","M"],"items_purchased_type":[],"build_version":"2020-12-22","purchased_purges":1,"victory":false,"max_hp_per_floor":[66,66,66,66,60,60,60,60,60,60,60,60,60,60,60,60,60,60,60,60,60,60],"relic_stats":{"Dream Catcher":0,"counters":[10,48],"Golden Idol":50,"Sundial":[8],"Black Star":0,"obtain_stats":[{"Dream Catcher":14,"NeowsBlessing":0,"Golden Idol":5,"Sundial":9,"Nilry\u0027s Codex":19,"The Courier":6,"Black Star":17,"StrikeDummy":20,"Ring of the Snake":0},{"Dream Catcher":7,"NeowsBlessing":0,"Golden Idol":2,"Sundial":3,"Nilry\u0027s Codex":9,"The Courier":3,"Black Star":8,"StrikeDummy":9,"Ring of the Snake":0},{"Dream Catcher":25,"NeowsBlessing":0,"Golden Idol":2,"Sundial":3,"Nilry\u0027s Codex":44,"The Courier":3,"Black Star":39,"StrikeDummy":44,"Ring of the Snake":0}],"Ring of the Snake":[20]},"card_choices":[{"not_picked":["Tactician","Flying Knee"],"picked":"Poisoned Stab","floor":1},{"not_picked":["Setup","Prepared"],"picked":"Concentrate","floor":3},{"not_picked":["Dodge and Roll","Dagger Spray"],"picked":"Bane","floor":6},{"not_picked":["Backstab","Bane"],"picked":"Leg Sweep","floor":10},{"not_picked":["Eviscerate","Outmaneuver"],"picked":"Acrobatics","floor":11},{"not_picked":["Underhanded Strike","Quick Slash"],"picked":"Backflip","floor":13},{"not_picked":["Slice","Phantasmal Killer"],"picked":"Bane","floor":14},{"not_picked":["Unload","After Image"],"picked":"Night Terror","floor":16},{"not_picked":["Deflect","Cloak And Dagger"],"picked":"Caltrops","floor":18}],"player_experience":1073783,"relics_obtained":[{"floor":6,"key":"The Courier"},{"floor":9,"key":"Sundial"},{"floor":14,"key":"Dream Catcher"},{"floor":19,"key":"Nilry\u0027s Codex"}],"event_choices":[{"damage_healed":0,"gold_gain":0,"player_choice":"Bought 1 Potion","damage_taken":0,"max_hp_gain":0,"max_hp_loss":0,"event_name":"The Woman in Blue","floor":2,"gold_loss":0},{"damage_healed":0,"gold_gain":0,"player_choice":"Lose Max HP","damage_taken":0,"relics_obtained":["Golden Idol"],"max_hp_gain":0,"max_hp_loss":6,"event_name":"Golden Idol","floor":5,"gold_loss":0},{"damage_healed":0,"gold_gain":0,"player_choice":"Obtained Book","damage_taken":21,"max_hp_gain":0,"max_hp_loss":0,"event_name":"Cursed Tome","floor":19,"gold_loss":0},{"damage_healed":0,"gold_gain":0,"player_choice":"Obtained Relic","damage_taken":0,"relics_obtained":["StrikeDummy"],"max_hp_gain":0,"max_hp_loss":0,"event_name":"Addict","floor":20,"gold_loss":85}],"is_beta":false,"boss_relics":[{"not_picked":["WristBlade","Philosopher\u0027s Stone"],"picked":"Black Star"}],"items_purged_floors":[4],"is_endless":false,"potions_floor_spawned":[1,13,14,16,18],"killed_by":"3 Byrds","ascension_level":20}}