{"host":"xjhv9wpdn6d41lfo","time":1613188037,"event":{"mods":["Act Like it!","BaseMod","Marked Mod","Minty Spire (QoL Compilation)","StSLib"],"gold_per_floor":[10000,10015,9207,9207,9223,9249,9249,9267,9314,8308,8320,8280,8280,8298,8298,8395,8395,8406,8426,7694,7694,7694,7694,7707,7622,7622,7639,7639,7639,7651,7667,7667,7772,7772,7786,6737,6752,6772,6786,6819,6819,6839,6920,6083,6095,6107,6125,6125,6125,6125],"floor_reached":51,"language":"ZHS","playtime":5560,"items_purged":["Defend_G","Defend_G","Strike_G","Strike_G","Defend_G+1"],"score":785,"play_id":"8c235ceb-f2c3-4484-8e5d-f9942e1c8691","local_time":"20210213114717","is_ascension_mode":false,"campfire_choices":[{"data":"Adrenaline","floor":7,"key":"SMITH"},{"data":"Apotheosis","floor":13,"key":"SMITH"},{"data":"Distraction","floor":15,"key":"SMITH"},{"data":"Noxious Fumes","floor":23,"key":"SMITH"},{"data":"RitualDagger","floor":29,"key":"SMITH"},{"data":"Burst","floor":32,"key":"SMITH"},{"data":"Envenom","floor":41,"key":"SMITH"},{"data":"A Thousand Cuts","floor":49,"key":"SMITH"}],"circlet_count":0,"master_deck":["Strike_G","Strike_G","Strike_G","Defend_G","Defend_G","Survivor","Neutralize","Tactician","Distraction+1","All Out Attack","Malaise+1","Endless Agony","Adrenaline+1","Prepared","Apotheosis+1","Backstab","Adrenaline","Noxious Fumes+1","Dagger Throw","Apotheosis+1","RitualDagger+1","Burst+1","Envenom+1","Bouncing Flask+1","Master of Strategy","Riddle With Holes+1","Footwork+1","A Thousand Cuts+1","Writhe"],"relics":["Ring of the Snake","NeowsBlessing","Question Card","Strawberry","Cauldron","Bag of Preparation","FossilizedHelix","Pen Nib","TheAbacus","HoveringKite","Lizard Tail","Lantern","DollysMirror","Anchor","Shuriken","Nloth\u0027s Gift","Runic Pyramid","Bronze Scales","Mercury Hourglass","Chemical X","Toy Ornithopter","InkBottle","Centennial Puzzle","Incense Burner","Medical Kit"],"acts_visited":["Exordium","TheCity","TheBeyond"],"potions_floor_usage":[6,6,6,19,24,30,31,33,42],"damage_taken":[{"damage":0,"enemies":"Jaw Worm","floor":1,"turns":1},{"damage":0,"enemies":"2 Louse","floor":2,"turns":1},{"damage":0,"enemies":"Cultist","floor":5,"turns":1},{"damage":10,"enemies":"Lagavulin","floor":6,"turns":8},{"damage":0,"enemies":"2 Fungi Beasts","floor":8,"turns":2},{"damage":0,"enemies":"Looter","floor":11,"turns":3},{"damage":0,"enemies":"3 Louse","floor":14,"turns":2},{"damage":0,"enemies":"The Guardian","floor":16,"turns":11},{"damage":0,"enemies":"Shell Parasite","floor":18,"turns":4},{"damage":0,"enemies":"2 Thieves","floor":19,"turns":2},{"damage":0,"enemies":"Snake Plant","floor":24,"turns":3},{"damage":0,"enemies":"Snecko","floor":27,"turns":3},{"damage":0,"enemies":"Chosen and Byrds","floor":30,"turns":3},{"damage":0,"enemies":"Snake Plant","floor":31,"turns":2},{"damage":43,"enemies":"Champ","floor":33,"turns":11},{"damage":3,"enemies":"3 Darklings","floor":35,"turns":4},{"damage":3,"enemies":"3 Shapes","floor":37,"turns":3},{"damage":0,"enemies":"Transient","floor":38,"turns":5},{"damage":10,"enemies":"Jaw Worm Horde","floor":39,"turns":2},{"damage":2,"enemies":"Giant Head","floor":40,"turns":6},{"damage":0,"enemies":"Spire Growth","floor":42,"turns":3},{"damage":3,"enemies":"Writhing Mass","floor":45,"turns":3},{"damage":5,"enemies":"Transient","floor":46,"turns":5},{"damage":0,"enemies":"Spire Growth","floor":47,"turns":3},{"damage":12,"enemies":"Awakened One","floor":50,"turns":9}],"seed_played":"110675844353017767","potions_obtained":[{"floor":1,"key":"DistilledChaos"},{"floor":3,"key":"LiquidMemories"},{"floor":3,"key":"Strength Potion"},{"floor":6,"key":"SkillPotion"},{"floor":27,"key":"AttackPotion"},{"floor":31,"key":"AttackPotion"}],"is_trial":false,"path_per_floor":["M","M","$","?","M","E","R","M","T","$","M","?","R","M","R","B",null,"M","M","$","?","?","R","M","?","T","M","?","R","M","M","R","B",null,"M","$","M","M","M","E","R","M","T","$","M","M","M","?","R","B",null],"character_chosen":"THE_SILENT","items_purchased":["Question Card","Strawberry","Cauldron","All Out Attack","Malaise","FossilizedHelix","Pen Nib","TheAbacus","Explosive Potion","DistilledChaos","Apotheosis","Lizard Tail","Lantern","DollysMirror","Bronze Scales","Mercury Hourglass","Chemical X","Master of Strategy","FearPotion","SteroidPotion","AttackPotion","Centennial Puzzle","Incense Burner","Medical Kit","DuplicationPotion"],"campfire_rested":0,"item_purchase_floors":[3,3,3,3,3,10,10,10,10,10,10,20,20,20,36,36,36,36,36,36,36,44,44,44,44],"current_hp_per_floor":[70,70,77,62,62,62,62,62,62,62,62,62,62,62,62,62,87,87,87,87,81,65,65,65,65,65,65,65,65,65,65,65,22,87,84,84,81,81,71,69,69,74,74,74,71,66,66,87,87,75],"gold":6125,"neow_bonus":"THREE_ENEMY_KILL","is_daily":false,"chose_seed":false,"campfire_upgraded":8,"win_rate":0.0,"timestamp":1613188037,"path_taken":["M","M","$","?","M","E","R","M","T","$","M","?","R","M","R","BOSS","M","?","$","?","?","R","M","?","T","M","?","R","?","M","R","BOSS","M","$","M","M","M","E","R","M","T","$","M","M","M","?","R","BOSS"],"items_purchased_type":["Relic","Relic","Relic","Card","Card","Relic","Relic","Relic","Potion","Potion","Card","Relic","Relic","Relic","Relic","Relic","Relic","Card","Potion","Potion","Potion","Relic","Relic","Relic","Potion"],"build_version":"2020-12-22","purchased_purges":5,"victory":true,"max_hp_per_floor":[70,70,77,77,77,87,87,87,87,87,87,87,87,87,87,87,87,87,87,87,87,87,87,87,87,87,87,87,87,87,87,87,87,87,87,87,87,87,87,87,87,87,87,87,87,87,87,87,87,87],"card_choices":[{"not_picked":["Masterful Stab","Deflect"],"picked":"Tactician","floor":1},{"not_picked":["Blade Dance","Leg Sweep"],"picked":"Distraction","floor":2},{"not_picked":["Footwork","Backflip","Deflect"],"picked":"Endless Agony","floor":5},{"not_picked":["Choke","Backflip","Well Laid Plans"],"picked":"Adrenaline","floor":6},{"not_picked":["Acrobatics","Dash","Slice"],"picked":"Prepared","floor":8},{"not_picked":["Backflip","Deflect","Eviscerate"],"picked":"Backstab","floor":11},{"not_picked":["Bouncing Flask","Eviscerate","Masterful Stab","PiercingWail"],"picked":"SKIP","floor":14},{"not_picked":["Die Die Die","Glass Knife","After Image"],"picked":"Adrenaline","floor":16},{"not_picked":["Prepared","Slice","Blade Dance+1"],"picked":"Noxious Fumes","floor":18},{"not_picked":["Slice","Leg Sweep","Dash"],"picked":"Dagger Throw","floor":19},{"not_picked":["Escape Plan","Acrobatics","Sucker Punch+1","Heel Hook"],"picked":"SKIP","floor":24},{"not_picked":["Dagger Throw","Outmaneuver","Flying Knee","Dodge and Roll"],"picked":"SKIP","floor":27},{"not_picked":["All Out Attack","Dagger Throw+1","Blade Dance","Flechettes"],"picked":"SKIP","floor":30},{"not_picked":["Prepared","Deadly Poison","Dagger Throw"],"picked":"Burst","floor":31},{"not_picked":["Burst","Bullet Time","Glass Knife"],"picked":"Envenom","floor":33},{"not_picked":["Flying Knee+1","Dodge and Roll","Outmaneuver"],"picked":"Bouncing Flask+1","floor":35},{"not_picked":["Choke","Eviscerate+1","Blade Dance+1"],"picked":"Riddle With Holes+1","floor":37},{"not_picked":["Slice+1","Sucker Punch+1","Prepared","Outmaneuver"],"picked":"SKIP","floor":38},{"not_picked":["Expertise","Dagger Throw","Poisoned Stab","Adrenaline"],"picked":"SKIP","floor":39},{"not_picked":["Riddle With Holes","Slice+1","Night Terror"],"picked":"Footwork+1","floor":40},{"not_picked":["Blade Dance+1","Outmaneuver+1","Backflip","PiercingWail"],"picked":"SKIP","floor":42},{"not_picked":["All Out Attack","Blade Dance+1","Dagger Spray+1","Well Laid Plans+1"],"picked":"SKIP","floor":45},{"not_picked":["Reflex+1","Distraction","Blade Dance","Expertise"],"picked":"SKIP","floor":46},{"not_picked":["Dash+1","Dagger Throw+1","Bullet Time"],"picked":"A Thousand Cuts","floor":47}],"player_experience":2462,"relics_obtained":[{"floor":6,"key":"Pear"},{"floor":9,"key":"Bag of Preparation"},{"floor":26,"key":"Shuriken"},{"floor":40,"key":"Toy Ornithopter"},{"floor":43,"key":"InkBottle"}],"event_choices":[{"damage_healed":0,"gold_gain":0,"player_choice":"Entered Light","damage_taken":15,"max_hp_gain":0,"max_hp_loss":0,"event_name":"Shining Light","floor":4,"gold_loss":0,"cards_upgraded":["Malaise","Defend_G"]},{"damage_healed":0,"gold_gain":0,"player_choice":"Bought 3 Potions","damage_taken":0,"max_hp_gain":0,"max_hp_loss":0,"event_name":"The Woman in Blue","floor":12,"gold_loss":0},{"damage_healed":0,"gold_gain":0,"player_choice":"Joined the Cult","damage_taken":6,"max_hp_gain":0,"max_hp_loss":0,"event_name":"Nest","floor":21,"gold_loss":0,"cards_obtained":["RitualDagger"]},{"damage_healed":0,"gold_gain":0,"player_choice":"Obtained Book","damage_taken":16,"max_hp_gain":0,"max_hp_loss":0,"event_name":"Cursed Tome","floor":22,"gold_loss":0},{"damage_healed":0,"gold_gain":0,"player_choice":"Obtained Relic","damage_taken":0,"relics_obtained":["Anchor"],"max_hp_gain":0,"max_hp_loss":0,"event_name":"Addict","floor":25,"gold_loss":85},{"damage_healed":0,"gold_gain":0,"player_choice":"Traded Relic","damage_taken":0,"relics_obtained":["Nloth\u0027s Gift"],"max_hp_gain":0,"max_hp_loss":0,"event_name":"N\u0027loth","floor":28,"relics_lost":["Pear"],"gold_loss":0},{"damage_healed":22,"gold_gain":0,"player_choice":"Writhe","damage_taken":0,"max_hp_gain":0,"max_hp_loss":0,"event_name":"Winding Halls","floor":48,"gold_loss":0,"cards_obtained":["Writhe"]}],"is_beta":false,"boss_relics":[{"not_picked":["Velvet Choker","Cursed Key"],"picked":"HoveringKite"},{"not_picked":["Calling Bell","SacredBark"],"picked":"Runic Pyramid"}],"items_purged_floors":[3,10,20,36,44],"is_endless":false,"potions_floor_spawned":[1,6,11,14,16,18,27,31,38,39,45],"ascension_level":0}}