{"host":"zsnmfqgcm92hlreo","time":1613197549,"event":{"mods":["AchievementEnabler","BaseMod","Bestiary","Block Reminder","Colored Map","Colored Powertips","Filter the Spire","Minty Spire (QoL Compilation)","Permanent Neow","Quick Restart","Relic Stats","StSLib","Weighted Paths"],"gold_per_floor":[110,123,123,142,107,107,134,146,233,245,285,316,328,415,427,513,525,552,594,606,598,107,107,120,153,179,223,252,361,361,390,390,390,390],"floor_reached":33,"language":"ENG","playtime":1601,"items_purged":[],"score":682,"play_id":"98cddb31-81cf-45a5-ba69-480e3897c255","local_time":"20210213002549","is_ascension_mode":true,"campfire_choices":[{"data":"Eruption","floor":6.0,"key":"SMITH"},{"data":"Omniscience","floor":8.0,"key":"SMITH"},{"data":"WindmillStrike","floor":10.0,"key":"SMITH"},{"floor":15.0,"key":"REST"},{"floor":23.0,"key":"REST"},{"floor":30,"key":"REST"},{"floor":32,"key":"REST"}],"circlet_count":0,"master_deck":["AscendersBane","Eruption+1","Vigilance+1","WindmillStrike+1","LessonLearned+1","FlyingSleeves+1","CarveReality","Swivel+1","Conclude","Weave","Omniscience+1","EmptyBody+1","LikeWater","Weave+1","Evaluate","DeusExMachina","ReachHeaven","SpiritShield","Wallop","Protect"],"relics":["Pandora\u0027s Box","MawBank","Yang","Dead Branch","Bag of Marbles","Philosopher\u0027s Stone","Red Mask","Nilry\u0027s Codex","ClockworkSouvenir","Torii","Gremlin Horn","CeramicFish","InkBottle","Incense Burner","Pantograph"],"acts_visited":["Exordium","TheCity"],"potions_floor_usage":[29],"damage_taken":[{"damage":4.0,"enemies":"Jaw Worm","floor":1.0,"turns":3.0},{"damage":6.0,"enemies":"2 Louse","floor":2.0,"turns":2.0},{"damage":1.0,"enemies":"Cultist","floor":4.0,"turns":5.0},{"damage":30.0,"enemies":"3 Sentries","floor":7.0,"turns":10.0},{"damage":0.0,"enemies":"Lagavulin","floor":11.0,"turns":2.0},{"damage":1.0,"enemies":"Blue Slaver","floor":12.0,"turns":5.0},{"damage":29.0,"enemies":"The Guardian","floor":16.0,"turns":9.0},{"damage":0.0,"enemies":"Chosen","floor":18.0,"turns":5.0},{"damage":0.0,"enemies":"Masked Bandits","floor":19.0,"turns":1.0},{"damage":19.0,"enemies":"2 Thieves","floor":24.0,"turns":4.0},{"damage":0.0,"enemies":"Gremlin Leader","floor":25.0,"turns":2.0},{"damage":16.0,"enemies":"Slavers","floor":27.0,"turns":4.0},{"damage":0.0,"enemies":"Snecko","floor":28.0,"turns":2.0},{"damage":1,"enemies":"Colosseum Slavers","floor":29,"turns":3},{"damage":9,"enemies":"Colosseum Nobs","floor":29,"turns":3},{"damage":20,"enemies":"Shelled Parasite and Fungi","floor":31,"turns":6},{"damage":81,"enemies":"Collector","floor":33,"turns":7}],"seed_played":"3064360784276977593","potions_obtained":[{"floor":1.0,"key":"FearPotion"},{"floor":7.0,"key":"Regen Potion"},{"floor":11.0,"key":"AttackPotion"},{"floor":16.0,"key":"Strength Potion"},{"floor":19.0,"key":"PowerPotion"},{"floor":28.0,"key":"AttackPotion"}],"is_trial":false,"path_per_floor":["M","M","?","M","?","R","E","R","T","R","E","M","?","?","R","B",null,"M","?","?","?","$","R","M","E","T","E","M","?","R","M","R","B"],"character_chosen":"WATCHER","items_purchased":["ClockworkSouvenir","Torii"],"campfire_rested":4,"item_purchase_floors":[22,22],"current_hp_per_floor":[57,51,51,50,67,67,37,37,37,37,37,36,18,7,27,13,54,54,54,33,33,33,53,34,34,34,18,18,8,28,8,28,0,0],"gold":390,"neow_bonus":"BOSS_RELIC","is_daily":false,"chose_seed":false,"campfire_upgraded":3,"win_rate":0.0,"timestamp":1613197549,"path_taken":["M","M","?","M","?","R","E","R","T","R","E","M","?","?","R","BOSS","M","?","?","?","$","R","M","E","T","E","?","?","R","M","R","BOSS"],"items_purchased_type":["Relic","Relic"],"build_version":"2020-12-22","purchased_purges":0,"victory":false,"max_hp_per_floor":[68,68,68,68,68,68,68,68,68,68,68,68,68,68,68,68,68,68,68,68,68,68,68,68,68,68,68,68,68,68,68,68,68,68],"relic_stats":{"Torii":10,"Gremlin Horn":[8,8],"counters":[17,73],"Dead Branch":[70],"CeramicFish":36,"Pantograph":25,"Pandora\u0027s Box":["WindmillStrike","LessonLearned","FlyingSleeves","CarveReality","Swivel","Conclude","Weave","Omniscience"],"Yang":[133],"MawBank":180,"obtain_stats":[{"Torii":22,"Gremlin Horn":25,"Nilry\u0027s Codex":20,"Dead Branch":11,"CeramicFish":26,"Yang":9,"Incense Burner":29,"MawBank":7,"ClockworkSouvenir":22,"Pantograph":29,"Pandora\u0027s Box":0,"Philosopher\u0027s Stone":17,"Bag of Marbles":13,"Red Mask":19,"PureWater":0,"InkBottle":27},{"Torii":9,"Gremlin Horn":11,"Nilry\u0027s Codex":9,"Dead Branch":5,"CeramicFish":11,"Yang":4,"Incense Burner":15,"MawBank":4,"ClockworkSouvenir":9,"Pantograph":15,"Pandora\u0027s Box":0,"Philosopher\u0027s Stone":7,"Bag of Marbles":6,"Red Mask":9,"PureWater":0,"InkBottle":12},{"Torii":42,"Gremlin Horn":48,"Nilry\u0027s Codex":42,"Dead Branch":22,"CeramicFish":48,"Yang":20,"Incense Burner":60,"MawBank":20,"ClockworkSouvenir":42,"Pantograph":60,"Pandora\u0027s Box":0,"Philosopher\u0027s Stone":36,"Bag of Marbles":27,"Red Mask":42,"PureWater":0,"InkBottle":52}],"InkBottle":[8]},"card_choices":[{"not_picked":["EmptyMind","Wireheading"],"picked":"EmptyBody","floor":1.0},{"not_picked":["FlurryOfBlows","Worship"],"picked":"LikeWater","floor":2.0},{"not_picked":["MentalFortress","SashWhip"],"picked":"Weave","floor":4.0},{"not_picked":["Conclude","BattleHymn"],"picked":"Evaluate","floor":7.0},{"not_picked":["FollowUp","Prostrate","ConjureBlade"],"picked":"SKIP","floor":11.0},{"not_picked":["EmptyBody","MentalFortress","FlurryOfBlows"],"picked":"SKIP","floor":12.0},{"not_picked":["SpiritShield","DevaForm"],"picked":"DeusExMachina","floor":16.0},{"not_picked":["CrushJoints","PathToVictory","Pray"],"picked":"SKIP","floor":18.0},{"not_picked":["Crescendo","ForeignInfluence","EmptyBody"],"picked":"SKIP","floor":24.0},{"not_picked":["FlyingSleeves","ClearTheMind","Prostrate"],"picked":"SKIP","floor":25.0},{"not_picked":["FlyingSleeves","CarveReality"],"picked":"ReachHeaven","floor":27.0},{"not_picked":["JustLucky","FollowUp"],"picked":"SpiritShield","floor":28.0},{"not_picked":["Halt","EmptyBody"],"picked":"Wallop","floor":29},{"not_picked":["InnerPeace","FlurryOfBlows"],"picked":"Protect","floor":31}],"player_experience":1109828,"relics_obtained":[{"floor":7.0,"key":"MawBank"},{"floor":9.0,"key":"Yang"},{"floor":11.0,"key":"Dead Branch"},{"floor":19.0,"key":"Red Mask"},{"floor":20.0,"key":"Nilry\u0027s Codex"},{"floor":25.0,"key":"Gremlin Horn"},{"floor":26.0,"key":"CeramicFish"},{"floor":27.0,"key":"InkBottle"},{"floor":29,"key":"Incense Burner"},{"floor":29,"key":"Pantograph"}],"event_choices":[{"damage_healed":0.0,"max_hp_gain":0.0,"max_hp_loss":0.0,"gold_gain":0.0,"event_name":"Shining Light","player_choice":"Ignored","floor":3.0,"gold_loss":0.0,"damage_taken":0.0},{"damage_healed":17.0,"max_hp_gain":0.0,"max_hp_loss":0.0,"gold_gain":0.0,"event_name":"The Cleric","player_choice":"Healed","floor":5.0,"gold_loss":35.0,"damage_taken":0.0},{"damage_healed":0.0,"max_hp_gain":0.0,"max_hp_loss":0.0,"gold_gain":0.0,"event_name":"Scrap Ooze","player_choice":"Success","floor":13.0,"gold_loss":0.0,"damage_taken":18.0,"relics_obtained":["Bag of Marbles"]},{"damage_healed":0.0,"max_hp_gain":0.0,"max_hp_loss":0.0,"gold_gain":75.0,"event_name":"World of Goop","player_choice":"Gather Gold","floor":14.0,"gold_loss":0.0,"damage_taken":11.0},{"damage_healed":0.0,"max_hp_gain":0.0,"max_hp_loss":0.0,"gold_gain":0.0,"event_name":"Masked Bandits","player_choice":"Fought Bandits","floor":19.0,"gold_loss":0.0,"damage_taken":0.0},{"damage_healed":0.0,"max_hp_gain":0.0,"max_hp_loss":0.0,"gold_gain":0.0,"event_name":"Cursed Tome","player_choice":"Obtained Book","floor":20.0,"gold_loss":0.0,"damage_taken":21.0},{"damage_healed":0.0,"max_hp_gain":0.0,"max_hp_loss":0.0,"gold_gain":0.0,"event_name":"The Woman in Blue","player_choice":"Bought 1 Potion","floor":21.0,"gold_loss":0.0,"damage_taken":0.0},{"damage_healed":0,"gold_gain":0,"player_choice":"Fight","damage_taken":0,"max_hp_gain":0,"max_hp_loss":0,"event_name":"Colosseum","floor":29,"gold_loss":0},{"damage_healed":0,"gold_gain":0,"player_choice":"Fought Nobs","damage_taken":0,"max_hp_gain":0,"max_hp_loss":0,"event_name":"Colosseum","floor":29,"gold_loss":0}],"is_beta":false,"boss_relics":[{"not_picked":["Cursed Key","Ectoplasm"],"picked":"Philosopher\u0027s Stone"}],"items_purged_floors":[],"is_endless":false,"potions_floor_spawned":[1,7,11,12,16,19,25,28,29],"killed_by":"Collector","ascension_level":20}}