{"host":"3qkmyeoym75lj4wn","time":1613246927,"event":{"mods":["2.2 Compatiblity","BaseMod","Block Reminder","Colored Powertips","Highlight Path","Minty Spire (QoL Compilation)","Permanent Neow","Potion Indicator Mod","Rare Cards Sparkle","Relic Stats","StSLib","Unceasing Turn Reminder"],"gold_per_floor":[119,1,1,21,21,21,39,69,108,147,3,28,28,57,57,136,136,148,48,60,80,80,80,107,107,107,132,132,57,57,83,83,162,162,174,474,485,510,526,526,285,310,310,310,44,61,61,80,80,80,80,80,80,16,46,46,46],"floor_reached":56,"language":"ENG","playtime":3110,"items_purged":["Strike_B","Strike_B"],"score":1989,"play_id":"ce2afa42-2657-4276-ad93-f62188d16258","local_time":"20210213200847","is_ascension_mode":true,"campfire_choices":[{"data":"Defragment","floor":6.0,"key":"SMITH"},{"data":"Loop","floor":13.0,"key":"SMITH"},{"data":"Go for the Eyes","floor":15.0,"key":"SMITH"},{"data":"Seek","floor":23.0,"key":"SMITH"},{"floor":28.0,"key":"REST"},{"floor":30.0,"key":"REST"},{"data":"Coolheaded","floor":32.0,"key":"SMITH"},{"floor":40,"key":"RECALL"},{"floor":44,"key":"REST"},{"data":"Biased Cognition","floor":49,"key":"SMITH"},{"data":"Biased Cognition","floor":53,"key":"SMITH"}],"circlet_count":0,"master_deck":["AscendersBane","Defend_B","Defend_B+1","Defend_B","Defend_B","Zap+1","Dualcast","Cold Snap+1","Defragment+1","Doom and Gloom","Ball Lightning","Chill","All For One+1","Hologram","Loop+1","Glacier","Go for the Eyes+1","Seek+1","Coolheaded+1","Darkness+1","Force Field","Biased Cognition+1","Tempest+1","Core Surge","Biased Cognition+1","Double Energy+1"],"relics":["FrozenCore","War Paint","MawBank","Orichalcum","Eternal Feather","WingedGreaves","Ornamental Fan","Inserter","Whetstone","Bottled Tornado","Bottled Lightning","Ice Cream","Dead Branch","The Courier","StoneCalendar","FossilizedHelix"],"acts_visited":["Exordium","TheCity","TheBeyond","TheEnding"],"potions_floor_usage":[42,50,50,55],"damage_taken":[{"damage":7.0,"enemies":"2 Louse","floor":1.0,"turns":2.0},{"damage":2.0,"enemies":"Small Slimes","floor":4.0,"turns":3.0},{"damage":0.0,"enemies":"Cultist","floor":7.0,"turns":3.0},{"damage":4.0,"enemies":"Lagavulin","floor":8.0,"turns":6.0},{"damage":0.0,"enemies":"Gremlin Nob","floor":10.0,"turns":3.0},{"damage":18.0,"enemies":"Lagavulin","floor":12.0,"turns":7.0},{"damage":4.0,"enemies":"3 Sentries","floor":14.0,"turns":5.0},{"damage":19.0,"enemies":"Hexaghost","floor":16.0,"turns":8.0},{"damage":0.0,"enemies":"Spheric Guardian","floor":18.0,"turns":5.0},{"damage":27.0,"enemies":"2 Thieves","floor":20.0,"turns":4.0},{"damage":11.0,"enemies":"Cultist and Chosen","floor":21.0,"turns":8.0},{"damage":16.0,"enemies":"Slavers","floor":24.0,"turns":10.0},{"damage":72.0,"enemies":"Gremlin Leader","floor":27.0,"turns":11.0},{"damage":21.0,"enemies":"Slavers","floor":31.0,"turns":6.0},{"damage":50.0,"enemies":"Automaton","floor":33.0,"turns":11.0},{"damage":0.0,"enemies":"Orb Walker","floor":35.0,"turns":3.0},{"damage":28,"enemies":"3 Darklings","floor":37,"turns":9},{"damage":0,"enemies":"Mind Bloom Boss Battle","floor":38,"turns":4},{"damage":1,"enemies":"Sphere and 2 Shapes","floor":39,"turns":6},{"damage":15,"enemies":"Reptomancer","floor":42,"turns":7},{"damage":0,"enemies":"Jaw Worm Horde","floor":46,"turns":4},{"damage":0,"enemies":"Spire Growth","floor":48,"turns":5},{"damage":11,"enemies":"Awakened One","floor":50,"turns":21},{"damage":9,"enemies":"Donu and Deca","floor":51,"turns":10},{"damage":45,"enemies":"Shield and Spear","floor":55,"turns":7},{"damage":54,"enemies":"The Heart","floor":56,"turns":2}],"seed_played":"-8738506321466698780","potions_obtained":[{"floor":1.0,"key":"FairyPotion"},{"floor":7.0,"key":"SkillPotion"},{"floor":8.0,"key":"Fire Potion"},{"floor":18.0,"key":"FocusPotion"},{"floor":24.0,"key":"SpeedPotion"},{"floor":31.0,"key":"GamblersBrew"},{"floor":46,"key":"LiquidMemories"},{"floor":48,"key":"GamblersBrew"}],"is_trial":false,"path_per_floor":["M","$","?","M","?","R","M","E","T","E","$","E","R","E","R","B",null,"M","$","M","M","?","R","E","?","T","E","R","?","R","E","R","B",null,"M","?","M","?","M","R","$","E","T","R","$","M","?","M","R","B","B",null,"R","$","E","B"],"character_chosen":"DEFECT","items_purchased":["Defragment","Doom and Gloom","Loop","Core Surge","DistilledChaos","StoneCalendar","Regen Potion"],"campfire_rested":3,"item_purchase_floors":[2,2,11,41,41,45,54],"current_hp_per_floor":[57,57,62,60,76,76,76,72,72,72,72,54,63,59,71,52,70,70,70,43,32,47,59,43,43,43,1,35,35,69,48,60,10,60,60,60,32,32,31,43,43,28,28,65,65,65,65,65,76,65,56,71,76,76,45,0,0],"gold":46,"neow_bonus":"RANDOM_COMMON_RELIC","is_daily":false,"chose_seed":false,"campfire_upgraded":7,"win_rate":0.0,"timestamp":1613246927,"path_taken":["M","$","?","M","?","R","?","E","T","E","?","E","R","E","R","BOSS","M","?","M","?","?","R","E","?","T","E","R","?","R","E","R","BOSS","M","?","?","?","M","R","$","E","T","R","$","M","?","M","R","BOSS","BOSS","R","$","E","BOSS"],"items_purchased_type":["Card","Card","Card","Card","Potion","Relic","Potion"],"build_version":"2020-12-22","purchased_purges":2,"victory":false,"max_hp_per_floor":[71,71,76,76,76,76,76,76,76,76,76,76,76,76,76,76,76,76,76,76,76,76,76,76,76,76,76,76,76,76,76,76,76,76,76,76,76,76,76,76,76,76,76,76,76,76,76,76,76,76,76,76,76,76,76,76,76],"relic_stats":{"Inserter":[62],"counters":[26,169],"Ornamental Fan":[68],"Dead Branch":[63],"Eternal Feather":112,"StoneCalendar":[177],"Whetstone":["Cold Snap","All For One"],"War Paint":["Defend_B","Zap"],"Orichalcum":[234],"MawBank":36,"obtain_stats":[{"Ice Cream":31,"Inserter":17,"Dead Branch":38,"Eternal Feather":10,"StoneCalendar":45,"The Courier":42,"Whetstone":24,"War Paint":0,"Orichalcum":9,"Bottled Tornado":26,"MawBank":8,"FrozenCore":34,"Ornamental Fan":14,"WingedGreaves":12,"Bottled Lightning":27,"Cracked Core":0,"FossilizedHelix":55},{"Ice Cream":14,"Inserter":8,"Dead Branch":18,"Eternal Feather":5,"StoneCalendar":20,"The Courier":20,"Whetstone":12,"War Paint":0,"Orichalcum":4,"Bottled Tornado":12,"MawBank":4,"FrozenCore":15,"Ornamental Fan":7,"WingedGreaves":6,"Bottled Lightning":13,"Cracked Core":0,"FossilizedHelix":25},{"Ice Cream":80,"Inserter":37,"Dead Branch":107,"Eternal Feather":17,"StoneCalendar":120,"The Courier":120,"Whetstone":63,"War Paint":0,"Orichalcum":14,"Bottled Tornado":63,"MawBank":14,"FrozenCore":91,"Ornamental Fan":29,"WingedGreaves":24,"Bottled Lightning":74,"Cracked Core":0,"FossilizedHelix":167}],"FrozenCore":[22]},"card_choices":[{"not_picked":["BootSequence","Conserve Battery"],"picked":"Cold Snap","floor":1.0},{"not_picked":["Reprogram","Cold Snap"],"picked":"Ball Lightning","floor":4.0},{"not_picked":["BootSequence","Rebound"],"picked":"Chill","floor":7.0},{"not_picked":["Sweeping Beam","Doom and Gloom"],"picked":"All For One","floor":8.0},{"not_picked":["Coolheaded","White Noise"],"picked":"Hologram","floor":10.0},{"not_picked":["Heatsinks","Go for the Eyes"],"picked":"Glacier","floor":12.0},{"not_picked":["Auto Shields","Compile Driver"],"picked":"Go for the Eyes","floor":14.0},{"not_picked":["Echo Form","Hyperbeam"],"picked":"Seek","floor":16.0},{"not_picked":["Steam","Hologram","Reinforced Body+1"],"picked":"SKIP","floor":18.0},{"not_picked":["Go for the Eyes+1","Barrage","Turbo"],"picked":"SKIP","floor":20.0},{"not_picked":["Conserve Battery","Capacitor"],"picked":"Coolheaded","floor":21.0},{"not_picked":["Glacier","Seek"],"picked":"Darkness+1","floor":24.0},{"not_picked":["Redo","Rebound","Force Field"],"picked":"SKIP","floor":27.0},{"not_picked":["Coolheaded","Hologram","Reinforced Body"],"picked":"SKIP","floor":31.0},{"not_picked":["Creative AI","Buffer"],"picked":"Biased Cognition","floor":33.0},{"not_picked":["Sunder+1","Rip and Tear","Beam Cell"],"picked":"SKIP","floor":35.0},{"not_picked":["Cold Snap","Darkness","Hologram"],"picked":"SKIP","floor":37},{"not_picked":["Doom and Gloom+1","Steam Power"],"picked":"Tempest+1","floor":38},{"not_picked":["Coolheaded","Rebound","Cold Snap"],"picked":"SKIP","floor":39},{"not_picked":["Glacier","Leap"],"picked":"Biased Cognition","floor":42},{"not_picked":["Stack","Skim+1","Barrage"],"picked":"SKIP","floor":46},{"not_picked":["Cold Snap","Barrage"],"picked":"Double Energy+1","floor":48},{"not_picked":["Undo","FTL","Darkness+1"],"picked":"SKIP","floor":55}],"player_experience":1757396,"relics_obtained":[{"floor":8.0,"key":"MawBank"},{"floor":9.0,"key":"Orichalcum"},{"floor":10.0,"key":"Eternal Feather"},{"floor":12.0,"key":"WingedGreaves"},{"floor":14.0,"key":"Ornamental Fan"},{"floor":24.0,"key":"Whetstone"},{"floor":26.0,"key":"Bottled Tornado"},{"floor":27.0,"key":"Bottled Lightning"},{"floor":31.0,"key":"Ice Cream"},{"floor":38,"key":"Dead Branch"},{"floor":42,"key":"The Courier"},{"floor":55,"key":"FossilizedHelix"}],"event_choices":[{"damage_healed":0.0,"max_hp_gain":5.0,"max_hp_loss":0.0,"gold_gain":0.0,"event_name":"Big Fish","player_choice":"Donut","floor":3.0,"gold_loss":0.0,"damage_taken":0.0},{"damage_healed":16.0,"max_hp_gain":0.0,"max_hp_loss":0.0,"gold_gain":0.0,"event_name":"Wheel of Change","player_choice":"Full Heal","floor":5.0,"gold_loss":0.0,"damage_taken":0.0},{"damage_healed":15.0,"max_hp_gain":0.0,"max_hp_loss":0.0,"gold_gain":0.0,"event_name":"The Library","player_choice":"Heal","floor":22.0,"gold_loss":0.0,"damage_taken":0.0},{"damage_healed":0.0,"max_hp_gain":0.0,"max_hp_loss":0.0,"gold_gain":0.0,"cards_transformed":["Strike_B","Strike_B"],"event_name":"Drug Dealer","player_choice":"Became Test Subject","floor":25.0,"gold_loss":0.0,"damage_taken":0.0,"cards_obtained":["Force Field","Multi-Cast"]},{"cards_removed":["Multi-Cast"],"damage_healed":0.0,"max_hp_gain":0.0,"max_hp_loss":0.0,"gold_gain":0.0,"event_name":"Beggar","player_choice":"Gave Gold","floor":29.0,"gold_loss":75.0,"damage_taken":0.0},{"damage_healed":0.0,"max_hp_gain":0.0,"max_hp_loss":0.0,"gold_gain":300.0,"event_name":"Wheel of Change","player_choice":"Gold","floor":36.0,"gold_loss":0.0,"damage_taken":0.0},{"damage_healed":0,"gold_gain":0,"player_choice":"Fight","damage_taken":0,"max_hp_gain":0,"max_hp_loss":0,"event_name":"MindBloom","floor":38,"gold_loss":0},{"damage_healed":0,"gold_gain":0,"player_choice":"Memory 1","damage_taken":0,"max_hp_gain":0,"max_hp_loss":0,"event_name":"SensoryStone","floor":47,"gold_loss":0}],"is_beta":false,"boss_relics":[{"not_picked":["Runic Pyramid","Black Star"],"picked":"Inserter"},{"not_picked":["Empty Cage","Cursed Key"],"picked":"FrozenCore"}],"items_purged_floors":[11,19],"is_endless":false,"potions_floor_spawned":[1,7,8,18,24,31,46,48],"killed_by":"The Heart","ascension_level":20}}