{"host":"tia00321x3ndnwo4","time":1613235882,"event":{"mods":["2.2 Compatiblity","BaseMod","Bestiary","Colored Map","Colored Powertips","Curses Come First","Downfall","Highlight Path","Minty Spire (QoL Compilation)","Relic Stats","Slay the Relics Exporter","StSLib","SuperFastMode"],"gold_per_floor":[0,14,189,205,205,205,205,205,217,317,317,328,328,10,25,124,124,124,141,154,87,87,101,101,117,152,152,167,167,180,180,195,195,195,195],"floor_reached":33,"language":"ENG","playtime":1169,"items_purged":["Decay"],"score":259,"play_id":"7b78d66a-1681-4aa1-aa19-5505a2c35f36","local_time":"20210213090442","is_ascension_mode":false,"campfire_choices":[{"data":"bronze:RecursiveStrike","floor":1,"key":"SMITH"},{"data":"bronze:MaxOutput","floor":6,"key":"SMITH"},{"data":"bronze:WildBeam","floor":8,"key":"SMITH"},{"data":"bronze:Iterate","floor":11,"key":"SMITH"},{"data":"bronze:ClassDefault","floor":13,"key":"SMITH"},{"data":"bronze:Branch","floor":18,"key":"SMITH"},{"data":"bronze:Flail","floor":29,"key":"SMITH"}],"circlet_count":0,"master_deck":["bronze:Strike","bronze:Strike","bronze:Defend","bronze:Defend","bronze:Defend","bronze:Defend","bronze:Replicate","bronze:Goto","bronze:RecursiveStrike+1","bronze:WildBeam+1","bronze:MaxOutput+1","bronze:Iterate+1","bronze:ClassDefault+1","bronze:Branch+1","bronze:DelayedGuard","bronze:Flail+1","bronze:DelayedSlice","bronze:ShipIt","bronze:ChosenStrike+1","bronze:CloningBeam","bronze:WildBeam","bronze:Shield","bronze:FineTuning+1","bronze:BuggyMess+1","bronze:WildBeam","bronze:Turbo+1","bronze:BuggyMess+1","bronze:Frontload+1","bronze:Boost+1"],"relics":["bronze:BronzeCore","Shuriken","Tiny Chest","Black Star","Pear","Toxic Egg 2","Gremlin Horn","Centennial Puzzle","Singing Bowl"],"acts_visited":["Exordium","TheCity"],"potions_floor_usage":[16,26,26,26,33,33,33],"damage_taken":[{"damage":0,"enemies":"Small Slimes","floor":2,"turns":2},{"damage":2,"enemies":"2 Louse","floor":4,"turns":2},{"damage":2,"enemies":"Cultist","floor":9,"turns":2},{"damage":0,"enemies":"Exordium Wildlife","floor":12,"turns":2},{"damage":14,"enemies":"downfall:FleeingMerchant","floor":14,"turns":4},{"damage":0,"enemies":"Gremlin Gang","floor":15,"turns":1},{"damage":28,"enemies":"WA_ARCHETYPE_RETAIN","floor":16,"turns":6},{"damage":0,"enemies":"Spheric Guardian","floor":19,"turns":3},{"damage":5,"enemies":"Chosen","floor":20,"turns":3},{"damage":0,"enemies":"downfall:FleeingMerchant","floor":21,"turns":4},{"damage":3,"enemies":"Sentry and Sphere","floor":23,"turns":3},{"damage":0,"enemies":"3 Cultists","floor":25,"turns":4},{"damage":17,"enemies":"Book of Stabbing","floor":26,"turns":2},{"damage":5,"enemies":"Shelled Parasite and Fungi","floor":28,"turns":2},{"damage":0,"enemies":"Cultist and Chosen","floor":30,"turns":3},{"damage":0,"enemies":"3 Cultists","floor":32,"turns":3},{"damage":52,"enemies":"SI_MIRROR_ARCHETYPE","floor":33,"turns":4}],"seed_played":"7768581684816710579","potions_obtained":[{"floor":9,"key":"sneckomod:MuddlingPotion"},{"floor":12,"key":"hexamod:SoulburnPotion"},{"floor":15,"key":"SpeedPotion"},{"floor":16,"key":"EssenceOfSteel"},{"floor":25,"key":"bronze:BurnAndBuffPotion"},{"floor":26,"key":"hexamod:SoulburnPotion"},{"floor":28,"key":"Energy Potion"},{"floor":30,"key":"Energy Potion"}],"is_trial":false,"path_per_floor":["R","M","?","M","?","R","T","R","M","?","R","M","R","$","M","B",null,"R","M","M","$","?","M","T","M","E","?","M","R","M","T","M","B"],"character_chosen":"THE_AUTOMATON","items_purchased":["bronze:DelayedGuard","Tiny Chest","bronze:Flail","bronze:Shield"],"campfire_rested":0,"item_purchase_floors":[14,14,14,21],"current_hp_per_floor":[70,70,70,68,68,68,68,68,66,66,66,66,66,52,52,24,70,70,70,65,65,75,72,72,72,55,55,50,50,50,50,50,0,0,0],"gold":195,"neow_bonus":"THREE_RARE_CARDS","is_daily":false,"chose_seed":false,"campfire_upgraded":7,"win_rate":0.0,"timestamp":1613235882,"path_taken":["R","M","?","M","?","R","T","R","?","?","R","M","R","?","M","BOSS","R","M","?","$","?","M","T","M","E","?","M","R","M","?","M","BOSS"],"items_purchased_type":["Card","Relic","Card","Card"],"build_version":"2020-12-22","purchased_purges":1,"victory":false,"max_hp_per_floor":[70,70,70,70,70,70,70,70,70,70,70,70,70,70,70,70,70,70,70,70,70,80,80,80,80,80,80,80,80,80,80,80,80,80,80],"relic_stats":{"Centennial Puzzle":[6],"Gremlin Horn":[4,4],"Singing Bowl":0,"counters":[17,50],"Shuriken":[23],"Tiny Chest":1,"Black Star":1,"obtain_stats":[{"Centennial Puzzle":26,"bronze:BronzeCore":0,"Pear":22,"Gremlin Horn":26,"Singing Bowl":31,"Shuriken":7,"Tiny Chest":14,"Black Star":17,"Toxic Egg 2":24},{"Centennial Puzzle":13,"bronze:BronzeCore":0,"Pear":10,"Gremlin Horn":13,"Singing Bowl":15,"Shuriken":2,"Tiny Chest":5,"Black Star":7,"Toxic Egg 2":11},{"Centennial Puzzle":38,"bronze:BronzeCore":0,"Pear":29,"Gremlin Horn":38,"Singing Bowl":43,"Shuriken":4,"Tiny Chest":12,"Black Star":19,"Toxic Egg 2":32}]},"card_choices":[{"not_picked":["bronze:Verify","bronze:FindAndReplace"],"picked":"bronze:RecursiveStrike","floor":0},{"not_picked":["bronze:BuggyMess","bronze:Deprecate"],"picked":"bronze:WildBeam","floor":2},{"not_picked":["bronze:Overheat","bronze:NullPointer"],"picked":"bronze:MaxOutput","floor":4},{"not_picked":["bronze:DelayedGuard","bronze:Backtrace"],"picked":"bronze:Iterate","floor":9},{"not_picked":["bronze:DarkDash","bronze:Deprecate"],"picked":"bronze:ClassDefault","floor":12},{"not_picked":["bronze:Optimize","bronze:Constructor"],"picked":"bronze:Branch","floor":14},{"not_picked":["bronze:BronzeArmor","bronze:Philosophize"],"picked":"bronze:DelayedSlice","floor":15},{"not_picked":["bronze:Virus","bronze:Mutator"],"picked":"bronze:ShipIt","floor":16},{"not_picked":["bronze:BuggyMess+1","bronze:Philosophize"],"picked":"bronze:ChosenStrike+1","floor":19},{"not_picked":["bronze:Philosophize+1","bronze:Invalidate"],"picked":"bronze:CloningBeam","floor":20},{"not_picked":["bronze:BugBarrage","bronze:ItsAFeature"],"picked":"bronze:WildBeam","floor":21},{"not_picked":["bronze:BugBarrage","bronze:Turbo"],"picked":"bronze:FineTuning+1","floor":23},{"not_picked":["bronze:BronzeArmor+1","bronze:FineTuning+1"],"picked":"bronze:BuggyMess+1","floor":25},{"not_picked":["bronze:DelayedGuard+1","bronze:Iterate"],"picked":"bronze:WildBeam","floor":26},{"not_picked":["bronze:FindAndReplace+1","bronze:OilSpill"],"picked":"bronze:BuggyMess+1","floor":28},{"not_picked":["bronze:Fortify","bronze:ForceShield+1"],"picked":"bronze:Frontload+1","floor":30},{"not_picked":["bronze:Iterate+1","bronze:WildBeam"],"picked":"bronze:Boost+1","floor":32}],"player_experience":194021,"relics_obtained":[{"floor":7,"key":"Shuriken"},{"floor":24,"key":"Toxic Egg 2"},{"floor":26,"key":"Gremlin Horn"},{"floor":26,"key":"Centennial Puzzle"},{"floor":31,"key":"Singing Bowl"}],"event_choices":[{"damage_healed":0,"gold_gain":0,"player_choice":"Read","damage_taken":0,"max_hp_gain":0,"max_hp_loss":0,"event_name":"The Library","floor":27,"gold_loss":0,"cards_obtained":["bronze:Turbo"]}],"is_beta":false,"boss_relics":[{"not_picked":["bronze:PlatinumCore","Empty Cage"],"picked":"Black Star"}],"items_purged_floors":[14],"is_endless":false,"potions_floor_spawned":[9,12,15,16,25,26,28,30],"killed_by":"SI_MIRROR_ARCHETYPE","ascension_level":0}}