{"host":"c2p2isezsqpgoqg6","time":1613212267,"event":{"mods":["BaseMod","BetterRewards","Colored Map","DeckTracker","Downfall","Infinite Spire","Minty Spire (QoL Compilation)","Quick Restart","StSLib","SuperFastMode"],"gold_per_floor":[99,115,107,126,150,150,150,169,169,204,218,239,264,264,300,300,300,300],"floor_reached":16,"language":"ENG","playtime":535,"items_purged":[],"score":131,"play_id":"0d99bf72-7130-4102-bbf4-67e737a031c9","local_time":"20210213113107","is_ascension_mode":false,"campfire_choices":[{"data":"hexamod:Sear","floor":1,"key":"SMITH"},{"data":"hexamod:SpectersWail","floor":6,"key":"SMITH"}],"circlet_count":0,"master_deck":["hexamod:Strike","hexamod:Strike","hexamod:Strike","hexamod:Strike","hexamod:Defend","hexamod:Defend","hexamod:Defend","hexamod:Defend","hexamod:Sear+1","hexamod:Float","hexamod:PhantomFireball","hexamod:FirstSeal","hexamod:SecondSeal","hexamod:SecondSeal","hexamod:SpectersWail+1","hexamod:ChargedBarrage","hexamod:HauntingEcho","hexamod:SpectersWail","hexamod:NightmareGuise","hexamod:Incineration","Dark Shackles","hexamod:GhostflameBarrier"],"relics":["hexamod:SpiritBrand","Omamori","Pear","Orichalcum"],"acts_visited":["Exordium"],"potions_floor_usage":[10,16],"damage_taken":[{"damage":0,"enemies":"2 Louse","floor":2,"turns":3},{"damage":8,"enemies":"Jaw Worm","floor":4,"turns":3},{"damage":0,"enemies":"Cultist","floor":5,"turns":3},{"damage":9,"enemies":"Blue Slaver","floor":8,"turns":4},{"damage":27,"enemies":"Gremlin Nob","floor":10,"turns":4},{"damage":13,"enemies":"Large Slime","floor":11,"turns":5},{"damage":11,"enemies":"Exordium Wildlife","floor":12,"turns":3},{"damage":17,"enemies":"Gremlin Gang","floor":13,"turns":3},{"damage":1,"enemies":"3 Louse","floor":15,"turns":3},{"damage":37,"enemies":"WA_ARCHETYPE_RETAIN","floor":16,"turns":9}],"seed_played":"679169472231527056","potions_obtained":[{"floor":4,"key":"FearPotion"},{"floor":8,"key":"hexamod:InfernoChargePotion"},{"floor":12,"key":"PowerPotion"},{"floor":15,"key":"Swift Potion"}],"is_trial":false,"path_per_floor":["R","M","?","M","M","R","T","M","T","E","M","M","M","?","M","B"],"character_chosen":"THE_SPIRIT","items_purchased":[],"campfire_rested":0,"item_purchase_floors":[],"current_hp_per_floor":[77,77,70,69,76,76,76,74,84,64,51,40,30,30,29,0,0,0],"gold":300,"neow_bonus":"TEN_PERCENT_HP_BONUS","is_daily":false,"chose_seed":false,"campfire_upgraded":2,"win_rate":0.0,"timestamp":1613212267,"path_taken":["R","M","?","M","M","R","T","M","?","E","M","M","M","?","M","BOSS"],"items_purchased_type":[],"build_version":"2020-12-22","purchased_purges":0,"victory":false,"max_hp_per_floor":[77,77,77,77,77,77,77,77,87,87,87,87,87,87,87,87,87,87],"card_choices":[{"not_picked":["hexamod:Incineration","hexamod:Hexaguard"],"picked":"hexamod:PhantomFireball","floor":2},{"not_picked":["hexamod:RecurringNightmare","hexamod:Haunt"],"picked":"hexamod:SecondSeal","floor":4},{"not_picked":["hexamod:Hexaguard","hexamod:HeatCrush"],"picked":"hexamod:SpectersWail","floor":5},{"not_picked":["hexamod:FastForward","hexamod:ThermalTransfer"],"picked":"hexamod:ChargedBarrage","floor":8},{"not_picked":["hexamod:Hexaguard","hexamod:DynamicBlow"],"picked":"hexamod:HauntingEcho","floor":10},{"not_picked":["hexamod:SpectralAdrenaline","hexamod:DynamicBlow"],"picked":"hexamod:SpectersWail","floor":11},{"not_picked":["hexamod:GhostLash","hexamod:ChargedBarrage"],"picked":"hexamod:NightmareGuise","floor":12},{"not_picked":["hexamod:HeatCrush","hexamod:AdvancingGuard"],"picked":"hexamod:Incineration","floor":13},{"not_picked":["hexamod:RainOfEmbers","hexamod:HeatShield"],"picked":"hexamod:GhostflameBarrier","floor":15}],"player_experience":486478,"relics_obtained":[{"floor":7,"key":"Omamori"},{"floor":9,"key":"Pear"},{"floor":10,"key":"Orichalcum"}],"event_choices":[],"is_beta":false,"boss_relics":[],"items_purged_floors":[],"is_endless":false,"potions_floor_spawned":[4,8,12,15],"killed_by":"WA_ARCHETYPE_RETAIN","ascension_level":0}}