{"host":"oigynbtg272c19pw","time":1613242952,"event":{"mods":["BaseMod","Colored Map","Minty Spire (QoL Compilation)","Relic Stats","Slay the Relics Exporter","StSLib"],"gold_per_floor":[118,118,129,140,159,159,177,177,203,216,61,88,88,88,88,161,161,178,190,209,64,64,64,64,64],"floor_reached":24,"playtime":845,"items_purged":["Strike_G","Strike_G"],"score":496,"play_id":"621239d3-4551-4adf-b7b1-109d4f025644","local_time":"20210213200232","is_ascension_mode":true,"campfire_choices":[{"data":"Catalyst","floor":6,"key":"SMITH"},{"data":"Catalyst","floor":13,"key":"SMITH"},{"floor":15,"key":"REST"},{"data":"Burst","floor":23,"key":"SMITH"}],"circlet_count":0,"master_deck":["AscendersBane","Strike_G","Strike_G","Strike_G","Defend_G","Defend_G","Defend_G","Defend_G","Defend_G","Survivor","Neutralize","Good Instincts","Blade Dance","Catalyst+1","Deadly Poison","Poisoned Stab","Noxious Fumes","Catalyst+1","Burst+1","Bouncing Flask","Acrobatics","Leg Sweep"],"relics":["Ring of the Snake","Bag of Preparation","Oddly Smooth Stone","Meat on the Bone","Calling Bell","Strawberry","Matryoshka","Unceasing Top","PreservedInsect"],"acts_visited":["Exordium","TheCity"],"potions_floor_usage":[4,12],"damage_taken":[{"damage":2,"enemies":"Jaw Worm","floor":1,"turns":8},{"damage":1,"enemies":"Small Slimes","floor":3,"turns":4},{"damage":0,"enemies":"Cultist","floor":4,"turns":5},{"damage":26,"enemies":"Exordium Wildlife","floor":5,"turns":6},{"damage":7,"enemies":"Red Slaver","floor":7,"turns":4},{"damage":0,"enemies":"2 Fungi Beasts","floor":10,"turns":4},{"damage":1,"enemies":"Gremlin Nob","floor":12,"turns":3},{"damage":0,"enemies":"Slime Boss","floor":16,"turns":3},{"damage":14,"enemies":"Spheric Guardian","floor":18,"turns":4},{"damage":8,"enemies":"3 Byrds","floor":19,"turns":5},{"damage":30,"enemies":"Cultist and Chosen","floor":20,"turns":7},{"damage":36,"enemies":"Centurion and Healer","floor":24,"turns":5}],"seed_played":"-7420325707399902575","potions_obtained":[{"floor":1,"key":"Strength Potion"},{"floor":3,"key":"SkillPotion"},{"floor":7,"key":"Weak Potion"}],"is_trial":false,"path_per_floor":["M","?","M","M","M","R","M","?","T","M","$","E","R","T","R","B",null,"M","M","M","$","?","R","M"],"character_chosen":"THE_SILENT","items_purchased":["Catalyst","Leg Sweep"],"campfire_rested":1,"item_purchase_floors":[11,21],"current_hp_per_floor":[57,57,56,56,30,30,23,23,23,23,23,22,22,22,41,41,67,53,45,27,27,27,27,0,0],"gold":64,"neow_bonus":"RANDOM_COLORLESS","is_daily":false,"chose_seed":false,"campfire_upgraded":3,"win_rate":0.0,"timestamp":1613242952,"path_taken":["M","?","M","M","M","R","M","?","T","M","$","E","R","?","R","BOSS","M","?","M","$","?","R","M"],"items_purchased_type":["Card","Card"],"build_version":"2020-12-13","purchased_purges":2,"victory":false,"max_hp_per_floor":[66,66,66,66,66,66,66,66,66,66,66,66,66,66,66,66,73,73,73,73,73,73,73,73,73],"relic_stats":{"counters":[12,58],"PreservedInsect":0,"Bag of Preparation":[14],"obtain_stats":[{"Calling Bell":17,"Matryoshka":17,"Strawberry":17,"Oddly Smooth Stone":12,"PreservedInsect":22,"Bag of Preparation":9,"Unceasing Top":17,"Ring of the Snake":0,"Meat on the Bone":14},{"Calling Bell":8,"Matryoshka":8,"Strawberry":8,"Oddly Smooth Stone":7,"PreservedInsect":11,"Bag of Preparation":5,"Unceasing Top":8,"Ring of the Snake":0,"Meat on the Bone":7},{"Calling Bell":37,"Matryoshka":37,"Strawberry":37,"Oddly Smooth Stone":34,"PreservedInsect":53,"Bag of Preparation":27,"Unceasing Top":37,"Ring of the Snake":0,"Meat on the Bone":34}],"Unceasing Top":[2],"Ring of the Snake":[24],"Meat on the Bone":12},"card_choices":[{"not_picked":["Deep Breath","Blind"],"picked":"Good Instincts","floor":0},{"not_picked":["Well Laid Plans","Concentrate"],"picked":"Blade Dance","floor":1},{"not_picked":["Riddle With Holes","Outmaneuver"],"picked":"Catalyst","floor":3},{"not_picked":["Prepared","Outmaneuver"],"picked":"Deadly Poison","floor":4},{"not_picked":["Acrobatics","Heel Hook"],"picked":"Poisoned Stab","floor":5},{"not_picked":["Skewer","Dodge and Roll","Terror"],"picked":"SKIP","floor":7},{"not_picked":["Phantasmal Killer","Dagger Throw"],"picked":"Noxious Fumes","floor":10},{"not_picked":["Riddle With Holes","Quick Slash","Underhanded Strike"],"picked":"SKIP","floor":12},{"not_picked":["Night Terror","Grand Finale"],"picked":"Burst","floor":16},{"not_picked":["Finisher+1","Backflip"],"picked":"Bouncing Flask","floor":18},{"not_picked":["Eviscerate","Dagger Spray"],"picked":"Acrobatics","floor":19},{"not_picked":["Phantasmal Killer","Riddle With Holes","Slice+1"],"picked":"SKIP","floor":20}],"player_experience":1600071,"relics_obtained":[{"floor":9,"key":"Bag of Preparation"},{"floor":12,"key":"Oddly Smooth Stone"},{"floor":14,"key":"Meat on the Bone"},{"floor":17,"key":"Strawberry"},{"floor":17,"key":"Matryoshka"},{"floor":17,"key":"Unceasing Top"}],"event_choices":[{"damage_healed":0,"gold_gain":0,"player_choice":"Ignored","damage_taken":0,"max_hp_gain":0,"max_hp_loss":0,"event_name":"Liars Game","floor":2,"gold_loss":0},{"damage_healed":0,"gold_gain":0,"player_choice":"Ignored","damage_taken":0,"max_hp_gain":0,"max_hp_loss":0,"event_name":"Shining Light","floor":8,"gold_loss":0},{"damage_healed":0,"gold_gain":0,"player_choice":"Gave Potion","damage_taken":0,"relics_obtained":["PreservedInsect"],"max_hp_gain":0,"max_hp_loss":0,"event_name":"WeMeetAgain","floor":22,"gold_loss":0}],"is_beta":false,"boss_relics":[{"not_picked":["Tiny House","Velvet Choker"],"picked":"Calling Bell"}],"items_purged_floors":[11,21],"is_endless":false,"potions_floor_spawned":[1,3,7],"killed_by":"Centurion and Healer","ascension_level":20}}