{"host":"28bpuzdckreop5i0","time":1613257635,"event":{"mods":["BaseMod","Downfall","Minty Spire (QoL Compilation)","Relic Stats","Shop Mod","StSLib"],"gold_per_floor":[113,113,15,0,17,48,64,96,96,16,36,36,36,53,53,53,53],"floor_reached":16,"language":"ENG","playtime":474,"items_purged":["Bash","Strike_R"],"score":203,"play_id":"a29d4cd7-2ae3-4d58-b657-e6a629c46e50","local_time":"20210213170715","is_ascension_mode":true,"campfire_choices":[{"floor":12,"key":"REST"},{"data":"Rampage","floor":15,"key":"SMITH"}],"circlet_count":0,"master_deck":["AscendersBane","Strike_R+1","Strike_R","Strike_R","Strike_R","Defend_R","Defend_R","Defend_R","Defend_R","Flex","Thunderclap","Rampage+1","Whirlwind+1","Thunderclap","Rupture","Sword Boomerang"],"relics":["Burning Blood","NeowsBlessing","Happy Flower","TungstenRod","Centennial Puzzle","The Courier"],"acts_visited":["Exordium"],"potions_floor_usage":[11,14],"damage_taken":[{"damage":0,"enemies":"Jaw Worm","floor":1,"turns":1},{"damage":0,"enemies":"2 Louse","floor":5,"turns":1},{"damage":0,"enemies":"Lagavulin","floor":6,"turns":1},{"damage":0,"enemies":"Cultist","floor":7,"turns":3},{"damage":34,"enemies":"3 Sentries","floor":8,"turns":8},{"damage":10,"enemies":"Gremlin Gang","floor":11,"turns":2},{"damage":9,"enemies":"Blue Slaver","floor":14,"turns":4},{"damage":75,"enemies":"Hexaghost","floor":16,"turns":11}],"seed_played":"603968682811951599","potions_obtained":[{"floor":8,"key":"DuplicationPotion"},{"floor":14,"key":"BloodPotion"}],"is_trial":false,"path_per_floor":["M","?","$","?","M","E","M","E","T","$","M","R","?","M","R","B"],"character_chosen":"IRONCLAD","items_purchased":["Thunderclap"],"campfire_rested":1,"item_purchase_floors":[3],"current_hp_per_floor":[78,71,71,71,77,80,80,52,52,52,48,72,57,70,70,0,0],"gold":53,"neow_bonus":"THREE_ENEMY_KILL","is_daily":false,"chose_seed":false,"campfire_upgraded":1,"win_rate":0.0,"timestamp":1613257635,"path_taken":["M","?","$","?","M","E","M","E","T","$","M","R","?","M","R","BOSS"],"items_purchased_type":["Card"],"build_version":"2020-12-22","purchased_purges":2,"victory":false,"max_hp_per_floor":[80,80,80,80,80,80,80,80,80,80,80,80,80,80,80,80,80],"relic_stats":{"Centennial Puzzle":[9],"Happy Flower":[10],"counters":[8,31],"obtain_stats":[{"Centennial Puzzle":8,"NeowsBlessing":0,"Happy Flower":2,"The Courier":9,"Burning Blood":0,"TungstenRod":6},{"Centennial Puzzle":5,"NeowsBlessing":0,"Happy Flower":1,"The Courier":5,"Burning Blood":0,"TungstenRod":3},{"Centennial Puzzle":14,"NeowsBlessing":0,"Happy Flower":1,"The Courier":14,"Burning Blood":0,"TungstenRod":3}],"Burning Blood":33,"TungstenRod":31},"card_choices":[{"not_picked":["Heavy Blade","Pummel"],"picked":"Flex","floor":1},{"not_picked":["Pommel Strike","Body Slam"],"picked":"Rampage","floor":5},{"not_picked":["Iron Wave","Feel No Pain"],"picked":"Whirlwind","floor":6},{"not_picked":["Iron Wave","Metallicize"],"picked":"Thunderclap","floor":7},{"not_picked":["Twin Strike","Impervious"],"picked":"Rupture","floor":8},{"not_picked":["True Grit","Heavy Blade","Cleave"],"picked":"SKIP","floor":11},{"not_picked":["Heavy Blade","Impervious"],"picked":"Sword Boomerang","floor":14}],"player_experience":980249,"relics_obtained":[{"floor":6,"key":"TungstenRod"},{"floor":8,"key":"Centennial Puzzle"},{"floor":9,"key":"The Courier"}],"event_choices":[{"damage_healed":0,"gold_gain":0,"player_choice":"Success","damage_taken":7,"relics_obtained":["Happy Flower"],"max_hp_gain":0,"max_hp_loss":0,"event_name":"Scrap Ooze","floor":2,"gold_loss":0},{"damage_healed":0,"gold_gain":0,"player_choice":"Left Gold","damage_taken":0,"max_hp_gain":0,"max_hp_loss":0,"event_name":"World of Goop","floor":4,"gold_loss":15},{"damage_healed":0,"gold_gain":0,"player_choice":"Entered Light","damage_taken":16,"max_hp_gain":0,"max_hp_loss":0,"event_name":"Shining Light","floor":13,"gold_loss":0,"cards_upgraded":["Whirlwind","Strike_R"]}],"is_beta":false,"boss_relics":[],"items_purged_floors":[3,10],"is_endless":false,"potions_floor_spawned":[8,14],"killed_by":"Hexaghost","ascension_level":10}}