{"host":"m4pe905ae9bldoe7","time":1613259734,"event":{"mods":["BaseMod","Bestiary","Block Reminder","Downfall","Minty Spire (QoL Compilation)","StSLib"],"gold_per_floor":[209,226,5,15,33,33,46,46,46,72,90,100,118,118,118,118,118,195,195,205,222,222,222],"floor_reached":22,"language":"ENG","playtime":685,"items_purged":[],"score":351,"play_id":"1c6f5547-d2fb-4da1-8e40-79b186395dfc","local_time":"20210214004214","is_ascension_mode":true,"campfire_choices":[{"data":"Flex","floor":6,"key":"SMITH"},{"data":"Flex","floor":14,"key":"SMITH"},{"floor":16,"key":"REST"},{"data":"Berserk","floor":17,"key":"SMITH"}],"circlet_count":0,"master_deck":["AscendersBane","Strike_R","Strike_R","Strike_R","Strike_R","Strike_R","Defend_R","Defend_R","Defend_R","Defend_R","Bash","Burning Pact","Flex+1","Thunderclap","Flex+1","Clash","Berserk+1","Uppercut","Limit Break"],"relics":["Burning Blood","Bag of Marbles","Singing Bowl","Bronze Scales","Regal Pillow","bronze:MakeshiftBattery"],"acts_visited":["Exordium","TheCity"],"potions_floor_usage":[18,18,18,22,22],"damage_taken":[{"damage":7,"enemies":"2 Louse","floor":1,"turns":4},{"damage":4,"enemies":"Small Slimes","floor":2,"turns":4},{"damage":6,"enemies":"Cultist","floor":4,"turns":4},{"damage":21,"enemies":"Blue Slaver","floor":5,"turns":3},{"damage":14,"enemies":"Red Slaver","floor":7,"turns":2},{"damage":12,"enemies":"2 Fungi Beasts","floor":11,"turns":2},{"damage":19,"enemies":"Exordium Wildlife","floor":12,"turns":4},{"damage":11,"enemies":"3 Louse","floor":13,"turns":3},{"damage":84,"enemies":"Slime Boss","floor":18,"turns":10},{"damage":39,"enemies":"2 Thieves","floor":20,"turns":4},{"damage":12,"enemies":"3 Byrds","floor":21,"turns":3},{"damage":35,"enemies":"Sentry and Sphere","floor":22,"turns":5}],"seed_played":"-6616394868832669429","potions_obtained":[{"floor":1,"key":"Explosive Potion"},{"floor":7,"key":"EntropicBrew"},{"floor":21,"key":"Block Potion"}],"is_trial":false,"path_per_floor":["M","M","$","M","M","R","M","?","T","T","M","M","M","R","?","R","R","B",null,"M","M","M"],"character_chosen":"IRONCLAD","items_purchased":["Flex","Bag of Marbles"],"campfire_rested":1,"item_purchase_floors":[3,3],"current_hp_per_floor":[67,69,69,69,54,54,46,71,71,71,65,54,49,49,49,77,77,14,61,30,26,0,0],"gold":222,"neow_bonus":"HUNDRED_GOLD","is_daily":false,"chose_seed":false,"campfire_upgraded":3,"win_rate":0.0,"timestamp":1613259734,"path_taken":["M","M","$","M","M","R","M","?","T","T","M","M","M","R","?","R","R","BOSS","M","M","?"],"items_purchased_type":["Card","Relic"],"build_version":"2020-12-22","purchased_purges":0,"victory":false,"max_hp_per_floor":[75,75,75,75,75,75,75,75,75,75,75,77,77,77,77,77,77,77,77,79,81,81,81],"card_choices":[{"not_picked":["Wild Strike","Warcry"],"picked":"Blood for Blood","floor":1},{"not_picked":["Body Slam","Clash"],"picked":"Burning Pact","floor":2},{"not_picked":["Body Slam","Metallicize"],"picked":"Thunderclap","floor":4},{"not_picked":["Havoc","Heavy Blade"],"picked":"Flex","floor":5},{"not_picked":["Wild Strike","Shrug It Off"],"picked":"Clash","floor":7},{"not_picked":["Wild Strike","Thunderclap"],"picked":"Berserk","floor":11},{"not_picked":["Infernal Blade","True Grit","Feel No Pain"],"picked":"Singing Bowl","floor":12},{"not_picked":["Armaments","Wild Strike"],"picked":"Uppercut","floor":13},{"not_picked":["Brutality","Double Tap"],"picked":"Limit Break","floor":18},{"not_picked":["Havoc","Whirlwind","Clothesline"],"picked":"Singing Bowl","floor":20},{"not_picked":["Pommel Strike","Body Slam+1","Perfected Strike"],"picked":"Singing Bowl","floor":21}],"player_experience":603167,"relics_obtained":[{"floor":9,"key":"Singing Bowl"},{"floor":10,"key":"Bronze Scales"}],"event_choices":[{"damage_healed":25,"gold_gain":0,"player_choice":"Banana","damage_taken":0,"max_hp_gain":0,"max_hp_loss":0,"event_name":"Big Fish","floor":8,"gold_loss":0},{"cards_removed":["Blood for Blood"],"damage_healed":0,"gold_gain":0,"player_choice":"Gave Card","damage_taken":0,"relics_obtained":["Regal Pillow"],"max_hp_gain":0,"max_hp_loss":0,"event_name":"WeMeetAgain","floor":15,"gold_loss":0}],"is_beta":false,"boss_relics":[{"not_picked":["Mark of Pain","Cursed Key"],"picked":"bronze:MakeshiftBattery"}],"items_purged_floors":[],"is_endless":false,"potions_floor_spawned":[1,7,11,21],"killed_by":"Sentry and Sphere","ascension_level":19}}