{"host":"kr40xqsmov1kh7zv","time":1613196376,"event":{"mods":["AchievementEnabler","Act Like it!","BaseMod","Downfall","Highlight Path","Minty Spire (QoL Compilation)","StSLib"],"gold_per_floor":[99,110,127,577,677,502,502,502,240,253,264,64,64,49,61,165,165,165,179,195,205,65,65,65,65,65,65,124,155,213,262,262,262,262],"floor_reached":32,"language":"ENG","playtime":1734,"items_purged":["downfall:Icky","downfall:Icky","Guardian:Strike_Guardian"],"score":250,"play_id":"a3f76d19-b0d5-4a30-ad94-f4f279781b6b","local_time":"20210213170616","is_ascension_mode":false,"campfire_choices":[{"floor":1,"key":"RECALL"},{"data":"Guardian:PrimingBeam","floor":12,"key":"SMITH"},{"data":"Guardian:RevengeProtocol","floor":18,"key":"SMITH"},{"data":"Guardian:EvasiveProtocol","floor":23,"key":"SMITH"},{"data":"Guardian:CurlUp","floor":25,"key":"SMITH"},{"data":"Guardian:Suspension","floor":27,"key":"SMITH"}],"circlet_count":0,"master_deck":["Guardian:Strike_Guardian","Guardian:Strike_Guardian","Guardian:Strike_Guardian","Guardian:Defend_Guardian","Guardian:Defend_Guardian","Guardian:Defend_Guardian","Guardian:Defend_Guardian","Guardian:CurlUp+1","Guardian:TwinSlam","Guardian:PrimingBeam","Guardian:PrimingBeam+1","Guardian:EvasiveProtocol+1","Guardian:Recover","Guardian:ShieldSpikes","Guardian:TimeBomb","Guardian:Suspension+1","Guardian:RevengeProtocol+1","Guardian:Planning","Guardian:PrimingBeam","Guardian:AncientConstruct","Guardian:StasisStrike","Guardian:PiercingHide"],"relics":["Guardian:ModeShifter","Bag of Preparation","Omamori","downfall:HeartBlessingBlue","downfall:HeartBlessingRed","Singing Bowl","SlaversCollar","Happy Flower","downfall:KnowingSkull","Regal Pillow","Tiny Chest"],"acts_visited":["Exordium","TheCity"],"potions_floor_usage":[16,16,29,32],"damage_taken":[{"damage":0,"enemies":"Cultist","floor":2,"turns":4},{"damage":1,"enemies":"Jaw Worm","floor":3,"turns":4},{"damage":5,"enemies":"downfall:FleeingMerchant","floor":6,"turns":4},{"damage":0,"enemies":"downfall:FleeingMerchant","floor":9,"turns":4},{"damage":0,"enemies":"Small Slimes","floor":10,"turns":3},{"damage":16,"enemies":"Exordium Wildlife","floor":11,"turns":6},{"damage":0,"enemies":"downfall:FleeingMerchant","floor":14,"turns":4},{"damage":0,"enemies":"Red Slaver","floor":15,"turns":3},{"damage":67,"enemies":"WA_ARCHETYPE_RETAIN","floor":16,"turns":14},{"damage":9,"enemies":"Chosen","floor":19,"turns":5},{"damage":5,"enemies":"3 Byrds","floor":20,"turns":5},{"damage":20,"enemies":"Snake Plant","floor":21,"turns":6},{"damage":0,"enemies":"downfall:FleeingMerchant","floor":22,"turns":4},{"damage":20,"enemies":"Shelled Parasite and Fungi","floor":28,"turns":6},{"damage":12,"enemies":"Gremlin Leader","floor":29,"turns":11},{"damage":18,"enemies":"3 Cultists","floor":30,"turns":7},{"damage":3,"enemies":"Sentry and Sphere","floor":32,"turns":5}],"seed_played":"-8102821868047345602","potions_obtained":[{"floor":2,"key":"Weak Potion"},{"floor":3,"key":"Swift Potion"},{"floor":15,"key":"FearPotion"},{"floor":20,"key":"LiquidMemories"},{"floor":21,"key":"LiquidMemories"},{"floor":28,"key":"champ:CounterPotion"},{"floor":29,"key":"hexamod:SoulburnPotion"}],"is_trial":false,"path_per_floor":["R","M","M","?","?","$","T","?","$","M","M","R","T","$","M","B",null,"R","M","M","M","$","R","T","R","?","R","M","E","M","T","M"],"character_chosen":"GUARDIAN","items_purchased":["Guardian:EvasiveProtocol","Guardian:Recover","Omamori"],"campfire_rested":0,"item_purchase_floors":[6,6,9],"current_hp_per_floor":[80,80,79,79,79,74,74,74,74,74,58,68,68,68,68,1,90,90,81,76,58,60,60,60,60,52,52,32,20,2,2,0,0,0],"gold":262,"neow_bonus":"RANDOM_COMMON_RELIC","is_daily":false,"chose_seed":false,"campfire_upgraded":5,"win_rate":0.0,"timestamp":1613196376,"path_taken":["R","M","?","?","?","?","T","?","?","?","M","R","?","$","M","BOSS","R","?","M","M","$","R","T","R","?","R","M","E","?","?","M"],"items_purchased_type":["Card","Card","Relic"],"build_version":"2020-12-22","purchased_purges":3,"victory":false,"max_hp_per_floor":[80,80,80,80,80,80,80,80,80,80,80,90,90,90,90,90,90,90,90,90,92,94,94,94,94,94,94,94,94,94,94,94,94,94],"card_choices":[{"not_picked":["Guardian:Harden","Guardian:Gem_Cyan"],"picked":"Guardian:PrimingBeam","floor":2},{"not_picked":["Guardian:Planning","Guardian:Reroute"],"picked":"Guardian:Gem_Lightblue","floor":3},{"not_picked":["Guardian:MultiBeam","Guardian:StasisStrike"],"picked":"Guardian:PrimingBeam","floor":6},{"not_picked":["Guardian:GuardianWhirl","Guardian:PrimingBeam"],"picked":"Guardian:Gem_Green","floor":9},{"not_picked":["Guardian:SentryBeam","Guardian:Gem_Red"],"picked":"Guardian:Gem_Blue","floor":10},{"not_picked":["Guardian:Clone","Guardian:Planning"],"picked":"Guardian:ShieldSpikes","floor":11},{"not_picked":["Guardian:Gem_Cyan","Guardian:PrismaticBarrier"],"picked":"Guardian:TimeBomb","floor":14},{"not_picked":["Guardian:Incinerate","Guardian:TimeBomb"],"picked":"Guardian:Suspension","floor":15},{"not_picked":["Guardian:Gem_Synthetic","Guardian:ExploitGems"],"picked":"Guardian:RevengeProtocol","floor":16},{"not_picked":["Guardian:Incinerate","Guardian:RefractedBeam"],"picked":"Guardian:Planning","floor":19},{"not_picked":["Guardian:Suspension+1","Guardian:RollAttack"],"picked":"Guardian:PrimingBeam","floor":20},{"not_picked":["Guardian:ChargeCore","Guardian:Gem_Cyan","Guardian:Planning"],"picked":"Singing Bowl","floor":21},{"not_picked":["Guardian:Recover","Guardian:Gem_Lightblue","Guardian:WalkerClaw"],"picked":"Singing Bowl","floor":22},{"not_picked":["Guardian:Harden","Guardian:TemporalStrike"],"picked":"Guardian:AncientConstruct","floor":28},{"not_picked":["Guardian:Reroute","Guardian:VentSteam+1"],"picked":"Guardian:StasisStrike","floor":29},{"not_picked":["Guardian:PolyBeam","Guardian:WalkerClaw"],"picked":"Guardian:PiercingHide","floor":30}],"player_experience":228554,"relics_obtained":[{"floor":13,"key":"Singing Bowl"},{"floor":24,"key":"Happy Flower"},{"floor":29,"key":"Regal Pillow"},{"floor":31,"key":"Tiny Chest"}],"event_choices":[],"is_beta":false,"boss_relics":[{"not_picked":["Astrolabe","Calling Bell"],"picked":"SlaversCollar"}],"items_purged_floors":[6,9,22],"is_endless":false,"potions_floor_spawned":[2,3,15,20,21,28,29],"killed_by":"Sentry and Sphere","ascension_level":0}}