{"host":"April","time":1613192249,"event":{"mods":["BaseMod","Minty Spire (QoL Compilation)"],"gold_per_floor":[114,114,39,54,69,99,99,99,124,154,169,199,199,229,229,329,329,344,359,359,359,31,61,61,91,91,121,34,34,64,79,79,179,179,194,244,259,259,274,304,304,334,334,364,364,394,20,20,20,20],"floor_reached":51,"language":"ENG","playtime":6540,"items_purged":["Regret"],"score":1115,"play_id":"33a8ce9c-192e-46cb-8713-459b0e38e6aa","local_time":"20210212205729","daily_mods":["SealedDeck","Colorless Cards","Elite Swarm"],"is_ascension_mode":false,"campfire_choices":[{"data":"Apotheosis","floor":7.0,"key":"SMITH"},{"data":"True Grit","floor":15.0,"key":"SMITH"},{"floor":24.0,"key":"REST"},{"floor":32.0,"key":"REST"},{"data":"Jack Of All Trades","floor":41,"key":"SMITH"},{"floor":49,"key":"REST"}],"circlet_count":0,"master_deck":["Twin Strike","Cleave","Good Instincts","Deep Breath","Heavy Blade","Inflame","Sever Soul+1","Disarm","Pommel Strike","True Grit+1","Panacea","Wild Strike","Apotheosis+1","Thinking Ahead","Blood for Blood","Magnetism","Chrysalis+1","Chrysalis","Whirlwind+1","Jack Of All Trades+1","Evolve","Impervious","Reaper","Demon Form","Fire Breathing","Shrug It Off+1","Flash of Steel","Barricade","Headbutt","Pummel+1","Dual Wield+1","Intimidate+1","Parasite","Forethought+1","Secret Technique","Feed","Sadistic Nature","Panache","Metallicize","Metamorphosis","Mayhem","PanicButton"],"relics":["Burning Blood","Ornamental Fan","Letter Opener","Bag of Preparation","Thread and Needle","StoneCalendar","Bottled Lightning","Orichalcum","Mark of Pain","Enchiridion","Matryoshka","Calipers","PreservedInsect","Smiling Mask","Whetstone","Nunchaku","War Paint","Black Star","Lizard Tail","Blood Vial","Magic Flower","Bottled Flame","Sundial","Bronze Scales","Oddly Smooth Stone","Gambling Chip","Turnip","Du-Vu Doll","Juzu Bracelet","Potion Belt","Lantern"],"acts_visited":["Exordium","TheCity","TheBeyond"],"potions_floor_usage":[44,50,50],"damage_taken":[{"damage":0.0,"enemies":"Jaw Worm","floor":1.0,"turns":3.0},{"damage":0.0,"enemies":"Cultist","floor":4.0,"turns":3.0},{"damage":11.0,"enemies":"Small Slimes","floor":5.0,"turns":3.0},{"damage":13.0,"enemies":"Lagavulin","floor":6.0,"turns":7.0},{"damage":0.0,"enemies":"3 Sentries","floor":10.0,"turns":4.0},{"damage":0.0,"enemies":"Exordium Wildlife","floor":11.0,"turns":2.0},{"damage":2.0,"enemies":"Lagavulin","floor":12.0,"turns":4.0},{"damage":0.0,"enemies":"3 Sentries","floor":14.0,"turns":3.0},{"damage":0.0,"enemies":"The Guardian","floor":16.0,"turns":7.0},{"damage":0.0,"enemies":"Shell Parasite","floor":18.0,"turns":3.0},{"damage":11.0,"enemies":"2 Thieves","floor":19.0,"turns":3.0},{"damage":5.0,"enemies":"Book of Stabbing","floor":23.0,"turns":5.0},{"damage":17.0,"enemies":"Gremlin Leader","floor":25.0,"turns":7.0},{"damage":17.0,"enemies":"Book of Stabbing","floor":27.0,"turns":4.0},{"damage":22.0,"enemies":"Slavers","floor":30.0,"turns":5.0},{"damage":2.0,"enemies":"Sentry and Sphere","floor":31.0,"turns":5.0},{"damage":1.0,"enemies":"Collector","floor":33.0,"turns":7.0},{"damage":35.0,"enemies":"3 Darklings","floor":35.0,"turns":4.0},{"damage":12.0,"enemies":"Mind Bloom Boss Battle","floor":36.0,"turns":5.0},{"damage":5.0,"enemies":"3 Shapes","floor":37.0,"turns":5.0},{"damage":0.0,"enemies":"Writhing Mass","floor":39.0,"turns":4.0},{"damage":0.0,"enemies":"Reptomancer","floor":40.0,"turns":5.0},{"damage":0,"enemies":"Giant Head","floor":42,"turns":8},{"damage":8,"enemies":"Reptomancer","floor":44,"turns":4},{"damage":19,"enemies":"Nemesis","floor":46,"turns":7},{"damage":0,"enemies":"Donu and Deca","floor":50,"turns":7}],"seed_played":"6099103822572544471","potions_obtained":[{"floor":1.0,"key":"Swift Potion"},{"floor":5.0,"key":"Dexterity Potion"},{"floor":6.0,"key":"SteroidPotion"},{"floor":11.0,"key":"LiquidMemories"},{"floor":18.0,"key":"SkillPotion"},{"floor":27.0,"key":"Regen Potion"},{"floor":30.0,"key":"EssenceOfSteel"},{"floor":33.0,"key":"Explosive Potion"},{"floor":37.0,"key":"SteroidPotion"},{"floor":39.0,"key":"LiquidMemories"},{"floor":44,"key":"BlessingOfTheForge"}],"is_trial":false,"path_per_floor":["M","?","$","M","M","E","R","?","T","E","M","E","T","E","R","B",null,"M","M","?","?","$","E","R","E","T","E","$","?","E","M","R","B",null,"M","?","M","?","M","E","R","E","T","E","$","E","$","?","R","B",null],"character_chosen":"IRONCLAD","items_purchased":["Matryoshka","Evolve","Fire Breathing","Shrug It Off","Lantern","SpeedPotion","PowerPotion","SkillPotion","Metallicize"],"campfire_rested":3,"item_purchase_floors":[22,22,28,28,47,47,47,47,47],"current_hp_per_floor":[80,80,80,80,75,68,68,80,80,80,80,80,80,80,80,80,80,80,75,59,44,44,45,70,59,59,48,48,48,56,60,85,85,85,75,69,81,81,85,85,85,85,85,85,85,75,75,65,85,85],"gold":20,"neow_bonus":"","is_daily":true,"chose_seed":false,"campfire_upgraded":3,"win_rate":0.0,"timestamp":1613192249,"path_taken":["M","?","$","M","M","E","R","?","T","E","?","E","?","E","R","BOSS","M","?","?","?","$","E","R","E","T","E","?","?","E","M","R","BOSS","M","?","M","?","?","E","R","E","T","E","?","E","$","?","R","BOSS"],"items_purchased_type":["Relic","Card","Card","Card","Relic","Potion","Potion","Potion","Card"],"build_version":"2020-12-18","purchased_purges":1,"victory":true,"max_hp_per_floor":[80,80,80,80,80,80,80,80,80,80,80,80,80,80,80,80,80,80,80,80,85,85,85,85,85,85,85,85,85,85,85,85,85,85,85,85,85,85,85,85,85,85,85,85,85,85,85,85,85,85],"card_choices":[{"not_picked":["Purity","Inflame"],"picked":"Panacea","floor":1.0},{"not_picked":["Body Slam","Clash"],"picked":"Mind Blast","floor":4.0},{"not_picked":["Bandage Up","Clash"],"picked":"Wild Strike","floor":5.0},{"not_picked":["Impervious","Berserk"],"picked":"Apotheosis","floor":6.0},{"not_picked":["Metamorphosis","Mayhem"],"picked":"Thinking Ahead","floor":10.0},{"not_picked":["Anger","Flex"],"picked":"Blood for Blood","floor":11.0},{"not_picked":["Bludgeon","Transmutation"],"picked":"Magnetism","floor":12.0},{"not_picked":["Master of Strategy","The Bomb"],"picked":"Chrysalis","floor":14.0},{"not_picked":["Fiend Fire","Thinking Ahead"],"picked":"Chrysalis","floor":16.0},{"not_picked":["Twin Strike","Clash"],"picked":"Whirlwind","floor":18.0},{"not_picked":["Impatience+1","Deep Breath+1"],"picked":"Jack Of All Trades","floor":19.0},{"not_picked":["Bludgeon","Violence"],"picked":"Impervious","floor":23.0},{"not_picked":["Fiend Fire","Exhume"],"picked":"Reaper","floor":25.0},{"not_picked":["Thinking Ahead","Exhume"],"picked":"Demon Form","floor":27.0},{"not_picked":["Panache","Offering"],"picked":"Barricade","floor":30.0},{"not_picked":["Cleave","Anger"],"picked":"Headbutt","floor":31.0},{"not_picked":["Armaments+1","Cleave"],"picked":"Pummel+1","floor":35.0},{"not_picked":["Shrug It Off+1","Discovery"],"picked":"Dual Wield+1","floor":36.0},{"not_picked":["Warcry+1","Twin Strike+1"],"picked":"Intimidate+1","floor":37.0},{"not_picked":["Pummel+1","Anger+1"],"picked":"Forethought+1","floor":39.0},{"not_picked":["Exhume","Chrysalis"],"picked":"Secret Technique","floor":40},{"not_picked":["Bludgeon","Corruption"],"picked":"Feed","floor":42},{"not_picked":["HandOfGreed","Violence"],"picked":"Sadistic Nature","floor":44},{"not_picked":["The Bomb","Impervious"],"picked":"Panache","floor":46},{"not_picked":["Purity","Blind"],"picked":"Metamorphosis","floor":48},{"not_picked":["Good Instincts","Deep Breath"],"picked":"Mayhem","floor":48},{"not_picked":["Forethought","Discovery"],"picked":"PanicButton","floor":48}],"player_experience":2657861,"relics_obtained":[{"floor":6.0,"key":"Letter Opener"},{"floor":9.0,"key":"Bag of Preparation"},{"floor":10.0,"key":"Thread and Needle"},{"floor":12.0,"key":"StoneCalendar"},{"floor":13.0,"key":"Bottled Lightning"},{"floor":14.0,"key":"Orichalcum"},{"floor":20.0,"key":"Enchiridion"},{"floor":23.0,"key":"Calipers"},{"floor":25.0,"key":"PreservedInsect"},{"floor":26.0,"key":"Smiling Mask"},{"floor":26.0,"key":"Whetstone"},{"floor":27.0,"key":"Nunchaku"},{"floor":30.0,"key":"War Paint"},{"floor":36.0,"key":"Lizard Tail"},{"floor":40,"key":"Magic Flower"},{"floor":40,"key":"Bottled Flame"},{"floor":42,"key":"Sundial"},{"floor":42,"key":"Bronze Scales"},{"floor":43,"key":"Oddly Smooth Stone"},{"floor":43,"key":"Gambling Chip"},{"floor":44,"key":"Turnip"},{"floor":44,"key":"Du-Vu Doll"},{"floor":46,"key":"Juzu Bracelet"},{"floor":46,"key":"Potion Belt"}],"event_choices":[{"damage_healed":0.0,"max_hp_gain":0.0,"max_hp_loss":0.0,"gold_gain":0.0,"event_name":"Big Fish","player_choice":"Box","floor":2.0,"gold_loss":0.0,"damage_taken":0.0,"relics_obtained":["Ornamental Fan"],"cards_obtained":["Regret"]},{"cards_removed":["Mind Blast"],"damage_healed":12.0,"max_hp_gain":0.0,"max_hp_loss":0.0,"gold_gain":0.0,"event_name":"Bonfire Elementals","player_choice":"Offered Uncommon","floor":8.0,"gold_loss":0.0,"damage_taken":0.0},{"damage_healed":0.0,"max_hp_gain":0.0,"max_hp_loss":0.0,"gold_gain":0.0,"event_name":"Cursed Tome","player_choice":"Obtained Book","floor":20.0,"gold_loss":0.0,"damage_taken":16.0},{"damage_healed":0.0,"max_hp_gain":5.0,"max_hp_loss":0.0,"gold_gain":0.0,"event_name":"Forgotten Altar","player_choice":"Shed Blood","floor":21.0,"gold_loss":0.0,"damage_taken":20.0},{"damage_healed":0.0,"max_hp_gain":0.0,"max_hp_loss":0.0,"gold_gain":0.0,"event_name":"The Library","player_choice":"Read","floor":29.0,"gold_loss":0.0,"damage_taken":0.0,"cards_obtained":["Flash of Steel"]},{"damage_healed":0.0,"max_hp_gain":0.0,"max_hp_loss":0.0,"gold_gain":0.0,"event_name":"MindBloom","player_choice":"Fight","floor":36.0,"gold_loss":0.0,"damage_taken":0.0},{"damage_healed":0.0,"max_hp_gain":0.0,"max_hp_loss":0.0,"gold_gain":0.0,"event_name":"WeMeetAgain","player_choice":"Gave Potion","floor":38.0,"gold_loss":0.0,"damage_taken":0.0,"relics_obtained":["Blood Vial"]},{"damage_healed":0,"gold_gain":0,"player_choice":"Memory 3","damage_taken":10,"max_hp_gain":0,"max_hp_loss":0,"event_name":"SensoryStone","floor":48,"gold_loss":0}],"is_beta":true,"boss_relics":[{"not_picked":["Runic Pyramid","Coffee Dripper"],"picked":"Mark of Pain"},{"not_picked":["Velvet Choker","Busted Crown"],"picked":"Black Star"}],"items_purged_floors":[3],"is_endless":false,"potions_floor_spawned":[1,5,6,11,18,27,30,33,37,39,44],"ascension_level":0}}