{"host":"hw9lt6p3yhr90vz0","time":1613199388,"event":{"mods":["BaseMod","DeckTracker","Minty Spire (QoL Compilation)","Relic Stats"],"gold_per_floor":[117,130,143,161,177,204,204,214,240,272,119,119,154,214,214,310,310,320,6,26,76,1,27,77,77,77,77,93,124,191,222,222,327,327,340,390,405,51,169,219,247,297,322,322,322],"floor_reached":44,"language":"ENG","playtime":3445,"items_purged":["Shame"],"score":696,"play_id":"3ef4b0e7-9e8a-45fb-93c2-720e8f79b16f","local_time":"20210213015628","is_ascension_mode":true,"campfire_choices":[{"floor":7.0,"key":"RECALL"},{"data":"Armaments","floor":15.0,"key":"SMITH"},{"data":"Rage","floor":25.0,"key":"SMITH"},{"data":"Perfected Strike","floor":27.0,"key":"SMITH"},{"floor":32.0,"key":"REST"}],"circlet_count":0,"master_deck":["Strike_R","Strike_R+1","Strike_R","Strike_R","Strike_R","Defend_R","Defend_R","Defend_R","Defend_R","Bash","Shrug It Off","Cleave","Headbutt+1","Flame Barrier","Ghostly Armor","Perfected Strike+1","Rage+1","Armaments+1","Demon Form+1","Wild Strike","Spot Weakness","Entrench+1","Pommel Strike","Juggernaut+1","Limit Break+1","Juggernaut+1","Metallicize+1","Flex+1","Decay","Metallicize+1","Decay"],"relics":["Burning Blood","Art of War","Ornamental Fan","Frozen Egg 2","Vajra","SsserpentHead","Whetstone","Velvet Choker","Lizard Tail","Oddly Smooth Stone","Pen Nib","White Beast Statue","Paper Frog","Darkstone Periapt","Cursed Key","Membership Card","Toxic Egg 2","Blood Vial","Bottled Lightning","Self Forming Clay","Regal Pillow"],"acts_visited":["Exordium","TheCity","TheBeyond"],"potions_floor_usage":[41],"damage_taken":[{"damage":6.0,"enemies":"Jaw Worm","floor":1.0,"turns":5.0},{"damage":6.0,"enemies":"Cultist","floor":2.0,"turns":6.0},{"damage":0.0,"enemies":"2 Louse","floor":3.0,"turns":3.0},{"damage":2.0,"enemies":"Looter","floor":4.0,"turns":5.0},{"damage":7.0,"enemies":"Gremlin Gang","floor":5.0,"turns":3.0},{"damage":16.0,"enemies":"Gremlin Nob","floor":6.0,"turns":4.0},{"damage":0.0,"enemies":"Exordium Wildlife","floor":8.0,"turns":4.0},{"damage":10.0,"enemies":"3 Sentries","floor":10.0,"turns":8.0},{"damage":32.0,"enemies":"Gremlin Nob","floor":13.0,"turns":4.0},{"damage":5.0,"enemies":"Exordium Thugs","floor":14.0,"turns":7.0},{"damage":29.0,"enemies":"The Guardian","floor":16.0,"turns":18.0},{"damage":4.0,"enemies":"Chosen","floor":18.0,"turns":4.0},{"damage":6.0,"enemies":"Shell Parasite","floor":20.0,"turns":6.0},{"damage":61.0,"enemies":"Slavers","floor":23.0,"turns":6.0},{"damage":32.0,"enemies":"Snake Plant","floor":28.0,"turns":4.0},{"damage":8.0,"enemies":"Book of Stabbing","floor":29.0,"turns":4.0},{"damage":20.0,"enemies":"3 Cultists","floor":30.0,"turns":5.0},{"damage":47.0,"enemies":"Slavers","floor":31.0,"turns":5.0},{"damage":55.0,"enemies":"Collector","floor":33.0,"turns":8.0},{"damage":22.0,"enemies":"3 Shapes","floor":35.0,"turns":5.0},{"damage":16.0,"enemies":"Orb Walker","floor":37.0,"turns":3.0},{"damage":53,"enemies":"Reptomancer","floor":41,"turns":5},{"damage":47,"enemies":"Giant Head","floor":44,"turns":5}],"seed_played":"-6950030629639035185","potions_obtained":[{"floor":1.0,"key":"PowerPotion"},{"floor":5.0,"key":"Fire Potion"},{"floor":8.0,"key":"Weak Potion"},{"floor":13.0,"key":"Block Potion"},{"floor":16.0,"key":"LiquidMemories"},{"floor":18.0,"key":"DuplicationPotion"},{"floor":28.0,"key":"FearPotion"},{"floor":29.0,"key":"FearPotion"},{"floor":30.0,"key":"Ancient Potion"},{"floor":31.0,"key":"SpeedPotion"},{"floor":33.0,"key":"Dexterity Potion"},{"floor":35.0,"key":"FairyPotion"},{"floor":37.0,"key":"SteroidPotion"},{"floor":41,"key":"Energy Potion"}],"is_trial":false,"path_per_floor":["M","M","M","M","M","E","R","M","T","E","$","?","E","M","R","B",null,"M","$","M","?","$","E","?","R","T","R","M","E","M","E","R","B",null,"M","?","M","$","T","?","E","?","T","E"],"character_chosen":"IRONCLAD","items_purchased":["Vajra","Lizard Tail","Membership Card","Toxic Egg 2","Blood Vial","Metallicize+1","Flex+1"],"campfire_rested":1,"item_purchase_floors":[11,19,38,38,38,38,38],"current_hp_per_floor":[72,72,78,80,79,69,69,75,75,71,71,71,45,46,46,23,66,68,68,68,68,68,13,80,80,80,80,54,52,38,37,61,12,63,47,47,37,37,43,43,31,31,37,0,0],"gold":322,"neow_bonus":"RANDOM_COMMON_RELIC","is_daily":false,"chose_seed":false,"campfire_upgraded":3,"win_rate":0.0,"timestamp":1613199388,"path_taken":["M","M","M","M","M","E","R","M","T","E","$","?","E","?","R","BOSS","M","$","M","?","$","E","?","R","T","R","M","E","?","E","R","BOSS","M","?","M","?","?","?","E","?","T","E"],"items_purchased_type":["Relic","Relic","Relic","Relic","Relic","Card","Card"],"build_version":"2020-12-22","purchased_purges":1,"victory":false,"max_hp_per_floor":[80,80,80,80,80,80,80,80,80,80,80,80,80,80,80,80,80,80,80,80,80,80,80,80,80,80,80,80,80,80,80,80,80,80,80,80,80,80,86,86,86,86,92,92,92],"relic_stats":{"Darkstone Periapt":12,"Regal Pillow":0,"counters":[23,127],"Self Forming Clay":[9],"Pen Nib":[6],"Whetstone":["Strike_R","Headbutt"],"Cursed Key":2,"Burning Blood":130,"Blood Vial":4,"SsserpentHead":450,"Lizard Tail":40,"Ornamental Fan":[60],"Art of War":[16],"obtain_stats":[{"Darkstone Periapt":31,"Regal Pillow":43,"Self Forming Clay":41,"Vajra":11,"Velvet Choker":17,"Oddly Smooth Stone":21,"Pen Nib":23,"Whetstone":13,"Frozen Egg 2":10,"Cursed Key":34,"Burning Blood":0,"White Beast Statue":26,"Blood Vial":38,"SsserpentHead":12,"Lizard Tail":19,"Ornamental Fan":6,"Art of War":0,"Membership Card":38,"Bottled Lightning":39,"Toxic Egg 2":38,"Paper Frog":29},{"Darkstone Periapt":18,"Regal Pillow":22,"Self Forming Clay":22,"Vajra":8,"Velvet Choker":11,"Oddly Smooth Stone":13,"Pen Nib":14,"Whetstone":9,"Frozen Egg 2":8,"Cursed Key":19,"Burning Blood":0,"White Beast Statue":14,"Blood Vial":21,"SsserpentHead":8,"Lizard Tail":12,"Ornamental Fan":6,"Art of War":0,"Membership Card":21,"Bottled Lightning":21,"Toxic Egg 2":21,"Paper Frog":16},{"Darkstone Periapt":101,"Regal Pillow":122,"Self Forming Clay":122,"Vajra":38,"Velvet Choker":67,"Oddly Smooth Stone":77,"Pen Nib":83,"Whetstone":42,"Frozen Egg 2":38,"Cursed Key":109,"Burning Blood":0,"White Beast Statue":83,"Blood Vial":117,"SsserpentHead":38,"Lizard Tail":71,"Ornamental Fan":26,"Art of War":0,"Membership Card":117,"Bottled Lightning":117,"Toxic Egg 2":117,"Paper Frog":91}]},"card_choices":[{"not_picked":["Sentinel","Iron Wave"],"picked":"Shrug It Off","floor":1.0},{"not_picked":["Clothesline","Thunderclap"],"picked":"Intimidate","floor":2.0},{"not_picked":["True Grit","Havoc"],"picked":"Cleave","floor":3.0},{"not_picked":["Clash","Clothesline"],"picked":"Headbutt","floor":4.0},{"not_picked":["Heavy Blade","True Grit"],"picked":"Flame Barrier","floor":5.0},{"not_picked":["Heavy Blade","Uppercut"],"picked":"Ghostly Armor","floor":6.0},{"not_picked":["Shrug It Off","Feed"],"picked":"Perfected Strike","floor":8.0},{"not_picked":["Thunderclap","Iron Wave","Evolve+1"],"picked":"SKIP","floor":10.0},{"not_picked":["Power Through","Clothesline"],"picked":"Rage","floor":13.0},{"not_picked":["Dropkick","Blood for Blood"],"picked":"Armaments","floor":14.0},{"not_picked":["Limit Break","Fiend Fire"],"picked":"Demon Form+1","floor":16.0},{"not_picked":["Heavy Blade","Warcry"],"picked":"Wild Strike","floor":18.0},{"not_picked":["Shockwave","Cleave"],"picked":"Spot Weakness","floor":20.0},{"not_picked":["Burning Pact","Flex"],"picked":"Entrench+1","floor":23.0},{"not_picked":["Havoc","Clash"],"picked":"Pommel Strike","floor":28.0},{"not_picked":["Cleave","Clash+1","Anger"],"picked":"SKIP","floor":29.0},{"not_picked":["Warcry","Rupture+1"],"picked":"Juggernaut+1","floor":30.0},{"not_picked":["Havoc","Warcry"],"picked":"Limit Break","floor":31.0},{"not_picked":["Brutality+1","Berserk+1"],"picked":"Juggernaut+1","floor":33.0},{"not_picked":["Rupture+1","Clash+1","Anger"],"picked":"SKIP","floor":35.0},{"not_picked":["Feel No Pain+1","Dark Embrace+1","Shockwave+1"],"picked":"SKIP","floor":37.0},{"not_picked":["Battle Trance+1","Reckless Charge+1"],"picked":"Metallicize+1","floor":41}],"player_experience":1438627,"relics_obtained":[{"floor":6.0,"key":"Ornamental Fan"},{"floor":10.0,"key":"Frozen Egg 2"},{"floor":13.0,"key":"Whetstone"},{"floor":23.0,"key":"Pen Nib"},{"floor":26.0,"key":"White Beast Statue"},{"floor":29.0,"key":"Paper Frog"},{"floor":31.0,"key":"Darkstone Periapt"},{"floor":39.0,"key":"Bottled Lightning"},{"floor":41,"key":"Self Forming Clay"},{"floor":43,"key":"Regal Pillow"}],"event_choices":[{"damage_healed":0.0,"max_hp_gain":0.0,"max_hp_loss":0.0,"gold_gain":0.0,"event_name":"FaceTrader","player_choice":"Trade","floor":12.0,"gold_loss":0.0,"damage_taken":0.0,"relics_obtained":["SsserpentHead"]},{"damage_healed":0.0,"max_hp_gain":0.0,"max_hp_loss":0.0,"gold_gain":0.0,"event_name":"Addict","player_choice":"Stole Relic","floor":21.0,"gold_loss":0.0,"damage_taken":0.0,"relics_obtained":["Oddly Smooth Stone"],"cards_obtained":["Shame"]},{"cards_removed":["Intimidate"],"damage_healed":67.0,"max_hp_gain":0.0,"max_hp_loss":0.0,"gold_gain":0.0,"event_name":"Bonfire Elementals","player_choice":"Offered Uncommon","floor":24.0,"gold_loss":0.0,"damage_taken":0.0},{"damage_healed":0.0,"max_hp_gain":0.0,"max_hp_loss":0.0,"gold_gain":0.0,"event_name":"Upgrade Shrine","player_choice":"Upgraded","floor":36.0,"gold_loss":0.0,"damage_taken":0.0,"cards_upgraded":["Limit Break"]},{"damage_healed":0,"gold_gain":0,"player_choice":"Ignored","damage_taken":0,"max_hp_gain":0,"max_hp_loss":0,"event_name":"Mysterious Sphere","floor":40,"gold_loss":0},{"damage_healed":0,"gold_gain":0,"player_choice":"Ignored","damage_taken":0,"max_hp_gain":0,"max_hp_loss":0,"event_name":"Tomb of Lord Red Mask","floor":42,"gold_loss":0}],"is_beta":false,"boss_relics":[{"not_picked":["Busted Crown","Astrolabe"],"picked":"Velvet Choker"},{"not_picked":["Runic Pyramid","Pandora\u0027s Box"],"picked":"Cursed Key"}],"items_purged_floors":[22],"is_endless":false,"potions_floor_spawned":[1,5,8,13,16,18,28,29,30,31,33,35,37,41],"killed_by":"Giant Head","ascension_level":6}}