{"host":"0unxf5n5bucfuoy7","time":1613241763,"event":{"mods":["Act Like it!","Aspiration","Astrologer","BaseMod","Better Altar","Better Match","Better Note","Better Sensory Stone","Better Third Choice","Better Vampires","Conspire","DeckTracker","Downfall","Elementarium","Friendly Minions","GifTheSpireLib","Hallownest","Hubris","Minty Spire (QoL Compilation)","Permanent Neow","Potionbrewer","Quick Restart","Random Character Button","Replay The Spire","Spikes Relics","StSLib","The Bug Knight","The Death Knight","The Exalted","The Hierophant","The Spell Scribe","Transform Curses","Virulent Crown","Wandering Minibosses"],"gold_per_floor":[112,112,112,112,131,156,156,172,198,227,227,31,31,47,47,150,150,161,9,20,320,320,355,355,385,410,410,320,340,352,368,368,473,473,489,489,309,229,257,286,286,286,286,286,286,317,329,346,346,346,346,346,346,346,346],"floor_reached":54,"language":"ENG","playtime":3962,"items_purged":[],"score":822,"play_id":"9e39ae80-de38-4c6c-a3ab-ddb2aeef3a2e","local_time":"20210213134243","is_ascension_mode":true,"campfire_choices":[{"data":"HollowMod:FocusHealStart","floor":7.0,"key":"SMITH"},{"data":"HollowMod:QuirrelsAssistance","floor":11.0,"key":"SMITH"},{"data":"Discovery","floor":15.0,"key":"SMITH"},{"floor":27.0,"key":"RECALL"},{"data":"HollowMod:HornetsHelp","floor":32.0,"key":"SMITH"},{"data":"Hallownest:attackMasterDashSlash","floor":42.0,"key":"SMITH"},{"data":"HollowMod:SoulMaster","floor":45.0,"key":"SMITH"},{"data":"HollowMod:VoidDash","floor":49.0,"key":"SMITH"},{"data":"Feint","floor":52.0,"key":"SMITH"}],"circlet_count":1,"master_deck":["HollowMod:NailStrikeStart","HollowMod:QuickDashStart","HollowMod:QuickDashStart","HollowMod:QuickDashStart","HollowMod:QuickDashStart","HollowMod:FocusHealStart+1","HollowMod:PogoStrike","Guardian:CurlUp","HollowMod:VoidDash+1","HollowMod:FastStrike","HollowMod:CoiledNail","HollowMod:SoulSplash","HollowMod:QuirrelsAssistance+1","HollowMod:WraithStrike","HollowMod:ShapeofUnn","Discovery+1","Dagger Throw","Underhanded Strike","Backstab","HollowMod:HornetsHelp+1","HollowMod:LifebloodCore","HollowMod:CrystalDash","HollowMod:RecoilStrike","Replay:BasicMightCard","HollowMod:VengefulVoid+1","HollowMod:WraithStrike","HollowMod:FastStrike","HollowMod:SoulSplash","HollowMod:VoidDash+1","HollowMod:BaldurShell","Dramatic Entrance","Feint+1","HollowMod:SiblingsShadow+1","Hallownest:pwrSporeShroom","HollowMod:SoulSplash","HollowMod:HeavyBlow","HollowMod:NewJinnsSoul","HollowMod:FastStrike+1","HollowMod:SoulMaster+1","HollowMod:LifebloodCocoon+1","Finesse","Panache","Hallownest:attackMasterDashSlash+1","HollowMod:HeavyBlow+1","HollowMod:Hiveblood+1","HollowMod:VoidDash+1","HollowMod:DescendingDark+1","HollowMod:CornifersMapStart+1"],"relics":["HollowMod:VesselMask","Hallownest:DreamNailRelic","Circlet","Replay:Rubber Ducky","Oddly Smooth Stone","MiniBlackHole","Membership Card","Coffee Dripper","Vajra","hubris:NiceRug","hubris:TinFlute","Meat on the Bone","Medical Kit","hubris:BottledRain","Replay:Bottled Flurry","hubris:HollowSoul","Hallownest:StagBellStandRelic","Toxic Egg 2","Centennial Puzzle","ReplayTheSpireMod:Ring of Collecting","ReplayTheSpireMod:Ring of Exchange","Bromod:ArcaneVictory"],"acts_visited":["Exordium","Hallownest:Greenpath","Hallownest:CityofTears","TheEnding"],"potions_floor_usage":[],"damage_taken":[{"damage":0.0,"enemies":"Hallownest:monsterHuskGuard","floor":1.0,"turns":4.0},{"damage":0.0,"enemies":"Hallownest:2_Baldur","floor":5.0,"turns":3.0},{"damage":25.0,"enemies":"Hallownest:eliteMossKnight","floor":6.0,"turns":7.0},{"damage":0.0,"enemies":"Hallownest:2_MossCreeps","floor":8.0,"turns":4.0},{"damage":12.0,"enemies":"Hallownest:eliteVengeflyKing","floor":10.0,"turns":8.0},{"damage":13.0,"enemies":"Hallownest:MossCreep_and_Mosskin","floor":14.0,"turns":4.0},{"damage":24.0,"enemies":"Hallownest:BossFalseKnight","floor":16.0,"turns":9.0},{"damage":0.0,"enemies":"Hallownest:Guard_and_Sentry","floor":18.0,"turns":5.0},{"damage":0.0,"enemies":"Hallownest:Flukemon_and_Top","floor":20.0,"turns":4.0},{"damage":5.0,"enemies":"hubris:Merchant","floor":21.0,"turns":8.0},{"damage":17.0,"enemies":"Hallownest:eliteSoulWarrior","floor":23.0,"turns":4.0},{"damage":4.0,"enemies":"Hallownest:eliteWatcherKnight","floor":25.0,"turns":14.0},{"damage":28.0,"enemies":"Hallownest:2_Flukemon","floor":29.0,"turns":8.0},{"damage":2.0,"enemies":"Hallownest:2_Husk_Sentries","floor":30.0,"turns":5.0},{"damage":7.0,"enemies":"Hallownest:monsterShrumalOgre","floor":31.0,"turns":4.0},{"damage":34.0,"enemies":"Hallownest:BossGrimm","floor":33.0,"turns":8.0},{"damage":20.0,"enemies":"Hallownest:Shield_Heavy","floor":35.0,"turns":5.0},{"damage":0.0,"enemies":"Hallownest:3_Siblings","floor":39.0,"turns":9.0},{"damage":0.0,"enemies":"Hallownest:StalkingDevout","floor":40.0,"turns":8.0},{"damage":15.0,"enemies":"Hallownest:eliteHiveKnight","floor":46.0,"turns":11.0},{"damage":18.0,"enemies":"Hallownest:2_Soldiers_and_1_Guardian","floor":47.0,"turns":7.0},{"damage":3.0,"enemies":"Hallownest:monsterPrimalAspid","floor":48.0,"turns":4.0},{"damage":22.0,"enemies":"Hallownest:Radiance","floor":50.0,"turns":14.0},{"damage":54,"enemies":"Shield and Spear","floor":54,"turns":4}],"seed_played":"1348197148526690766","potions_obtained":[{"floor":1.0,"key":"BlessingOfTheForge"},{"floor":6.0,"key":"potionbrewer:AcidPotion"},{"floor":10.0,"key":"Energy Potion"},{"floor":14.0,"key":"Reflective Coating"},{"floor":21.0,"key":"GamblersBrew"},{"floor":21.0,"key":"Swift Potion"},{"floor":21.0,"key":"bronze:BurnAndBuffPotion"},{"floor":23.0,"key":"Energy Potion"},{"floor":30.0,"key":"potionbrewer:MidasPotion"},{"floor":31.0,"key":"AttackPotion"},{"floor":33.0,"key":"ColorlessPotion"},{"floor":35.0,"key":"Weak Potion"},{"floor":40.0,"key":"Flashbang"},{"floor":47.0,"key":"potionbrewer:QuicksilverPotion"}],"is_trial":false,"path_per_floor":["M","?","?","?","M","E","R","M","T","E","R","$","?","M","R","B",null,"M","$","M","$","?","E","?","E","T","R","?","M","M","M","R","B",null,"M","?","?","?","M","E","$","R","T","?","R","E","M","M","R","B",null,"R","$","E"],"character_chosen":"THE_BUGKNIGHT","items_purchased":["Membership Card","Discovery","Vajra","HollowMod:RecoilStrike","Replay:BasicMightCard"],"campfire_rested":0,"item_purchase_floors":[12,12,19,19,19],"current_hp_per_floor":[75,75,75,75,75,50,50,56,56,50,50,50,50,43,43,29,75,75,75,75,70,70,53,53,57,57,57,57,43,47,46,46,24,75,61,61,61,61,63,63,63,63,63,63,63,50,47,45,45,38,75,75,75,21,21],"gold":346,"neow_bonus":"THREE_RARE_CARDS","is_daily":false,"chose_seed":false,"campfire_upgraded":8,"win_rate":0.0,"timestamp":1613241763,"path_taken":["M","?","?","?","M","E","R","?","T","E","R","$","?","M","R","BOSS","M","$","M","?","?","E","?","E","T","R","?","M","?","M","R","BOSS","M","?","?","?","M","E","$","R","T","?","R","E","M","?","R","BOSS","R","$","E"],"items_purchased_type":["Relic","Card","Relic","Card","Card"],"build_version":"2020-12-22","purchased_purges":0,"victory":false,"max_hp_per_floor":[75,75,75,75,75,75,75,75,75,75,75,75,75,75,75,75,75,75,75,75,75,75,75,75,75,75,75,75,75,75,75,75,75,75,75,75,75,75,75,75,75,75,75,75,75,75,75,75,75,75,75,75,75,75,75],"card_choices":[{"not_picked":["HollowMod:SlysStrikes","HollowMod:MidwifesHunger"],"picked":"HollowMod:VoidDash","floor":0.0},{"not_picked":["HollowMod:DesolateDive","HollowMod:InfectedCysts"],"picked":"HollowMod:FastStrike","floor":1.0},{"not_picked":["HollowMod:LifebloodCocoon","HollowMod:Grubsong"],"picked":"HollowMod:SoulSplash","floor":5.0},{"not_picked":["HollowMod:SoulShaman","HollowMod:DoubleDash"],"picked":"HollowMod:QuirrelsAssistance","floor":6.0},{"not_picked":["HollowMod:ChannelNail","HollowMod:InfectedCysts"],"picked":"HollowMod:WraithStrike","floor":8.0},{"not_picked":["HollowMod:WraithStrike","HollowMod:SiblingsSouls"],"picked":"HollowMod:ShapeofUnn","floor":10.0},{"not_picked":["HollowMod:GrimmsGift","HollowMod:MonarchWings"],"picked":"HollowMod:HornetsHelp","floor":14.0},{"not_picked":["HollowMod:theNailsmith","HollowMod:HornetsHelp"],"picked":"HollowMod:LifebloodCore","floor":16.0},{"not_picked":["HollowMod:DashSlash","HollowMod:NewLittleFool"],"picked":"HollowMod:CrystalDash","floor":18.0},{"not_picked":["HollowMod:SoulSplash","HollowMod:LifebloodCocoon"],"picked":"HollowMod:VengefulVoid+1","floor":20.0},{"not_picked":[],"picked":"HollowMod:WraithStrike","floor":21.0},{"not_picked":[],"picked":"HollowMod:FastStrike","floor":21.0},{"not_picked":[],"picked":"HollowMod:SoulSplash","floor":21.0},{"not_picked":[],"picked":"HollowMod:VoidDash","floor":21.0},{"not_picked":[],"picked":"HollowMod:BaldurShell","floor":21.0},{"not_picked":[],"picked":"Dramatic Entrance","floor":21.0},{"not_picked":[],"picked":"Feint","floor":21.0},{"not_picked":["HollowMod:NewJinnsSoul","HollowMod:NewLittleFool"],"picked":"HollowMod:SiblingsShadow+1","floor":23.0},{"not_picked":["HollowMod:InfectedCysts","HollowMod:GoodIntentions"],"picked":"HollowMod:SoulSplash","floor":25.0},{"not_picked":["HollowMod:SharpenedNail+1","HollowMod:NewLittleFool"],"picked":"HollowMod:HeavyBlow","floor":29.0},{"not_picked":["HollowMod:SoulVessel+1","HollowMod:SoulStrike+1"],"picked":"HollowMod:NewJinnsSoul","floor":30.0},{"not_picked":["HollowMod:WraithStrike","HollowMod:TaintedHusks"],"picked":"HollowMod:FastStrike+1","floor":31.0},{"not_picked":["HollowMod:ElderbugsWisdom","HollowMod:AwokenDreamNail"],"picked":"HollowMod:SoulMaster","floor":33.0},{"not_picked":["HollowMod:ChannelNail+1","HollowMod:MonomonsArchive"],"picked":"HollowMod:LifebloodCocoon+1","floor":35.0},{"not_picked":["hubris:Ssssneak","Replay:BasicMightCard"],"picked":"Finesse","floor":36.0},{"not_picked":["conspire:Banana","Midas Touch"],"picked":"Panache","floor":36.0},{"not_picked":["HollowMod:CornifersMapStart+1","HollowMod:NewGlowingWomb+1"],"picked":"HollowMod:HeavyBlow+1","floor":39.0},{"not_picked":["HollowMod:ShapeofUnn","HollowMod:DoubleDash+1"],"picked":"HollowMod:Hiveblood+1","floor":40.0},{"not_picked":["HollowMod:TaintedHusks+1","HollowMod:DashSlash"],"picked":"HollowMod:VoidDash+1","floor":46.0},{"not_picked":["HollowMod:InfectedAttack+1","HollowMod:VengefulSpirit"],"picked":"HollowMod:DescendingDark+1","floor":47.0},{"not_picked":["HollowMod:TaintedHusks+1","HollowMod:ChannelNail+1"],"picked":"HollowMod:CornifersMapStart+1","floor":48.0}],"player_experience":117106,"relics_obtained":[{"floor":6.0,"key":"Replay:Rubber Ducky"},{"floor":9.0,"key":"Oddly Smooth Stone"},{"floor":10.0,"key":"MiniBlackHole"},{"floor":21.0,"key":"hubris:TinFlute"},{"floor":21.0,"key":"Meat on the Bone"},{"floor":21.0,"key":"Medical Kit"},{"floor":23.0,"key":"hubris:BottledRain"},{"floor":25.0,"key":"Replay:Bottled Flurry"},{"floor":40.0,"key":"Toxic Egg 2"},{"floor":43.0,"key":"Centennial Puzzle"},{"floor":44.0,"key":"ReplayTheSpireMod:Ring of Collecting"},{"floor":44.0,"key":"ReplayTheSpireMod:Ring of Exchange"},{"floor":46.0,"key":"Bromod:ArcaneVictory"}],"event_choices":[{"damage_healed":0.0,"max_hp_gain":0.0,"max_hp_loss":0.0,"gold_gain":3.0,"event_name":"betterStone:BetterStone","player_choice":"1","floor":36.0,"gold_loss":0.0,"damage_taken":0.0}],"is_beta":false,"boss_relics":[{"not_picked":["hubris:TerracottaHorce","Calling Bell"],"picked":"Coffee Dripper"},{"not_picked":["Philosopher\u0027s Stone","hubris:GrandSneckoEye"],"picked":"hubris:HollowSoul"}],"items_purged_floors":[],"is_endless":false,"potions_floor_spawned":[1,6,10,14,23,30,31,33,35,40,47],"killed_by":"Shield and Spear","ascension_level":1}}