{"host":"7lqra3rfanasaqnt","time":1613249989,"event":{"mods":["AchievementEnabler","Act Like it!","BaseMod","Colored Powertips","Downfall","Friendly Minions","Gremlin Mod","Minty Spire (QoL Compilation)","StSLib"],"gold_per_floor":[99,99,99,99,99,134,209,235,73,73,73,148,48,33,44,141,141,141,156,175,175,275,290,341,241,241,259,278,290,290,290,309,409,409,409,423,229,246,469,369,396,190,190,190,216,216,216,234,253,253,253,253,253,253],"floor_reached":52,"language":"ENG","playtime":2816,"items_purged":["Pride","Slimebound:Repurpose+1"],"score":969,"play_id":"5f5dadd0-93bd-4b25-ad9b-7040e550a0fb","local_time":"20210213135949","is_ascension_mode":true,"campfire_choices":[{"data":"Slimebound:Split","floor":1.0,"key":"SMITH"},{"data":"Slimebound:SelfFormingGoo","floor":10.0,"key":"SMITH"},{"floor":13.0,"key":"REST"},{"data":"Slimebound:Grow","floor":18.0,"key":"SMITH"},{"floor":25.0,"key":"REST"},{"floor":30,"key":"REST"},{"floor":35,"key":"RECALL"},{"floor":40,"key":"REST"},{"floor":43,"key":"REST"},{"data":"Slimebound:MegaLick","floor":47,"key":"SMITH"}],"circlet_count":0,"master_deck":["Slimebound:Tackle","Slimebound:Split+1","Slimebound:CorrosiveSpit","Slimebound:DivideAndConquer+1","Slimebound:GoopSpray","Slimebound:SplitMire+1","Slimebound:LeechEnergy","Slimebound:SelfFormingGoo+1","Slimebound:HauntingLick+1","Slimebound:FinishingTackle","Slimebound:RallyTheTroops","Slimebound:Grow+1","Slimebound:SamplingLick","Slimebound:LevelUp","Slimebound:SlimeSpikes","Slimebound:ProtectTheBoss","Slimebound:SplitBruiser","Slimebound:SplitLeeching","Slimebound:SplitSpecialist","Slimebound:SlimeBrawl","Slimebound:PrepareCrush","Slimebound:MegaLick+1","Slimebound:SamplingLick+1","Slimebound:Schlurp+1","Slimebound:Prepare","Slimebound:Schlurp","Slimebound:ServeAndProtect+1"],"relics":["Slimebound:AbsorbEndCombat","downfall:HeartsMalice","Lantern","Mummified Hand","Turnip","Juzu Bracelet","downfall:HeartBlessingGreen","Pandora\u0027s Box","downfall:HeartBlessingBlue","Regal Pillow","downfall:RedIOU","Philosopher\u0027s Stone","downfall:HeartBlessingRed","Strawberry","Membership Card","Guardian:PocketSentry","Letter Opener"],"acts_visited":["Exordium","TheCity","TheBeyond","TheEnding"],"potions_floor_usage":[27,33,45,50,50],"damage_taken":[{"damage":0.0,"enemies":"Jaw Worm","floor":2.0,"turns":1.0},{"damage":0.0,"enemies":"2 Louse","floor":3.0,"turns":1.0},{"damage":0.0,"enemies":"Small Slimes","floor":4.0,"turns":1.0},{"damage":33.0,"enemies":"Gremlin Nob","floor":6.0,"turns":4.0},{"damage":32.0,"enemies":"3 Sentries","floor":8.0,"turns":12.0},{"damage":0.0,"enemies":"downfall:FleeingMerchant","floor":9.0,"turns":4.0},{"damage":0.0,"enemies":"downfall:FleeingMerchant","floor":14.0,"turns":4.0},{"damage":0.0,"enemies":"2 Fungi Beasts","floor":15.0,"turns":2.0},{"damage":31.0,"enemies":"IC_STATUS_ARCHETYPE","floor":16.0,"turns":6.0},{"damage":25.0,"enemies":"3 Byrds","floor":19.0,"turns":4.0},{"damage":18.0,"enemies":"Chosen","floor":20.0,"turns":5.0},{"damage":18.0,"enemies":"Sentry and Sphere","floor":23.0,"turns":5.0},{"damage":37,"enemies":"Shelled Parasite and Fungi","floor":27,"turns":4},{"damage":6,"enemies":"Cultist and Chosen","floor":28,"turns":7},{"damage":0,"enemies":"Centurion and Healer","floor":29,"turns":5},{"damage":27,"enemies":"3 Cultists","floor":32,"turns":5},{"damage":40,"enemies":"WA_ARCHETYPE_CALM","floor":33,"turns":8},{"damage":19,"enemies":"3 Shapes","floor":36,"turns":4},{"damage":21,"enemies":"downfall:FleeingMerchant","floor":37,"turns":4},{"damage":33,"enemies":"3 Darklings","floor":38,"turns":4},{"damage":0,"enemies":"downfall:FleeingMerchant","floor":39,"turns":1},{"damage":31,"enemies":"Reptomancer","floor":45,"turns":5},{"damage":9,"enemies":"Writhing Mass","floor":48,"turns":3},{"damage":4,"enemies":"Spire Growth","floor":49,"turns":3},{"damage":20,"enemies":"DF_ARCHETYPE_ORBS","floor":50,"turns":8},{"damage":103,"enemies":"downfall:CharBossMerchant","floor":52,"turns":8}],"seed_played":"-7315987238289200215","potions_obtained":[{"floor":8.0,"key":"BlessingOfTheForge"},{"floor":15.0,"key":"Weak Potion"},{"floor":19.0,"key":"Energy Potion"},{"floor":23.0,"key":"Regen Potion"},{"floor":29,"key":"SpeedPotion"},{"floor":38,"key":"Energy Potion"},{"floor":48,"key":"Weak Potion"},{"floor":49,"key":"Slimebound:SpawnSlimePotion"}],"is_trial":false,"path_per_floor":["R","M","M","M","?","E","T","E","$","R","?","?","R","$","M","B",null,"R","M","M","?","?","M","T","R","T","M","M","M","R","?","M","B",null,"R","M","$","M","$","R","T","$","R","?","E","?","R","M","M","B",null,"E"],"character_chosen":"SLIMEBOUND","items_purchased":["Juzu Bracelet","CultistPotion","Slimebound:Prepare","Slimebound:Schlurp","Membership Card"],"campfire_rested":5,"item_purchase_floors":[9,37,39,42,42],"current_hp_per_floor":[59,59,59,59,59,30,30,6,14,14,14,14,33,41,47,24,55,55,38,26,26,26,14,14,46,46,20,22,30,67,67,48,16,60,60,47,32,7,11,48,55,55,82,82,55,55,55,54,56,44,73,0,0,0],"gold":253,"neow_bonus":"THREE_ENEMY_KILL","is_daily":false,"chose_seed":false,"campfire_upgraded":4,"win_rate":0.0,"timestamp":1613249989,"path_taken":["R","M","M","M","?","E","T","E","$","R","?","?","R","?","M","BOSS","R","M","M","?","?","M","T","R","?","M","M","M","R","?","M","BOSS","R","M","$","M","$","R","T","$","R","?","E","?","R","M","M","BOSS","E"],"items_purchased_type":["Relic","Potion","Card","Card","Relic"],"build_version":"2020-12-22","purchased_purges":2,"victory":false,"max_hp_per_floor":[65,65,65,65,65,65,65,65,65,65,65,65,65,65,65,65,65,65,65,65,65,65,65,65,75,75,75,75,75,75,75,75,75,75,75,75,75,75,75,75,82,82,82,82,82,82,82,82,82,82,82,82,82,82],"card_choices":[{"not_picked":["Slimebound:HauntingLick","Slimebound:AcidTongue"],"picked":"Slimebound:DivideAndConquer","floor":2.0},{"not_picked":["Slimebound:LivingWall","Slimebound:SplitBruiser"],"picked":"Slimebound:GoopSpray","floor":3.0},{"not_picked":["Slimebound:LeechingTouch","Slimebound:HauntingLick"],"picked":"Slimebound:SplitMire","floor":4.0},{"not_picked":["Slimebound:LivingWall","Slimebound:ServeAndProtect","Slimebound:HungryTackle"],"picked":"SKIP","floor":6.0},{"not_picked":["Slimebound:LeechingTouch","Slimebound:RejuvenatingLick"],"picked":"Slimebound:LeechEnergy","floor":8.0},{"not_picked":["Slimebound:SplitSpecialist","Slimebound:LeechEnergy"],"picked":"Slimebound:SelfFormingGoo","floor":9.0},{"not_picked":["Slimebound:RollThrough","Slimebound:HungryTackle"],"picked":"Slimebound:HauntingLick","floor":14.0},{"not_picked":["Slimebound:Chomp","Slimebound:SlimeBarrage"],"picked":"Slimebound:FinishingTackle","floor":15.0},{"not_picked":["Slimebound:CheckThePlaybook","Slimebound:OneTwoCombo"],"picked":"Slimebound:RallyTheTroops","floor":16.0},{"not_picked":["Slimebound:ItLooksTasty","Slimebound:ViciousTackle"],"picked":"Slimebound:SplitBruiser","floor":19.0},{"not_picked":["Slimebound:ComboTackle","Slimebound:LevelUp","Slimebound:HungryTackle"],"picked":"SKIP","floor":20.0},{"not_picked":["Slimebound:FormOfPuddle","Slimebound:Dissolve"],"picked":"Slimebound:Repurpose+1","floor":23.0},{"not_picked":["Slimebound:ProtectTheBoss","Slimebound:RejuvenatingLick"],"picked":"Slimebound:SplitLeeching","floor":27},{"not_picked":["Slimebound:SlimeSpikes+1","Slimebound:Chomp"],"picked":"Slimebound:SplitSpecialist","floor":28},{"not_picked":["Slimebound:ProtectTheBoss","Slimebound:Chomp","Slimebound:GoopTackle+1"],"picked":"SKIP","floor":29},{"not_picked":["Slimebound:SplitAcid","Slimebound:LeechEnergy"],"picked":"Slimebound:SlimeBrawl","floor":32},{"not_picked":["Slimebound:MinionMaster","Slimebound:WasteNot"],"picked":"Slimebound:PrepareCrush","floor":33},{"not_picked":["Slimebound:GrowthPunch+1","Slimebound:LeechingTouch+1"],"picked":"Slimebound:MegaLick","floor":36},{"not_picked":["Slimebound:Gluttony","Slimebound:LeechEnergy"],"picked":"Slimebound:SamplingLick+1","floor":37},{"not_picked":["Slimebound:ProtectTheBoss+1","Slimebound:RollThrough+1"],"picked":"Slimebound:Schlurp+1","floor":38},{"not_picked":["Slimebound:HauntingLick","Slimebound:SamplingLick","Slimebound:RainOfGoop"],"picked":"SKIP","floor":39},{"not_picked":["Slimebound:Gluttony+1","Slimebound:GrowthPunch+1","Slimebound:ViciousTackle+1"],"picked":"SKIP","floor":45},{"not_picked":["Slimebound:ProtectTheBoss+1","Slimebound:LeechingTouch","Slimebound:SplitBruiser"],"picked":"SKIP","floor":48},{"not_picked":["Slimebound:FinishingTackle+1","Slimebound:SplitMire"],"picked":"Slimebound:ServeAndProtect+1","floor":49}],"player_experience":588558,"relics_obtained":[{"floor":6.0,"key":"Lantern"},{"floor":7.0,"key":"Mummified Hand"},{"floor":8.0,"key":"Turnip"},{"floor":26.0,"key":"Regal Pillow"},{"floor":41,"key":"Strawberry"},{"floor":44,"key":"Guardian:PocketSentry"},{"floor":45,"key":"Letter Opener"}],"event_choices":[{"damage_healed":0.0,"max_hp_gain":0.0,"max_hp_loss":0.0,"gold_gain":0.0,"event_name":"Living Wall","player_choice":"Grow","floor":11.0,"gold_loss":0.0,"damage_taken":0.0,"cards_upgraded":["Slimebound:DivideAndConquer"]},{"damage_healed":0.0,"max_hp_gain":0.0,"max_hp_loss":0.0,"gold_gain":0.0,"event_name":"Addict","player_choice":"Stole Relic","floor":21.0,"gold_loss":0.0,"damage_taken":0.0,"relics_obtained":["War Paint"],"cards_obtained":["Pride"]},{"damage_healed":0,"gold_gain":0,"player_choice":"Relic","damage_taken":0,"max_hp_gain":0,"max_hp_loss":0,"event_name":"Wheel of Change","floor":44,"gold_loss":0},{"cards_removed":["Slimebound:FlameTackle"],"damage_healed":0,"gold_gain":0,"player_choice":"Removed Attack","damage_taken":0,"max_hp_gain":0,"max_hp_loss":0,"event_name":"Falling","floor":46,"gold_loss":0}],"is_beta":false,"boss_relics":[{"not_picked":["Slimebound:AbsorbEndCombatUpgraded","SacredBark"],"picked":"Pandora\u0027s Box"},{"not_picked":["bronze:MakeshiftBattery","Velvet Choker"],"picked":"Philosopher\u0027s Stone"}],"items_purged_floors":[37,39],"is_endless":false,"potions_floor_spawned":[8,15,19,23,29,38,48,49],"killed_by":"downfall:CharBossMerchant","ascension_level":9}}