{"host":"b6kqr6ulwax9qd8q","time":1613192107,"event":{"mods":["BaseMod","Minty Spire (QoL Compilation)"],"gold_per_floor":[118,134,149,169,189,189,264,264,264,299,311,311,330,330,330,426,426,445,445,465,16,33,33,63,63,63,63,63],"floor_reached":27,"language":"ENG","playtime":1246,"items_purged":["Pain"],"score":259,"play_id":"523dccd3-4ebd-479b-90ed-dcfbdadee41b","local_time":"20210212235507","is_ascension_mode":true,"campfire_choices":[{"data":"Eruption","floor":6,"key":"SMITH"},{"floor":8,"key":"REST"},{"floor":15,"key":"REST"},{"floor":23,"key":"REST"},{"floor":25,"key":"REST"}],"circlet_count":0,"master_deck":["Strike_P","Strike_P","Strike_P+1","Strike_P+1","Defend_P+1","Defend_P","Defend_P","Eruption+1","Vigilance","Indignation","Consecrate","SashWhip+1","CutThroughFate","LikeWater","FlurryOfBlows","ConjureBlade","Establishment","ThirdEye+1","EmptyFist"],"relics":["Runic Pyramid","Singing Bowl","Whetstone","Black Star","WarpedTongs","PreservedInsect","Medical Kit","Mummified Hand","Oddly Smooth Stone","Mercury Hourglass"],"acts_visited":["Exordium","TheCity"],"potions_floor_usage":[10,10,10,16,22],"damage_taken":[{"damage":0,"enemies":"Small Slimes","floor":1,"turns":3},{"damage":9,"enemies":"Jaw Worm","floor":2,"turns":4},{"damage":0,"enemies":"Cultist","floor":3,"turns":2},{"damage":16,"enemies":"Lots of Slimes","floor":4,"turns":4},{"damage":0,"enemies":"2 Fungi Beasts","floor":5,"turns":3},{"damage":8,"enemies":"3 Sentries","floor":10,"turns":2},{"damage":11,"enemies":"Looter","floor":11,"turns":3},{"damage":9,"enemies":"Red Slaver","floor":13,"turns":3},{"damage":17,"enemies":"The Guardian","floor":16,"turns":6},{"damage":17,"enemies":"3 Byrds","floor":18,"turns":5},{"damage":19,"enemies":"2 Thieves","floor":20,"turns":4},{"damage":19,"enemies":"Centurion and Healer","floor":22,"turns":4},{"damage":42,"enemies":"Slavers","floor":24,"turns":5},{"damage":54,"enemies":"Book of Stabbing","floor":27,"turns":3}],"seed_played":"-5794097879927251884","potions_obtained":[{"floor":1,"key":"Energy Potion"},{"floor":2,"key":"SteroidPotion"},{"floor":4,"key":"Swift Potion"},{"floor":13,"key":"BottledMiracle"}],"is_trial":false,"path_per_floor":["M","M","M","M","M","R","?","R","T","E","M","?","M","?","R","B",null,"M","?","M","$","M","R","E","R","T","E"],"character_chosen":"WATCHER","items_purchased":["PreservedInsect","DistilledChaos","Medical Kit"],"campfire_rested":4,"item_purchase_floors":[21,21,21],"current_hp_per_floor":[72,63,63,47,47,47,36,57,57,49,40,25,16,16,38,21,74,57,57,38,38,21,43,3,26,26,0,0],"gold":63,"neow_bonus":"BOSS_RELIC","is_daily":false,"chose_seed":false,"campfire_upgraded":1,"win_rate":0.0,"timestamp":1613192107,"path_taken":["M","M","M","M","M","R","?","R","T","E","M","?","M","?","R","BOSS","M","?","M","$","M","R","E","R","T","E"],"items_purchased_type":["Relic","Potion","Relic"],"build_version":"2020-12-22","purchased_purges":1,"victory":false,"max_hp_per_floor":[72,72,72,72,72,72,72,72,72,72,74,74,74,74,74,74,74,74,74,74,74,76,76,78,78,78,78,78],"card_choices":[{"not_picked":["FearNoEvil","Pray"],"picked":"Indignation","floor":1},{"not_picked":["Study","WheelKick"],"picked":"Consecrate","floor":2},{"not_picked":["Meditate","FlyingSleeves"],"picked":"SashWhip","floor":3},{"not_picked":["Consecrate","Swivel"],"picked":"CutThroughFate","floor":4},{"not_picked":["ReachHeaven","ThirdEye","Collect"],"picked":"SKIP","floor":5},{"not_picked":["FearNoEvil","Crescendo"],"picked":"LikeWater","floor":10},{"not_picked":["Halt","FlyingSleeves","Indignation"],"picked":"Singing Bowl","floor":11},{"not_picked":["Crescendo","JustLucky"],"picked":"FlurryOfBlows","floor":13},{"not_picked":["Blasphemy","Brilliance"],"picked":"Establishment","floor":16},{"not_picked":["FollowUp","Vengeance"],"picked":"ThirdEye+1","floor":18},{"not_picked":["ForeignInfluence","Study+1"],"picked":"EmptyFist","floor":20},{"not_picked":["Evaluate","EmptyMind+1","PathToVictory"],"picked":"Singing Bowl","floor":22},{"not_picked":["Judgement","Evaluate","Swivel"],"picked":"Singing Bowl","floor":24}],"player_experience":584642,"relics_obtained":[{"floor":9,"key":"Singing Bowl"},{"floor":10,"key":"Whetstone"},{"floor":24,"key":"Mummified Hand"},{"floor":24,"key":"Oddly Smooth Stone"},{"floor":26,"key":"Mercury Hourglass"}],"event_choices":[{"damage_healed":0,"gold_gain":75,"player_choice":"Gather Gold","damage_taken":11,"max_hp_gain":0,"max_hp_loss":0,"event_name":"World of Goop","floor":7,"gold_loss":0},{"damage_healed":0,"gold_gain":0,"player_choice":"Entered Light","damage_taken":15,"max_hp_gain":0,"max_hp_loss":0,"event_name":"Shining Light","floor":12,"gold_loss":0,"cards_upgraded":["Defend_P","SashWhip"]},{"damage_healed":0,"gold_gain":0,"cards_transformed":["Defend_P"],"player_choice":"Transformed","damage_taken":0,"max_hp_gain":0,"max_hp_loss":0,"event_name":"Transmorgrifier","floor":14,"gold_loss":0,"cards_obtained":["ConjureBlade"]},{"damage_healed":0,"gold_gain":0,"player_choice":"Rummage","damage_taken":0,"relics_obtained":["WarpedTongs"],"max_hp_gain":0,"max_hp_loss":0,"event_name":"Accursed Blacksmith","floor":19,"gold_loss":0,"cards_obtained":["Pain"]}],"is_beta":false,"boss_relics":[{"not_picked":["Coffee Dripper","Calling Bell"],"picked":"Black Star"}],"items_purged_floors":[21],"is_endless":false,"potions_floor_spawned":[1,2,4,13],"killed_by":"Book of Stabbing","ascension_level":2}}