{"host":"xi9hztp74zq5zdao","time":1613179999,"event":{"mods":["2.2 Compatiblity","BaseMod","Colored Map","Conspire","Googly Eyes","Minty Spire (QoL Compilation)","Relic Sorter","StSLib","The Gatherer","The Hierophant","everything is the same but u backflip on backflip"],"gold_per_floor":[119,294,71,146,146,177,177,210,210,230,230,256,275,287,287,391,391,402,402,416,446,463,463,463,463],"floor_reached":24,"language":"ENG","playtime":859,"items_purged":["Doubt"],"score":275,"play_id":"8fa895fd-12ac-4f3c-b809-16934e1cec6f","local_time":"20210212203319","is_ascension_mode":true,"campfire_choices":[{"data":"Spot Weakness","floor":7,"key":"SMITH"},{"data":"Body Slam","floor":11,"key":"SMITH"},{"data":"Rupture","floor":15,"key":"SMITH"},{"data":"Brutality","floor":23,"key":"SMITH"}],"circlet_count":0,"master_deck":["Strike_R","Strike_R","Strike_R","Strike_R","Strike_R","Defend_R","Defend_R","Defend_R","Defend_R","Bash","Cleave","Spot Weakness+1","Twin Strike","Body Slam+1","Shrug It Off","Demon Form","Combust","Rupture+1","Brutality+1","Twin Strike","Strike_R","Strike_R","Strike_R","Strike_R","Strike_R","Defend_R","Defend_R","Defend_R","Defend_R","Bash","Cleave","Spot Weakness+1","Twin Strike","Body Slam+1","Shrug It Off","Demon Form","Combust","Rupture+1","Brutality","Twin Strike","Disarm","Pommel Strike+1","Metallicize"],"relics":["Black Blood","Orrery","Bird Faced Urn","Nunchaku","StrikeDummy","Potion Belt","Red Mask"],"acts_visited":["Exordium","TheCity"],"potions_floor_usage":[21,24],"damage_taken":[{"damage":5,"enemies":"2 Louse","floor":1,"turns":3},{"damage":23,"enemies":"3 Sentries","floor":6,"turns":6},{"damage":18,"enemies":"Lagavulin","floor":8,"turns":7},{"damage":2,"enemies":"Small Slimes","floor":10,"turns":2},{"damage":13,"enemies":"Gremlin Nob","floor":12,"turns":4},{"damage":1,"enemies":"Cultist","floor":13,"turns":3},{"damage":2,"enemies":"Looter","floor":14,"turns":2},{"damage":22,"enemies":"The Guardian","floor":16,"turns":8},{"damage":16,"enemies":"Spheric Guardian","floor":18,"turns":4},{"damage":5,"enemies":"Chosen","floor":20,"turns":4},{"damage":65,"enemies":"Masked Bandits","floor":21,"turns":5},{"damage":29,"enemies":"Snecko","floor":22,"turns":6},{"damage":49,"enemies":"Slavers","floor":24,"turns":3}],"seed_played":"3239877393393675400","potions_obtained":[{"floor":8,"key":"ColorlessPotion"},{"floor":13,"key":"Strength Potion"},{"floor":14,"key":"Weak Potion"},{"floor":21,"key":"Ancient Potion"}],"is_trial":false,"path_per_floor":["M","?","$","?","?","E","R","E","T","M","R","E","M","M","R","B",null,"M","?","M","?","M","R","E"],"character_chosen":"IRONCLAD","items_purchased":["Orrery"],"campfire_rested":0,"item_purchase_floors":[3],"current_hp_per_floor":[88,88,88,77,82,65,65,53,53,57,57,54,61,65,65,55,93,89,89,93,44,37,37,0,0],"gold":463,"neow_bonus":"TEN_PERCENT_HP_BONUS","is_daily":false,"chose_seed":false,"campfire_upgraded":4,"win_rate":0.0,"timestamp":1613179999,"path_taken":["M","?","$","?","?","E","R","E","T","M","R","E","M","M","R","BOSS","M","?","?","?","M","R","E"],"items_purchased_type":["Relic"],"build_version":"2020-12-22","purchased_purges":1,"victory":false,"max_hp_per_floor":[88,88,88,88,93,93,93,93,93,93,93,93,93,93,93,93,93,93,93,93,93,93,93,93,93],"card_choices":[{"not_picked":["Thunderclap","Wild Strike"],"picked":"Cleave","floor":1},{"not_picked":["Dropkick","Fiend Fire"],"picked":"Spot Weakness","floor":3},{"not_picked":["Carnage","Pommel Strike"],"picked":"Twin Strike","floor":3},{"not_picked":["Anger","Thunderclap"],"picked":"Body Slam","floor":3},{"not_picked":["Cleave","Shockwave"],"picked":"Shrug It Off","floor":3},{"not_picked":["Dark Embrace","Pommel Strike","Sever Soul"],"picked":"SKIP","floor":6},{"not_picked":["Sword Boomerang","Cleave"],"picked":"Demon Form","floor":8},{"not_picked":["Armaments","Pommel Strike"],"picked":"Combust","floor":10},{"not_picked":["Seeing Red","Combust"],"picked":"Rupture","floor":12},{"not_picked":["True Grit","Headbutt","Pommel Strike"],"picked":"SKIP","floor":13},{"not_picked":["Havoc","Thunderclap","Heavy Blade"],"picked":"SKIP","floor":14},{"not_picked":["Fiend Fire","Offering"],"picked":"Brutality","floor":16},{"not_picked":["Armaments","Flex"],"picked":"Twin Strike","floor":18},{"not_picked":["Clothesline","Dual Wield"],"picked":"Disarm","floor":20},{"not_picked":["Thunderclap","Armaments"],"picked":"Pommel Strike+1","floor":21},{"not_picked":["Flex","Burning Pact"],"picked":"Metallicize","floor":22}],"player_experience":1264773,"relics_obtained":[{"floor":6,"key":"Bird Faced Urn"},{"floor":8,"key":"Nunchaku"},{"floor":9,"key":"StrikeDummy"},{"floor":12,"key":"Potion Belt"},{"floor":21,"key":"Red Mask"}],"event_choices":[{"damage_healed":0,"gold_gain":175,"player_choice":"AGREE","damage_taken":0,"max_hp_gain":0,"max_hp_loss":0,"event_name":"Liars Game","floor":2,"gold_loss":0,"cards_obtained":["Doubt"]},{"damage_healed":0,"gold_gain":75,"player_choice":"Gather Gold","damage_taken":11,"max_hp_gain":0,"max_hp_loss":0,"event_name":"World of Goop","floor":4,"gold_loss":0},{"damage_healed":0,"gold_gain":0,"player_choice":"Donut","damage_taken":0,"max_hp_gain":5,"max_hp_loss":0,"event_name":"Big Fish","floor":5,"gold_loss":0},{"damage_healed":0,"gold_gain":0,"player_choice":"Fought Bandits","damage_taken":0,"max_hp_gain":0,"max_hp_loss":0,"event_name":"Masked Bandits","floor":21,"gold_loss":0}],"is_beta":false,"boss_relics":[{"not_picked":["SacredBark","conspire:RoyalGoblet"],"picked":"Black Blood"}],"items_purged_floors":[3],"is_endless":false,"potions_floor_spawned":[8,13,14,21],"killed_by":"Slavers","ascension_level":1}}