{"host":"agbyy69nq62afhwx","time":1613231395,"event":{"mods":["BaseMod","Colored Map","DeckTracker","Hermit","Highlight Path","Keyboard Shortcuts","Minty Spire (QoL Compilation)","Quick Restart","StSLib","SuperFastMode","everything is the same but u backflip on backflip"],"gold_per_floor":[113,130,130,130,146,146,161,161,161,161,161,193,193,212,212,309,309,325,235,247,162,87,87,8,8,53,65,80,91,420,436,436,538,538,553,605,414,430,449,449,63,97,97,97,130,130,146,162,162,162,162],"floor_reached":50,"language":"KOR","playtime":2136,"items_purged":["hermit:Strike_Hermit","hermit:Defend_Hermit","hermit:SprayPray"],"score":601,"play_id":"44ab7f0c-e5ba-45d4-bcda-d47bfa87b214","local_time":"20210214004955","is_ascension_mode":true,"campfire_choices":[{"data":"hermit:CalledShot","floor":6.0,"key":"SMITH"},{"data":"hermit:Horror","floor":8.0,"key":"SMITH"},{"data":"hermit:Dive","floor":11.0,"key":"SMITH"},{"data":"hermit:EyeOfTheStorm","floor":13.0,"key":"SMITH"},{"data":"hermit:Gestalt","floor":15.0,"key":"SMITH"},{"data":"hermit:Snapshot","floor":23.0,"key":"SMITH"},{"data":"hermit:Horror","floor":25.0,"key":"SMITH"},{"data":"hermit:TrackingShot","floor":32.0,"key":"SMITH"},{"data":"hermit:FromBeyond","floor":40.0,"key":"SMITH"},{"data":"hermit:HeroicBravado","floor":49,"key":"SMITH"}],"circlet_count":0,"master_deck":["hermit:Defend_Hermit+1","hermit:Snapshot+1","hermit:Covet+1","hermit:Vantage+1","hermit:Gambit+1","hermit:Dissolve+1","hermit:CalledShot+1","hermit:Horror+1","hermit:Dive+1","hermit:EyeOfTheStorm+1","hermit:Gestalt+1","hermit:Magnum+1","hermit:CalledShot+1","hermit:TrackingShot+1","hermit:Horror+1","hermit:Spite+1","hermit:CalledShot+1","hermit:FromBeyond+1","Flash of Steel","hermit:HeroicBravado+1"],"relics":["Astrolabe","Bag of Marbles","Ornamental Fan","Black Star","Eternal Feather","Oddly Smooth Stone","Old Coin","Bird Faced Urn","Busted Crown","hermit:RedScarf","Sundial","Omamori","Darkstone Periapt","Vajra","Blood Vial","Bottled Flame"],"acts_visited":["Exordium","TheCity","TheBeyond"],"potions_floor_usage":[50,50],"damage_taken":[{"damage":0.0,"enemies":"Small Slimes","floor":1.0,"turns":5.0},{"damage":0.0,"enemies":"2 Louse","floor":2.0,"turns":3.0},{"damage":2.0,"enemies":"Jaw Worm","floor":5.0,"turns":3.0},{"damage":1.0,"enemies":"Lots of Slimes","floor":7.0,"turns":3.0},{"damage":0.0,"enemies":"Lagavulin","floor":12.0,"turns":5.0},{"damage":0.0,"enemies":"Exordium Wildlife","floor":14.0,"turns":2.0},{"damage":41.0,"enemies":"The Guardian","floor":16.0,"turns":14.0},{"damage":2.0,"enemies":"Chosen","floor":18.0,"turns":4.0},{"damage":0.0,"enemies":"Shell Parasite","floor":20.0,"turns":3.0},{"damage":2.0,"enemies":"Sentry and Sphere","floor":27.0,"turns":4.0},{"damage":1.0,"enemies":"Snecko","floor":28.0,"turns":4.0},{"damage":0.0,"enemies":"Cultist and Chosen","floor":29.0,"turns":3.0},{"damage":14.0,"enemies":"Gremlin Leader","floor":30.0,"turns":3.0},{"damage":0.0,"enemies":"Chosen and Byrds","floor":31.0,"turns":1.0},{"damage":13.0,"enemies":"Automaton","floor":33.0,"turns":10.0},{"damage":0.0,"enemies":"Orb Walker","floor":35.0,"turns":2.0},{"damage":21.0,"enemies":"2 Orb Walkers","floor":36.0,"turns":4.0},{"damage":1.0,"enemies":"3 Darklings","floor":38.0,"turns":3.0},{"damage":2.0,"enemies":"Jaw Worm Horde","floor":39.0,"turns":3.0},{"damage":0.0,"enemies":"Reptomancer","floor":42.0,"turns":2.0},{"damage":15,"enemies":"Nemesis","floor":45,"turns":7},{"damage":1,"enemies":"4 Shapes","floor":47,"turns":5},{"damage":2,"enemies":"Writhing Mass","floor":48,"turns":4},{"damage":68,"enemies":"Time Eater","floor":50,"turns":8}],"seed_played":"-2609104322653799668","potions_obtained":[{"floor":2.0,"key":"Explosive Potion"},{"floor":16.0,"key":"hermit:Tonic"},{"floor":20.0,"key":"Swift Potion"},{"floor":35.0,"key":"hermit:BlackBile"}],"is_trial":false,"path_per_floor":["M","M","?","?","M","R","M","R","T","?","R","E","R","M","R","B",null,"M","?","M","?","$","R","$","R","T","M","M","M","E","M","R","B",null,"M","?","$","M","M","R","$","E","T","?","E","$","M","M","R","B"],"character_chosen":"HERMIT","items_purchased":["hermit:Horror","Flash of Steel","Sundial"],"campfire_rested":0,"item_purchase_floors":[24,37,41],"current_hp_per_floor":[75,75,75,60,58,58,57,57,57,62,62,62,62,62,62,21,80,78,78,78,78,78,80,80,80,80,78,77,77,63,63,72,59,80,80,59,59,58,56,68,68,68,68,68,53,53,54,54,66,0,0],"gold":162,"neow_bonus":"BOSS_RELIC","is_daily":false,"chose_seed":false,"campfire_upgraded":10,"win_rate":0.0,"timestamp":1613231395,"path_taken":["M","M","?","?","M","R","M","R","T","?","R","E","R","M","R","BOSS","M","?","?","?","$","R","?","R","T","M","?","M","E","M","R","BOSS","M","?","$","M","M","R","$","E","T","?","E","$","M","M","R","BOSS"],"items_purchased_type":["Card","Card","Relic"],"build_version":"2020-12-22","purchased_purges":3,"victory":false,"max_hp_per_floor":[75,75,75,75,75,75,75,75,75,80,80,80,80,80,80,80,80,80,80,80,80,80,80,80,80,80,80,80,80,80,80,80,80,80,80,80,80,80,80,80,80,80,80,76,76,76,76,76,76,76,76],"card_choices":[{"not_picked":["hermit:BodyArmor","hermit:Shortfuse"],"picked":"hermit:CalledShot","floor":1.0},{"not_picked":["hermit:Showdown","hermit:Desperado"],"picked":"hermit:Horror","floor":2.0},{"not_picked":["hermit:ItchyTrigger","hermit:Desperado"],"picked":"hermit:Dive","floor":5.0},{"not_picked":["hermit:Cheat","hermit:Glare"],"picked":"hermit:SprayPray","floor":7.0},{"not_picked":["hermit:Feint","hermit:Misfire"],"picked":"hermit:EyeOfTheStorm","floor":12.0},{"not_picked":["hermit:Dive","hermit:BodyArmor"],"picked":"hermit:Gestalt","floor":14.0},{"not_picked":["hermit:Dissolve","hermit:Adapt"],"picked":"hermit:Magnum","floor":16.0},{"not_picked":["hermit:Vantage+1","hermit:Grudge"],"picked":"hermit:CalledShot+1","floor":18.0},{"not_picked":["hermit:SprayPray","hermit:LowProfile+1"],"picked":"hermit:TrackingShot","floor":20.0},{"not_picked":["hermit:BodyArmor","hermit:Dive"],"picked":"hermit:Spite+1","floor":27.0},{"not_picked":["hermit:Manifest","hermit:GoldenBullet+1"],"picked":"hermit:CalledShot+1","floor":28.0},{"not_picked":["hermit:Desperado","hermit:Maintenance","hermit:Combo+1"],"picked":"SKIP","floor":29.0},{"not_picked":["hermit:Gambit","hermit:Deadeye+1","hermit:Grudge+1"],"picked":"SKIP","floor":30.0},{"not_picked":["hermit:Roulette","hermit:Malice","hermit:PistolWhip"],"picked":"SKIP","floor":31.0},{"not_picked":["hermit:HighNoon","hermit:Purgatory"],"picked":"hermit:FromBeyond","floor":33.0},{"not_picked":["hermit:Roulette+1"],"picked":"SKIP","floor":35.0},{"not_picked":["hermit:Ricochet"],"picked":"SKIP","floor":38.0},{"not_picked":["hermit:TakeCover"],"picked":"SKIP","floor":39.0},{"not_picked":["hermit:GoldenBullet"],"picked":"SKIP","floor":42.0},{"not_picked":[],"picked":"hermit:HeroicBravado","floor":45},{"not_picked":["hermit:Coalescence+1"],"picked":"SKIP","floor":47},{"not_picked":["hermit:Roulette+1"],"picked":"SKIP","floor":48}],"player_experience":498556,"relics_obtained":[{"floor":9.0,"key":"Bag of Marbles"},{"floor":12.0,"key":"Ornamental Fan"},{"floor":26.0,"key":"Oddly Smooth Stone"},{"floor":30.0,"key":"Old Coin"},{"floor":30.0,"key":"Bird Faced Urn"},{"floor":36.0,"key":"hermit:RedScarf"},{"floor":42.0,"key":"Omamori"},{"floor":42.0,"key":"Darkstone Periapt"},{"floor":43.0,"key":"Vajra"},{"floor":45,"key":"Blood Vial"},{"floor":45,"key":"Bottled Flame"}],"event_choices":[{"cards_removed":["hermit:Defend_Hermit"],"damage_healed":0.0,"max_hp_gain":0.0,"max_hp_loss":0.0,"gold_gain":0.0,"event_name":"Living Wall","player_choice":"Forget","floor":3.0,"gold_loss":0.0,"damage_taken":0.0},{"damage_healed":0.0,"max_hp_gain":0.0,"max_hp_loss":0.0,"gold_gain":0.0,"event_name":"Shining Light","player_choice":"Entered Light","floor":4.0,"gold_loss":0.0,"damage_taken":15.0,"cards_upgraded":["hermit:Covet","hermit:Defend_Hermit"]},{"damage_healed":0.0,"max_hp_gain":5.0,"max_hp_loss":0.0,"gold_gain":0.0,"event_name":"Big Fish","player_choice":"Donut","floor":10.0,"gold_loss":0.0,"damage_taken":0.0},{"cards_removed":["hermit:Strike_Hermit"],"damage_healed":0.0,"max_hp_gain":0.0,"max_hp_loss":0.0,"gold_gain":0.0,"event_name":"Designer","player_choice":"Upgrade and Remove","floor":19.0,"gold_loss":90.0,"damage_taken":0.0,"cards_upgraded":["hermit:Magnum"]},{"damage_healed":0.0,"max_hp_gain":0.0,"max_hp_loss":0.0,"gold_gain":0.0,"event_name":"Addict","player_choice":"Obtained Relic","floor":21.0,"gold_loss":85.0,"damage_taken":0.0,"relics_obtained":["Eternal Feather"]},{"damage_healed":0.0,"max_hp_gain":0.0,"max_hp_loss":0.0,"gold_gain":0.0,"event_name":"Mysterious Sphere","player_choice":"Fight","floor":36.0,"gold_loss":0.0,"damage_taken":0.0},{"damage_healed":0.0,"max_hp_gain":0.0,"max_hp_loss":4.0,"gold_gain":0.0,"event_name":"Winding Halls","player_choice":"Max HP","floor":44.0,"gold_loss":0.0,"damage_taken":0.0}],"is_beta":false,"boss_relics":[{"not_picked":["Sozu","hermit:DentedPlate"],"picked":"Black Star"},{"not_picked":["Philosopher\u0027s Stone","Fusion Hammer"],"picked":"Busted Crown"}],"items_purged_floors":[22,37,41],"is_endless":false,"potions_floor_spawned":[2,16,20,27,28,35,38,42,48],"killed_by":"Time Eater","ascension_level":1}}