{"host":"sc0o2qwpf9j16a4i","time":1613231378,"event":{"mods":["AchievementEnabler","BaseMod","BetterRewards","Block Reminder","Colored Map","Colored Powertips","Custom Start","Highlight Path","Minty Spire (QoL Compilation)","Relic Stats"],"gold_per_floor":[109,121,199,211,211,236,247,278,278,278,295,40,55,18,18,114,114,134,134,145,165,165,197,217,236,261,271,298,311,311,365,377,490,502,525,40,50,61,73,100,100,135,135,135,13,48,48,48,48,48],"floor_reached":51,"language":"ENG","playtime":3001,"items_purged":[],"score":1064,"play_id":"4a1f90ef-b370-4bf3-ae94-3e0b662cc08f","local_time":"20210213174938","daily_mods":["Shiny","ControlledChaos","Terminal"],"is_ascension_mode":false,"campfire_choices":[{"data":"Barricade","floor":10,"key":"SMITH"},{"data":"Offering","floor":15,"key":"SMITH"},{"data":"Feel No Pain","floor":32,"key":"SMITH"},{"data":"Corruption","floor":41,"key":"SMITH"},{"data":"Impervious","floor":44,"key":"SMITH"},{"data":"Brutality+1","floor":49,"key":"PURGE"}],"circlet_count":0,"master_deck":["Double Tap+1","Demon Form+1","Bludgeon+1","Feed+1","Limit Break+1","Corruption+1","Barricade+1","Fiend Fire+1","Berserk+1","Impervious+1","Juggernaut+1","Reaper+1","Exhume+1","Offering+1","Immolate+1","Pommel Strike+1","Whirlwind+1","Shrug It Off+1","Pommel Strike+1","Power Through+1","Feel No Pain+1","Shockwave+1","Spot Weakness+1","Infernal Blade+1","Exhume+1","Shockwave+1","Pommel Strike+1","Offering+1","Ghostly Armor+1","True Grit+1","Burning Pact+1","Battle Trance+1","Sentinel+1","Shrug It Off+1","Exhume+1","Shrug It Off+1","Shrug It Off+1","Burning Pact+1","Shrug It Off+1","Whirlwind+1","Shrug It Off+1","Reaper+1"],"relics":["Burning Blood","Frozen Eye","GremlinMask","PreservedInsect","Darkstone Periapt","CaptainsWheel","Sling","Coffee Dripper","Peace Pipe","Blood Vial","Omamori","MutagenicStrength","MawBank","Calling Bell","Lantern","Eternal Feather","Charon\u0027s Ashes","War Paint","Chemical X","Strawberry","Boot","Gremlin Horn","The Courier","OrangePellets","Toy Ornithopter","Mark of the Bloom"],"acts_visited":["Exordium","TheCity","TheBeyond"],"potions_floor_usage":[33,33,50,50],"damage_taken":[{"damage":6,"enemies":"Jaw Worm","floor":1,"turns":3},{"damage":6,"enemies":"Cultist","floor":2,"turns":2},{"damage":5,"enemies":"Small Slimes","floor":4,"turns":3},{"damage":14,"enemies":"3 Sentries","floor":6,"turns":6},{"damage":0,"enemies":"Gremlin Gang","floor":7,"turns":2},{"damage":9,"enemies":"Gremlin Nob","floor":8,"turns":3},{"damage":7,"enemies":"2 Fungi Beasts","floor":11,"turns":3},{"damage":12,"enemies":"Exordium Thugs","floor":13,"turns":3},{"damage":31,"enemies":"Hexaghost","floor":16,"turns":6},{"damage":6,"enemies":"Spheric Guardian","floor":18,"turns":4},{"damage":9,"enemies":"2 Thieves","floor":20,"turns":3},{"damage":20,"enemies":"Shelled Parasite and Fungi","floor":21,"turns":5},{"damage":12,"enemies":"Book of Stabbing","floor":23,"turns":3},{"damage":12,"enemies":"Centurion and Healer","floor":24,"turns":3},{"damage":8,"enemies":"Snecko","floor":25,"turns":5},{"damage":13,"enemies":"Chosen and Byrds","floor":27,"turns":4},{"damage":18,"enemies":"Slavers","floor":28,"turns":4},{"damage":20,"enemies":"Shelled Parasite and Fungi","floor":29,"turns":5},{"damage":22,"enemies":"Champ","floor":33,"turns":8},{"damage":0,"enemies":"3 Shapes","floor":35,"turns":6},{"damage":12,"enemies":"Orb Walker","floor":37,"turns":4},{"damage":13,"enemies":"Jaw Worm Horde","floor":38,"turns":4},{"damage":19,"enemies":"3 Darklings","floor":39,"turns":5},{"damage":18,"enemies":"Nemesis","floor":40,"turns":3},{"damage":6,"enemies":"Reptomancer","floor":42,"turns":5},{"damage":0,"enemies":"Nemesis","floor":46,"turns":3},{"damage":9,"enemies":"Awakened One","floor":50,"turns":6}],"seed_played":"-6288857909179289537","potions_obtained":[{"floor":7,"key":"PowerPotion"},{"floor":8,"key":"Weak Potion"},{"floor":11,"key":"Swift Potion"},{"floor":33,"key":"FearPotion"},{"floor":37,"key":"SkillPotion"}],"is_trial":true,"path_per_floor":["M","M","?","M","?","E","M","E","T","R","M","$","M","$","R","B",null,"M","?","M","M","?","E","M","M","T","M","E","M","?","T","R","B",null,"M","$","M","M","M","E","R","E","T","R","$","E","?","?","R","B",null],"character_chosen":"IRONCLAD","items_purchased":["Feel No Pain","Sling","Shockwave","Infernal Blade","Shrug It Off","War Paint","Chemical X","Strawberry","OrangePellets"],"campfire_rested":0,"item_purchase_floors":[12,12,12,14,36,36,36,36,45],"current_hp_per_floor":[78,77,76,75,74,66,72,72,72,72,77,76,70,70,70,72,71,70,69,66,55,69,66,76,74,74,70,63,57,57,57,57,43,72,71,77,71,75,79,83,84,86,85,84,83,82,81,80,79,70],"gold":48,"neow_bonus":"","is_daily":false,"chose_seed":false,"campfire_upgraded":5,"win_rate":0.0,"timestamp":1613231378,"path_taken":["M","M","?","M","?","E","?","E","T","R","M","$","M","?","R","BOSS","M","?","M","M","?","E","M","M","T","M","E","?","?","?","R","BOSS","M","$","M","M","M","E","R","E","T","R","$","E","?","?","R","BOSS"],"items_purchased_type":["Card","Relic","Card","Card","Card","Relic","Relic","Relic","Relic"],"build_version":"2020-12-22","purchased_purges":0,"victory":true,"max_hp_per_floor":[78,77,76,75,74,73,72,74,73,72,77,76,75,74,73,72,71,70,69,68,70,69,71,76,75,74,76,78,77,76,75,74,73,72,71,77,76,84,86,85,84,86,85,84,83,82,81,80,79,82],"relic_stats":{"Darkstone Periapt":0,"Mark of the Bloom":46,"Gremlin Horn":[3,3],"counters":[27,111],"Eternal Feather":2,"PreservedInsect":254,"Charon\u0027s Ashes":[450],"War Paint":["Infernal Blade","Offering"],"MawBank":60,"Boot":[0],"Burning Blood":143,"Peace Pipe":1,"Blood Vial":12,"OrangePellets":[5],"Chemical X":[4],"obtain_stats":[{"Darkstone Periapt":8,"Lantern":34,"Mark of the Bloom":48,"Gremlin Horn":42,"GremlinMask":5,"Sling":12,"Boot":40,"Burning Blood":0,"Blood Vial":26,"Frozen Eye":0,"Strawberry":36,"Chemical X":36,"Eternal Feather":34,"PreservedInsect":6,"Charon\u0027s Ashes":34,"The Courier":43,"Omamori":28,"War Paint":36,"MawBank":31,"Peace Pipe":23,"Calling Bell":34,"OrangePellets":45,"CaptainsWheel":9,"MutagenicStrength":30,"Coffee Dripper":17,"Toy Ornithopter":46},{"Darkstone Periapt":6,"Lantern":19,"Mark of the Bloom":26,"Gremlin Horn":25,"GremlinMask":3,"Sling":7,"Boot":24,"Burning Blood":0,"Blood Vial":15,"Frozen Eye":0,"Strawberry":20,"Chemical X":20,"Eternal Feather":19,"PreservedInsect":4,"Charon\u0027s Ashes":19,"The Courier":25,"Omamori":17,"War Paint":20,"MawBank":18,"Peace Pipe":13,"Calling Bell":19,"OrangePellets":25,"CaptainsWheel":6,"MutagenicStrength":18,"Coffee Dripper":9,"Toy Ornithopter":26},{"Darkstone Periapt":19,"Lantern":75,"Mark of the Bloom":105,"Gremlin Horn":102,"GremlinMask":8,"Sling":22,"Boot":97,"Burning Blood":0,"Blood Vial":54,"Frozen Eye":0,"Strawberry":81,"Chemical X":81,"Eternal Feather":75,"PreservedInsect":14,"Charon\u0027s Ashes":75,"The Courier":102,"Omamori":62,"War Paint":81,"MawBank":67,"Peace Pipe":46,"Calling Bell":75,"OrangePellets":102,"CaptainsWheel":19,"MutagenicStrength":67,"Coffee Dripper":31,"Toy Ornithopter":105}],"Toy Ornithopter":0},"card_choices":[{"not_picked":["Heavy Blade","Rampage"],"picked":"Pommel Strike","floor":1},{"not_picked":["Sentinel","Cleave"],"picked":"Whirlwind","floor":2},{"not_picked":["Clash","Hemokinesis"],"picked":"Shrug It Off","floor":4},{"not_picked":["Double Tap","Dropkick","Perfected Strike"],"picked":"SKIP","floor":6},{"not_picked":["Body Slam","Sever Soul"],"picked":"Pommel Strike","floor":7},{"not_picked":["Iron Wave","Wild Strike","Power Through"],"picked":"SKIP","floor":8},{"not_picked":["Iron Wave","Wild Strike"],"picked":"Power Through","floor":8},{"not_picked":["Iron Wave","Havoc"],"picked":"Pommel Strike","floor":11},{"not_picked":["Limit Break","Fire Breathing"],"picked":"Spot Weakness","floor":13},{"not_picked":["Double Tap","Limit Break"],"picked":"Exhume","floor":16},{"not_picked":["Armaments+1","Infernal Blade"],"picked":"Shockwave+1","floor":18},{"not_picked":["Cleave","Thunderclap"],"picked":"Pommel Strike","floor":20},{"not_picked":["Flex","Body Slam"],"picked":"Offering","floor":21},{"not_picked":["Thunderclap+1","Heavy Blade+1"],"picked":"Ghostly Armor","floor":23},{"not_picked":["Thunderclap","Flex"],"picked":"True Grit+1","floor":24},{"not_picked":["Flex+1","Bloodletting"],"picked":"Burning Pact","floor":25},{"not_picked":["Clothesline","Intimidate"],"picked":"Battle Trance","floor":27},{"not_picked":["Anger","True Grit"],"picked":"Sentinel+1","floor":28},{"not_picked":["Warcry","Iron Wave"],"picked":"Shrug It Off+1","floor":29},{"not_picked":["Double Tap","Juggernaut"],"picked":"Exhume","floor":33},{"not_picked":["Clash+1","Sword Boomerang+1"],"picked":"Shrug It Off+1","floor":35},{"not_picked":["Rage+1","Warcry+1"],"picked":"Burning Pact+1","floor":37},{"not_picked":["Cleave+1","Clash+1"],"picked":"Shrug It Off+1","floor":38},{"not_picked":["Intimidate","Clothesline+1"],"picked":"Whirlwind+1","floor":39},{"not_picked":["Twin Strike","Battle Trance"],"picked":"Shrug It Off+1","floor":40},{"not_picked":["Burning Pact","Combust+1"],"picked":"Reaper","floor":42},{"not_picked":["Infernal Blade","Pummel+1"],"picked":"Shockwave+1","floor":46}],"player_experience":1404441,"relics_obtained":[{"floor":6,"key":"PreservedInsect"},{"floor":8,"key":"Darkstone Periapt"},{"floor":9,"key":"CaptainsWheel"},{"floor":23,"key":"Peace Pipe"},{"floor":26,"key":"Blood Vial"},{"floor":28,"key":"Omamori"},{"floor":31,"key":"MawBank"},{"floor":34,"key":"Lantern"},{"floor":34,"key":"Eternal Feather"},{"floor":34,"key":"Charon\u0027s Ashes"},{"floor":40,"key":"Boot"},{"floor":42,"key":"Gremlin Horn"},{"floor":43,"key":"The Courier"},{"floor":46,"key":"Toy Ornithopter"}],"event_choices":[{"damage_healed":0,"gold_gain":78,"player_choice":"Gained Gold","damage_taken":0,"max_hp_gain":0,"max_hp_loss":0,"event_name":"Golden Wing","floor":3,"gold_loss":0},{"damage_healed":0,"gold_gain":0,"player_choice":"Trade","damage_taken":0,"relics_obtained":["GremlinMask"],"max_hp_gain":0,"max_hp_loss":0,"event_name":"FaceTrader","floor":5,"gold_loss":0},{"cards_removed":["Pommel Strike"],"damage_healed":0,"gold_gain":0,"player_choice":"Elegance","damage_taken":0,"max_hp_gain":0,"max_hp_loss":0,"event_name":"Back to Basics","floor":19,"gold_loss":0},{"damage_healed":15,"gold_gain":0,"player_choice":"Full Heal","damage_taken":0,"max_hp_gain":0,"max_hp_loss":0,"event_name":"Wheel of Change","floor":22,"gold_loss":0},{"damage_healed":0,"gold_gain":0,"player_choice":"Inject Mutagens","damage_taken":0,"relics_obtained":["MutagenicStrength"],"max_hp_gain":0,"max_hp_loss":0,"event_name":"Drug Dealer","floor":30,"gold_loss":0},{"cards_removed":["Shockwave"],"damage_healed":0,"gold_gain":0,"player_choice":"Removed Skill","damage_taken":0,"max_hp_gain":0,"max_hp_loss":0,"event_name":"Falling","floor":47,"gold_loss":0},{"damage_healed":0,"gold_gain":0,"player_choice":"Upgrade","damage_taken":0,"relics_obtained":["Mark of the Bloom"],"max_hp_gain":0,"max_hp_loss":0,"event_name":"MindBloom","floor":48,"gold_loss":0,"cards_upgraded":["Double Tap","Demon Form","Bludgeon","Feed","Limit Break","Fiend Fire","Berserk","Juggernaut","Brutality","Reaper","Exhume","Immolate","Pommel Strike","Whirlwind","Shrug It Off","Pommel Strike","Power Through","Shockwave","Spot Weakness","Exhume","Pommel Strike","Ghostly Armor","Burning Pact","Battle Trance","Exhume","Shrug It Off","Reaper"]}],"is_beta":false,"boss_relics":[{"not_picked":["Empty Cage","Tiny House"],"picked":"Coffee Dripper"},{"not_picked":["Velvet Choker","Black Blood"],"picked":"Calling Bell"}],"items_purged_floors":[],"is_endless":false,"potions_floor_spawned":[7,8,11,13,18,21,25,33,37,39,40,42],"ascension_level":0}}