{"host":"m1la6e9nlupdt60a","time":1613251082,"event":{"mods":["Act Like it!","Aspiration","BaseMod","Conspire","Downfall","Hallownest","Hermit","Hubris","Infinite Spire","Minty Spire (QoL Compilation)","Replay The Spire","Shop Mod","StSLib","The Bug Knight","The Cursed","The Disciple","The Jungle","The Poker Player","The Runesmith","The Servant 0.9.4"],"gold_per_floor":[110,122,122,139,157,157,171,171,171,171,24,50,50,50],"floor_reached":12,"language":"ENG","playtime":734,"items_purged":[],"score":80,"play_id":"01d06e52-41cc-421c-bfb7-98b7ae2c5a9a","local_time":"20210213151802","is_ascension_mode":false,"metric_token":1298,"campfire_choices":[{"floor":6,"key":"REST"},{"data":"PokerPlayerMod:TrumpStrike","floor":8,"key":"SMITH"},{"floor":10,"key":"REST"}],"circlet_count":0,"master_deck":["PokerPlayerMod:Diamond1","PokerPlayerMod:Diamond2","PokerPlayerMod:Diamond3","PokerPlayerMod:Diamond4","PokerPlayerMod:Diamond5","PokerPlayerMod:Spade1","PokerPlayerMod:Spade2","PokerPlayerMod:Spade3","PokerPlayerMod:Spade4","PokerPlayerMod:Club1","PokerPlayerMod:Club2","PokerPlayerMod:Heart2","PokerPlayerMod:TrumpStrike+1","PokerPlayerMod:BadJoker","PokerPlayerMod:Mulligan","PokerPlayerMod:Trickery","PokerPlayerMod:MagicTrick","PokerPlayerMod:DamnStraight","PokerPlayerMod:ClubsClub","PokerPlayerMod:HeartStrike","PokerPlayerMod:CloakAndDiamond","PokerPlayerMod:Trickery","PokerPlayerMod:Diamond6","PokerPlayerMod:Spade7"],"relics":["PokerPlayerMod:DeckCase","aspiration:Nostalgia","PureWater","Du-Vu Doll","hubris:ToyBattleship"],"acts_visited":["Exordium"],"potions_floor_usage":[7,12],"damage_taken":[{"damage":7,"enemies":"Jaw Worm","floor":1,"turns":4},{"damage":5,"enemies":"conspire:RoseBush","floor":2,"turns":2},{"damage":13,"enemies":"Small Slimes","floor":4,"turns":4},{"damage":16,"enemies":"Exordium Wildlife","floor":5,"turns":4},{"damage":6,"enemies":"Exordium Thugs","floor":7,"turns":4},{"damage":26,"enemies":"Lagavulin","floor":12,"turns":6}],"seed_played":"-5462469272873861209","potions_obtained":[{"floor":5,"key":"ColorlessPotion"},{"floor":7,"key":"SteroidPotion"},{"floor":12,"key":"Block Potion"}],"is_trial":false,"path_per_floor":["M","M","?","M","M","R","M","R","T","R","$","E"],"character_chosen":"THE_POKER_PLAYER","items_purchased":["PokerPlayerMod:CloakAndDiamond","PokerPlayerMod:Trickery","PokerPlayerMod:Diamond6"],"campfire_rested":2,"item_purchase_floors":[11,11,11],"current_hp_per_floor":[45,44,47,36,22,38,34,34,34,50,50,29,29,29],"gold":50,"neow_bonus":"NOSTALGIA","is_daily":false,"chose_seed":false,"campfire_upgraded":1,"win_rate":0.0,"timestamp":1613251082,"path_taken":["M","M","?","M","M","R","M","R","T","R","$","E"],"items_purchased_type":["Card","Card","Card"],"build_version":"2020-12-22","purchased_purges":0,"victory":false,"max_hp_per_floor":[52,52,55,55,55,55,55,55,55,55,55,55,55,55],"card_choices":[{"not_picked":["PokerPlayerMod:SpadeStrike","PokerPlayerMod:ClubStrike"],"picked":"PokerPlayerMod:Trickery","floor":1},{"not_picked":["PokerPlayerMod:Manipulation","PokerPlayerMod:Club4"],"picked":"PokerPlayerMod:MagicTrick","floor":2},{"not_picked":["PokerPlayerMod:Fold","PokerPlayerMod:Trickery"],"picked":"PokerPlayerMod:DamnStraight","floor":4},{"not_picked":["PokerPlayerMod:Diamond4","PokerPlayerMod:Club2"],"picked":"PokerPlayerMod:ClubsClub","floor":5},{"not_picked":["PokerPlayerMod:Club4","PokerPlayerMod:HotShotCut"],"picked":"PokerPlayerMod:HeartStrike","floor":7},{"not_picked":["PokerPlayerMod:Club1","PokerPlayerMod:Club3"],"picked":"PokerPlayerMod:Spade7","floor":12}],"player_experience":1249692,"relics_obtained":[{"floor":9,"key":"Du-Vu Doll"},{"floor":12,"key":"hubris:ToyBattleship"}],"event_choices":[],"is_beta":false,"boss_relics":[],"items_purged_floors":[],"is_endless":false,"potions_floor_spawned":[5,7,12],"killed_by":"Lagavulin","ascension_level":0}}