{"host":"vu2gjyr86ub8nk5d","time":1613183464,"event":{"mods":["AchievementEnabler","BaseMod","BetterRewards","Colored Map","Downfall","Ironclad Rager","Minty Spire (QoL Compilation)","Replay The Spire","StSLib"],"gold_per_floor":[99,118,193,213,293,312,393,405,417,317,337,337,350,350,365,460,460,460,480,498,518,538,20,20,20,20,39,69,69,82,82,82,82,82],"floor_reached":32,"language":"ENG","playtime":3462,"items_purged":["Slimebound:BestDefense"],"score":257,"play_id":"1fdf40a3-2c83-4f11-b653-4f500be87dba","local_time":"20210212203104","is_ascension_mode":false,"campfire_choices":[{"floor":1,"key":"RECALL"},{"data":"Slimebound:Split","floor":10,"key":"SMITH"},{"data":"Slimebound:SelfFormingGoo","floor":18,"key":"SMITH"},{"floor":26,"key":"REST"},{"floor":29,"key":"REST"}],"circlet_count":0,"master_deck":["Slimebound:Strike_Slimebound","Slimebound:Strike_Slimebound+1","Slimebound:Strike_Slimebound","Slimebound:Tackle","Slimebound:Defend_Slimebound","Slimebound:Defend_Slimebound","Slimebound:Defend_Slimebound","Slimebound:Defend_Slimebound","Slimebound:Split+1","Slimebound:CorrosiveSpit","Slimebound:SlimeTap","Slimebound:SplitSpecialist","Slimebound:LivingWall","Slimebound:BestDefense","Slimebound:Schlurp+1","Slimebound:Replication+1","Slimebound:LeadByExample","Slimebound:SplitBruiser","Slimebound:CheckThePlaybook","Slimebound:SelfFormingGoo+1","Slimebound:Recollect","Slimebound:SlimeSpikes+1","Slimebound:FinishingTackle","Slimebound:HauntingLick","Slimebound:RollThrough","Slimebound:AcidTongue","Slimebound:TagTeam","Slimebound:SpikyOuterGoop","Slimebound:SplitAcid","Slimebound:SamplingLick"],"relics":["Slimebound:AbsorbEndCombat","Garlic","Replay:Bottled Steam","downfall:HeartBlessingRed","Spirit Poop","Busted Crown","Oddly Smooth Stone","Question Card","Replay:Ringing Soul"],"acts_visited":["Exordium","TheCity"],"potions_floor_usage":[16,20,28],"damage_taken":[{"damage":2,"enemies":"2 Louse","floor":2,"turns":3},{"damage":1,"enemies":"Jaw Worm","floor":4,"turns":6},{"damage":0,"enemies":"Cultist","floor":6,"turns":3},{"damage":4,"enemies":"3 Louse","floor":8,"turns":5},{"damage":8,"enemies":"Gremlin Gang","floor":9,"turns":6},{"damage":0,"enemies":"2 Fungi Beasts","floor":11,"turns":3},{"damage":7,"enemies":"3 Louse","floor":13,"turns":5},{"damage":1,"enemies":"Large Slime","floor":15,"turns":5},{"damage":33,"enemies":"DF_ARCHETYPE_STREAMLINE","floor":16,"turns":5},{"damage":11,"enemies":"Spheric Guardian","floor":19,"turns":4},{"damage":26,"enemies":"Snecko","floor":20,"turns":5},{"damage":20,"enemies":"Cultist and Chosen","floor":21,"turns":7},{"damage":7,"enemies":"Shelled Parasite and Fungi","floor":22,"turns":6},{"damage":0,"enemies":"downfall:FleeingMerchant","floor":23,"turns":4},{"damage":12,"enemies":"Snake Plant","floor":27,"turns":5},{"damage":11,"enemies":"Book of Stabbing","floor":28,"turns":6},{"damage":42,"enemies":"3 Cultists","floor":30,"turns":6},{"damage":13,"enemies":"Sentry and Sphere","floor":32,"turns":3}],"seed_played":"1251330782038066643","potions_obtained":[{"floor":2,"key":"Guardian:BlockOnCardUsePotion"},{"floor":4,"key":"Milkshake"},{"floor":15,"key":"champ:CounterPotion"},{"floor":16,"key":"SpeedPotion"},{"floor":27,"key":"Swift Potion"}],"is_trial":false,"path_per_floor":["R","M","?","M","T","M","T","M","M","R","M","?","M","?","M","B",null,"R","M","M","M","M","$","T","?","R","M","E","R","M","?","M"],"character_chosen":"SLIMEBOUND","items_purchased":["Slimebound:RollThrough","Slimebound:AcidTongue","Slimebound:TagTeam","Oddly Smooth Stone"],"campfire_rested":2,"item_purchase_floors":[23,23,23,23],"current_hp_per_floor":[65,65,65,65,65,65,65,64,64,64,65,65,62,62,65,37,65,65,56,34,16,15,17,17,17,36,26,22,42,11,11,0,0,0],"gold":82,"neow_bonus":"THREE_CARDS","is_daily":false,"chose_seed":false,"campfire_upgraded":2,"win_rate":0.0,"timestamp":1613183464,"path_taken":["R","M","?","M","?","M","T","M","M","R","?","?","M","?","M","BOSS","R","M","M","?","M","$","T","?","R","M","E","R","M","?","M"],"items_purchased_type":["Card","Card","Card","Relic"],"build_version":"2020-12-22","purchased_purges":1,"victory":false,"max_hp_per_floor":[65,65,65,65,65,65,65,65,65,65,65,65,65,65,65,65,65,65,65,65,65,65,65,65,65,65,65,68,68,71,71,71,71,71],"card_choices":[{"not_picked":["Slimebound:Schlurp","Slimebound:HauntingLick"],"picked":"Slimebound:SlimeTap","floor":0},{"not_picked":["Slimebound:Grow","Slimebound:SlimeSpikes"],"picked":"Slimebound:SplitSpecialist","floor":2},{"not_picked":["Slimebound:HauntingLick","Slimebound:AcidTongue"],"picked":"Slimebound:LivingWall","floor":4},{"not_picked":["Slimebound:Grow","Slimebound:ItLooksTasty"],"picked":"Slimebound:BestDefense","floor":6},{"not_picked":["Slimebound:Prepare","Slimebound:ComboTackle"],"picked":"Slimebound:Schlurp","floor":8},{"not_picked":["Slimebound:GoopSpray","Slimebound:SamplingLick"],"picked":"Slimebound:Replication","floor":9},{"not_picked":["Slimebound:Recollect","Slimebound:LivingWall"],"picked":"Slimebound:LeadByExample","floor":11},{"not_picked":["Slimebound:ItLooksTasty","Slimebound:Replication"],"picked":"Slimebound:SplitBruiser","floor":13},{"not_picked":["Slimebound:GoopTackle","Slimebound:ComboTackle"],"picked":"Slimebound:CheckThePlaybook","floor":15},{"not_picked":["Slimebound:SlimeSlap","Slimebound:Darklings"],"picked":"Slimebound:SelfFormingGoo","floor":16},{"not_picked":[],"picked":"Slimebound:Recollect","floor":19},{"not_picked":[],"picked":"Slimebound:SlimeSpikes+1","floor":20},{"not_picked":[],"picked":"Slimebound:FinishingTackle","floor":21},{"not_picked":[],"picked":"Slimebound:BestDefense","floor":22},{"not_picked":[],"picked":"Slimebound:HauntingLick","floor":23},{"not_picked":["Slimebound:SamplingLick"],"picked":"Slimebound:SpikyOuterGoop","floor":27},{"not_picked":["Slimebound:FlameTackle+1"],"picked":"Slimebound:SplitAcid","floor":28},{"not_picked":["Slimebound:FinishingTackle"],"picked":"Slimebound:SamplingLick","floor":30}],"player_experience":154529,"relics_obtained":[{"floor":5,"key":"Garlic"},{"floor":7,"key":"Replay:Bottled Steam"},{"floor":24,"key":"Question Card"},{"floor":28,"key":"Replay:Ringing Soul"}],"event_choices":[{"cards_removed":["downfall:Malfunctioning"],"damage_healed":0,"gold_gain":0,"player_choice":"Offered Curse","damage_taken":0,"relics_obtained":["Spirit Poop"],"max_hp_gain":0,"max_hp_loss":0,"event_name":"Bonfire Elementals","floor":14,"gold_loss":0},{"damage_healed":0,"gold_gain":0,"player_choice":"Ignored","damage_taken":0,"max_hp_gain":0,"max_hp_loss":0,"event_name":"Ghosts","floor":31,"gold_loss":0}],"is_beta":false,"boss_relics":[{"not_picked":["Runic Dome","Snecko Eye"],"picked":"Busted Crown"}],"items_purged_floors":[23],"is_endless":false,"potions_floor_spawned":[2,4,15,16,19,27],"killed_by":"Sentry and Sphere","ascension_level":0}}