{"host":"7l2t4psy44vpcd9q","time":1613215482,"event":{"mods":["AchievementEnabler","BaseMod","DeckTracker","Minty Spire (QoL Compilation)","SuperFastMode"],"gold_per_floor":[112,122,132,132,152,152,166,197,197,197,197,18,343,343,343,417,417,437,252,266,266,286,286,286,304,304,304,304],"floor_reached":27,"language":"KOR","playtime":909,"items_purged":[],"score":446,"play_id":"e030c986-0481-49ff-be4b-dc43ce2added","local_time":"20210213202442","is_ascension_mode":true,"campfire_choices":[{"data":"Hemokinesis","floor":6.0,"key":"SMITH"},{"data":"Clothesline","floor":11.0,"key":"SMITH"},{"floor":15.0,"key":"REST"},{"floor":23.0,"key":"REST"}],"circlet_count":0,"master_deck":["AscendersBane","Strike_R+1","Strike_R+1","Defend_R","Defend_R","Defend_R","Bash","Flex","Metallicize","Clothesline+1","Hemokinesis+1","Pommel Strike","Apotheosis","Double Tap","Limit Break","Evolve+1","Reaper+1","Ghostly Armor+1","Power Through","Dark Shackles","Uppercut","Seeing Red","Inflame"],"relics":["Burning Blood","Regal Pillow","HornCleat","Old Coin","Astrolabe","Question Card"],"acts_visited":["Exordium","TheCity"],"potions_floor_usage":[27,27],"damage_taken":[{"damage":7.0,"enemies":"Cultist","floor":1.0,"turns":4.0},{"damage":7.0,"enemies":"Small Slimes","floor":2.0,"turns":4.0},{"damage":4.0,"enemies":"2 Louse","floor":3.0,"turns":3.0},{"damage":9.0,"enemies":"Blue Slaver","floor":5.0,"turns":5.0},{"damage":28.0,"enemies":"Lots of Slimes","floor":7.0,"turns":5.0},{"damage":31.0,"enemies":"Lagavulin","floor":8.0,"turns":6.0},{"damage":20.0,"enemies":"Gremlin Nob","floor":13.0,"turns":4.0},{"damage":14.0,"enemies":"The Guardian","floor":16.0,"turns":11.0},{"damage":79.0,"enemies":"3 Byrds","floor":18.0,"turns":9.0},{"damage":6.0,"enemies":"Spheric Guardian","floor":20.0,"turns":2.0},{"damage":2.0,"enemies":"Snecko","floor":22.0,"turns":5.0},{"damage":10.0,"enemies":"Centurion and Healer","floor":25.0,"turns":6.0},{"damage":62,"enemies":"Gremlin Leader","floor":27,"turns":5}],"seed_played":"-7008306469237973336","potions_obtained":[{"floor":3.0,"key":"Explosive Potion"},{"floor":8.0,"key":"ColorlessPotion"},{"floor":13.0,"key":"DistilledChaos"},{"floor":18.0,"key":"Swift Potion"},{"floor":20.0,"key":"DuplicationPotion"},{"floor":24.0,"key":"Weak Potion"},{"floor":24.0,"key":"DuplicationPotion"}],"is_trial":false,"path_per_floor":["M","M","M","?","M","R","M","E","T","?","R","$","E","?","R","B",null,"M","$","M","?","M","R","?","M","T","E"],"character_chosen":"IRONCLAD","items_purchased":["Apotheosis","LiquidMemories","Dark Shackles"],"campfire_rested":2,"item_purchase_floors":[12,19,19],"current_hp_per_floor":[74,73,75,68,65,65,43,18,18,45,45,45,31,6,45,37,71,12,12,12,12,27,66,66,62,62,0,0],"gold":304,"neow_bonus":"TEN_PERCENT_HP_BONUS","is_daily":false,"chose_seed":false,"campfire_upgraded":2,"win_rate":0.0,"timestamp":1613215482,"path_taken":["M","M","M","?","M","R","M","E","T","?","R","$","E","?","R","BOSS","M","$","M","?","M","R","?","M","T","E"],"items_purchased_type":["Card","Potion","Card"],"build_version":"2020-12-22","purchased_purges":0,"victory":false,"max_hp_per_floor":[82,82,82,82,82,82,82,82,82,82,82,82,82,82,82,82,82,82,82,82,82,82,82,82,82,82,82,82],"card_choices":[{"not_picked":["Wild Strike","Anger"],"picked":"Flex","floor":1.0},{"not_picked":["Iron Wave","Reckless Charge"],"picked":"Metallicize","floor":2.0},{"not_picked":["Heavy Blade","Evolve"],"picked":"Clothesline","floor":3.0},{"not_picked":["Heavy Blade","Twin Strike"],"picked":"Hemokinesis","floor":5.0},{"not_picked":["Iron Wave","Havoc","Flex"],"picked":"SKIP","floor":7.0},{"not_picked":["True Grit","Shrug It Off"],"picked":"Pommel Strike","floor":8.0},{"not_picked":["Hemokinesis","Iron Wave"],"picked":"Double Tap","floor":13.0},{"not_picked":["Corruption","Feed"],"picked":"Limit Break","floor":16.0},{"not_picked":["Heavy Blade","Whirlwind"],"picked":"Power Through","floor":18.0},{"not_picked":["Reckless Charge","Sword Boomerang"],"picked":"Uppercut","floor":20.0},{"not_picked":["Twin Strike","Armaments"],"picked":"Seeing Red","floor":22.0},{"not_picked":["Hemokinesis","Body Slam"],"picked":"Inflame","floor":25.0}],"player_experience":1291549,"relics_obtained":[{"floor":8.0,"key":"Regal Pillow"},{"floor":9.0,"key":"HornCleat"},{"floor":13.0,"key":"Old Coin"},{"floor":26.0,"key":"Question Card"}],"event_choices":[{"cards_removed":["Strike_R"],"damage_healed":0.0,"max_hp_gain":0.0,"max_hp_loss":0.0,"gold_gain":0.0,"event_name":"Golden Wing","player_choice":"Card Removal","floor":4.0,"gold_loss":0.0,"damage_taken":7.0},{"damage_healed":27.0,"max_hp_gain":0.0,"max_hp_loss":0.0,"gold_gain":0.0,"event_name":"Big Fish","player_choice":"Banana","floor":10.0,"gold_loss":0.0,"damage_taken":0.0},{"damage_healed":0.0,"max_hp_gain":0.0,"max_hp_loss":0.0,"gold_gain":0.0,"event_name":"Shining Light","player_choice":"Entered Light","floor":14.0,"gold_loss":0.0,"damage_taken":25.0,"cards_upgraded":["Strike_R","Strike_R"]},{"damage_healed":0.0,"max_hp_gain":0.0,"max_hp_loss":0.0,"gold_gain":0.0,"event_name":"Cursed Tome","player_choice":"Ignored","floor":21.0,"gold_loss":0.0,"damage_taken":0.0},{"damage_healed":0.0,"max_hp_gain":0.0,"max_hp_loss":0.0,"gold_gain":0.0,"event_name":"Lab","player_choice":"Got Potions","floor":24.0,"gold_loss":0.0,"damage_taken":0.0}],"is_beta":false,"boss_relics":[{"not_picked":["Runic Pyramid","Snecko Eye"],"picked":"Astrolabe"}],"items_purged_floors":[],"is_endless":false,"potions_floor_spawned":[3,8,13,18,20],"killed_by":"Gremlin Leader","ascension_level":20}}