{"host":"1avr1135to2copjv","time":1613247196,"event":{"mods":["BaseMod","Colored Map","Colored Powertips","Minty Spire (QoL Compilation)","Relic Stats","StSLib"],"gold_per_floor":[369,381,391,22,22,22,53,53,53,72,72,86,17,28,28,125,125,139,158,190,29,47,82,82,95,95,95,123,133,58,68,68,164,164,183,234,244,49,271,271,179,212,212,212,229,243,269,319,319,319,319,319,6,33,33,33],"floor_reached":55,"language":"ENG","playtime":3910,"items_purged":["Strike_P"],"score":1009,"play_id":"724b32a4-23b8-45e8-9da4-b06bdba56154","local_time":"20210213231316","is_ascension_mode":true,"campfire_choices":[{"data":"Vigilance","floor":6,"key":"SMITH"},{"data":"Perseverance","floor":8,"key":"SMITH"},{"data":"Eruption","floor":11,"key":"SMITH"},{"data":"Conclude","floor":15,"key":"SMITH"},{"data":"TalkToTheHand","floor":24,"key":"SMITH"},{"floor":27,"key":"REST"},{"data":"MentalFortress","floor":32,"key":"SMITH"},{"floor":40,"key":"REST"},{"floor":44,"key":"RECALL"},{"floor":49,"key":"REST"},{"floor":52,"key":"DIG"}],"circlet_count":0,"master_deck":["Strike_P+1","Strike_P+1","Defend_P+1","Defend_P+1","Defend_P+1","Defend_P","Eruption+1","Vigilance+1","EmptyFist+1","CutThroughFate","InnerPeace+1","Perseverance+1","WaveOfTheHand+1","LikeWater+1","Conclude+1","LessonLearned+1","LikeWater+1","Wireheading","TalkToTheHand+1","Weave+1","ThirdEye","BowlingBash+1","JustLucky+1","MentalFortress+1","DevaForm","CarveReality+1","ThirdEye","WindmillStrike","Protect+1","Weave+1","Blasphemy","Wireheading+1"],"relics":["PureWater","Sling","Blood Vial","Singing Bowl","Gremlin Horn","SacredBark","Red Mask","InkBottle","Bag of Marbles","Whetstone","Philosopher\u0027s Stone","Shovel","Membership Card","PreservedInsect","Du-Vu Doll","Blue Candle","Incense Burner","Mercury Hourglass","TungstenRod","Ginger","Pantograph"],"acts_visited":["Exordium","TheCity","TheBeyond","TheEnding"],"potions_floor_usage":[14,16,18,20,22,33,36,36,40,47,54],"damage_taken":[{"damage":6,"enemies":"Small Slimes","floor":1,"turns":4},{"damage":2,"enemies":"Cultist","floor":2,"turns":3},{"damage":2,"enemies":"Jaw Worm","floor":3,"turns":3},{"damage":15,"enemies":"3 Sentries","floor":7,"turns":7},{"damage":2,"enemies":"3 Louse","floor":10,"turns":2},{"damage":0,"enemies":"Large Slime","floor":12,"turns":4},{"damage":0,"enemies":"Looter","floor":14,"turns":1},{"damage":28,"enemies":"Slime Boss","floor":16,"turns":8},{"damage":0,"enemies":"Spheric Guardian","floor":18,"turns":3},{"damage":0,"enemies":"Shell Parasite","floor":19,"turns":8},{"damage":14,"enemies":"Masked Bandits","floor":20,"turns":6},{"damage":0,"enemies":"Chosen and Byrds","floor":22,"turns":6},{"damage":10,"enemies":"Slavers","floor":23,"turns":5},{"damage":13,"enemies":"Snake Plant","floor":25,"turns":8},{"damage":18,"enemies":"Gremlin Leader","floor":28,"turns":5},{"damage":0,"enemies":"Snecko","floor":29,"turns":5},{"damage":2,"enemies":"Centurion and Healer","floor":31,"turns":6},{"damage":35,"enemies":"Champ","floor":33,"turns":13},{"damage":0,"enemies":"Orb Walker","floor":35,"turns":4},{"damage":43,"enemies":"2 Orb Walkers","floor":36,"turns":6},{"damage":13,"enemies":"3 Darklings","floor":37,"turns":4},{"damage":0,"enemies":"Giant Head","floor":42,"turns":7},{"damage":0,"enemies":"Maw","floor":45,"turns":6},{"damage":30,"enemies":"Sphere and 2 Shapes","floor":46,"turns":4},{"damage":0,"enemies":"Nemesis","floor":47,"turns":3},{"damage":0,"enemies":"Mind Bloom Boss Battle","floor":48,"turns":8},{"damage":43,"enemies":"Time Eater","floor":50,"turns":15},{"damage":57,"enemies":"Shield and Spear","floor":54,"turns":8},{"damage":52,"enemies":"The Heart","floor":55,"turns":3}],"seed_played":"-6284159220372746107","potions_obtained":[{"floor":3,"key":"SteroidPotion"},{"floor":10,"key":"GamblersBrew"},{"floor":12,"key":"Strength Potion"},{"floor":14,"key":"Swift Potion"},{"floor":16,"key":"Ambrosia"},{"floor":18,"key":"EssenceOfSteel"},{"floor":23,"key":"SpeedPotion"},{"floor":29,"key":"Fire Potion"},{"floor":33,"key":"Block Potion"},{"floor":37,"key":"SteroidPotion"},{"floor":45,"key":"DistilledChaos"},{"floor":48,"key":"SteroidPotion"}],"is_trial":false,"path_per_floor":["M","M","M","$","?","R","E","R","T","M","R","M","$","M","R","B",null,"M","M","?","$","M","E","R","M","T","R","E","M","?","M","R","B",null,"M","?","M","$","?","R","$","E","T","R","M","M","E","?","R","B",null,"R","$","E","B"],"character_chosen":"WATCHER","items_purchased":["Sling","Blood Vial","LikeWater","TalkToTheHand","Weave","ThirdEye","Membership Card","Fruit Juice","PreservedInsect","WindmillStrike","TungstenRod","Ginger"],"campfire_rested":3,"item_purchase_floors":[4,4,13,21,21,21,38,38,41,41,53,53],"current_hp_per_floor":[45,43,41,41,41,41,28,28,28,30,30,32,32,34,34,8,58,60,64,52,52,54,48,48,37,37,60,46,50,50,50,50,17,66,68,27,18,18,18,53,53,57,57,57,59,31,33,37,66,25,80,80,80,25,0,0],"gold":33,"neow_bonus":"TWO_FIFTY_GOLD","is_daily":false,"chose_seed":false,"campfire_upgraded":6,"win_rate":0.0,"timestamp":1613247196,"path_taken":["M","M","M","$","?","R","E","R","T","?","R","M","$","M","R","BOSS","M","M","?","?","M","E","R","M","T","R","E","M","?","M","R","BOSS","M","?","M","$","?","R","$","E","T","R","M","M","E","?","R","BOSS","R","$","E","BOSS"],"items_purchased_type":["Relic","Relic","Card","Card","Card","Card","Relic","Potion","Relic","Card","Relic","Relic"],"build_version":"2020-12-22","purchased_purges":1,"victory":false,"max_hp_per_floor":[72,72,72,72,72,72,72,72,72,74,74,74,74,74,74,74,74,74,76,76,76,76,78,78,78,78,78,80,82,82,82,82,82,82,82,82,84,84,84,94,94,96,96,96,96,96,96,98,98,98,98,98,98,98,98,98],"relic_stats":{"Singing Bowl":16,"Gremlin Horn":[20,20],"counters":[29,165],"Blue Candle":[0],"PreservedInsect":240,"Whetstone":["Weave","BowlingBash"],"Ginger":[2],"Mercury Hourglass":[35],"Blood Vial":52,"Shovel":1,"Pantograph":25,"obtain_stats":[{"Singing Bowl":7,"Gremlin Horn":9,"SacredBark":17,"Blue Candle":47,"PreservedInsect":41,"Incense Burner":48,"Whetstone":28,"Ginger":53,"Sling":4,"Mercury Hourglass":52,"Blood Vial":4,"Du-Vu Doll":42,"Shovel":36,"Pantograph":54,"Philosopher\u0027s Stone":34,"Red Mask":20,"Bag of Marbles":26,"Membership Card":38,"PureWater":0,"InkBottle":23,"TungstenRod":53},{"Singing Bowl":4,"Gremlin Horn":4,"SacredBark":8,"Blue Candle":25,"PreservedInsect":21,"Incense Burner":26,"Whetstone":15,"Ginger":27,"Sling":3,"Mercury Hourglass":27,"Blood Vial":3,"Du-Vu Doll":22,"Shovel":20,"Pantograph":28,"Philosopher\u0027s Stone":18,"Red Mask":11,"Bag of Marbles":14,"Membership Card":21,"PureWater":0,"InkBottle":13,"TungstenRod":27},{"Singing Bowl":17,"Gremlin Horn":17,"SacredBark":32,"Blue Candle":131,"PreservedInsect":111,"Incense Burner":139,"Whetstone":73,"Ginger":154,"Sling":10,"Mercury Hourglass":154,"Blood Vial":10,"Du-Vu Doll":118,"Shovel":107,"Pantograph":162,"Philosopher\u0027s Stone":97,"Red Mask":49,"Bag of Marbles":68,"Membership Card":111,"PureWater":0,"InkBottle":60,"TungstenRod":154}],"InkBottle":[50],"TungstenRod":19},"card_choices":[{"not_picked":["SashWhip","Protect"],"picked":"EmptyFist","floor":1},{"not_picked":["Crescendo","Fasting2"],"picked":"CutThroughFate","floor":2},{"not_picked":["Crescendo","Prostrate"],"picked":"InnerPeace","floor":3},{"not_picked":["MasterReality","Consecrate"],"picked":"Perseverance","floor":7},{"not_picked":["SashWhip","ClearTheMind","FollowUp"],"picked":"Singing Bowl","floor":10},{"not_picked":["ThirdEye","Collect"],"picked":"WaveOfTheHand","floor":12},{"not_picked":["Halt","CrushJoints"],"picked":"Conclude","floor":14},{"not_picked":["DeusExMachina","DevaForm"],"picked":"LessonLearned","floor":16},{"not_picked":["Study","ClearTheMind"],"picked":"LikeWater","floor":18},{"not_picked":["FlurryOfBlows","CrushJoints","Halt"],"picked":"Singing Bowl","floor":19},{"not_picked":["WheelKick","Consecrate"],"picked":"Wireheading","floor":20},{"not_picked":["Judgement","ClearTheMind+1"],"picked":"BowlingBash","floor":22},{"not_picked":["Study","CrushJoints+1","Prostrate+1"],"picked":"Singing Bowl","floor":23},{"not_picked":["Worship+1","ClearTheMind"],"picked":"JustLucky","floor":25},{"not_picked":["Scrawl","EmptyFist","SashWhip"],"picked":"Singing Bowl","floor":28},{"not_picked":["Conclude","FollowUp","PathToVictory"],"picked":"Singing Bowl","floor":29},{"not_picked":["SashWhip","Pray+1"],"picked":"MentalFortress","floor":31},{"not_picked":["SpiritShield","DeusExMachina"],"picked":"DevaForm","floor":33},{"not_picked":["Protect","SandsOfTime+1"],"picked":"CarveReality","floor":35},{"not_picked":["Worship","EmptyFist"],"picked":"ThirdEye","floor":36},{"not_picked":["Consecrate","Crescendo","PathToVictory"],"picked":"Singing Bowl","floor":37},{"not_picked":["CrushJoints","Evaluate+1","FollowUp+1"],"picked":"Singing Bowl","floor":42},{"not_picked":["EmptyFist+1","CarveReality"],"picked":"Protect+1","floor":45},{"not_picked":["Swivel+1","WheelKick"],"picked":"Weave+1","floor":46},{"not_picked":["Nirvana","Collect+1"],"picked":"Blasphemy","floor":47},{"not_picked":["Consecrate+1","EmptyBody","ClearTheMind"],"picked":"Singing Bowl","floor":48},{"not_picked":["CrushJoints+1","ClearTheMind"],"picked":"Wireheading+1","floor":54}],"player_experience":1025815,"relics_obtained":[{"floor":7,"key":"Singing Bowl"},{"floor":9,"key":"Gremlin Horn"},{"floor":20,"key":"Red Mask"},{"floor":23,"key":"InkBottle"},{"floor":26,"key":"Bag of Marbles"},{"floor":28,"key":"Whetstone"},{"floor":36,"key":"Shovel"},{"floor":42,"key":"Du-Vu Doll"},{"floor":47,"key":"Blue Candle"},{"floor":48,"key":"Incense Burner"},{"floor":52,"key":"Mercury Hourglass"},{"floor":54,"key":"Pantograph"}],"event_choices":[{"damage_healed":0,"gold_gain":0,"player_choice":"0 cards matched","damage_taken":0,"max_hp_gain":0,"max_hp_loss":0,"event_name":"Match and Keep!","floor":5,"gold_loss":0,"cards_obtained":[]},{"damage_healed":0,"gold_gain":0,"player_choice":"Fought Bandits","damage_taken":0,"max_hp_gain":0,"max_hp_loss":0,"event_name":"Masked Bandits","floor":20,"gold_loss":0},{"cards_removed":["Strike_P"],"damage_healed":0,"gold_gain":0,"player_choice":"Gave Gold","damage_taken":0,"max_hp_gain":0,"max_hp_loss":0,"event_name":"Beggar","floor":30,"gold_loss":75},{"damage_healed":0,"gold_gain":0,"player_choice":"Fight","damage_taken":0,"max_hp_gain":0,"max_hp_loss":0,"event_name":"Mysterious Sphere","floor":36,"gold_loss":0},{"damage_healed":0,"gold_gain":222,"player_choice":"Wore Mask","damage_taken":0,"max_hp_gain":0,"max_hp_loss":0,"event_name":"Tomb of Lord Red Mask","floor":39,"gold_loss":0},{"damage_healed":0,"gold_gain":0,"player_choice":"Fight","damage_taken":0,"max_hp_gain":0,"max_hp_loss":0,"event_name":"MindBloom","floor":48,"gold_loss":0}],"is_beta":false,"boss_relics":[{"not_picked":["Snecko Eye","Runic Dome"],"picked":"SacredBark"},{"not_picked":["Empty Cage","Black Star"],"picked":"Philosopher\u0027s Stone"}],"items_purged_floors":[4],"is_endless":false,"potions_floor_spawned":[3,10,12,14,16,18,23,29,33,37,45,48],"killed_by":"The Heart","ascension_level":5}}