{"host":"kh6fvhxn285ncg0o","time":1613243907,"event":{"mods":["Act Like it!","BaseMod","Colored Map","Friendly Minions","Keyboard Shortcuts","Minty Spire (QoL Compilation)","Quick Restart","Relic Stats","StSLib","SuperFastMode","UnlockEverythingMod"],"gold_per_floor":[119,137,156,172,172,172,197,197,197,197,122,157,169,169,169,247,247,265,282,207,222,137,137,166,181,181,216,229,263,263,263,263,338,338,348,348,91,107,117,143,143,175,201,212,261,261,288,306,306,306,306,306,306,44,79,79],"floor_reached":57,"language":"KOR","playtime":1443,"items_purged":["Normality","Corruption+1"],"score":3520,"play_id":"4a46b553-cdcb-4848-8061-c4097b2f6a5c","local_time":"20210214041827","is_ascension_mode":true,"campfire_choices":[{"data":"Body Slam","floor":6,"key":"SMITH"},{"data":"Rage","floor":8,"key":"SMITH"},{"data":"Power Through","floor":10,"key":"SMITH"},{"data":"Juggernaut","floor":15,"key":"SMITH"},{"data":"Offering","floor":23,"key":"SMITH"},{"data":"Barricade","floor":32,"key":"SMITH"},{"data":"Evolve","floor":46,"key":"SMITH"},{"floor":49,"key":"RECALL"},{"data":"Entrench","floor":53,"key":"SMITH"}],"circlet_count":0,"master_deck":["AscendersBane","Defend_R","Defend_R","Defend_R","Defend_R","Shockwave+1","Power Through+1","Whirlwind+1","Body Slam+1","Feel No Pain+1","Rage+1","Juggernaut+1","Offering+1","Metallicize","Burning Pact+1","Evolve+1","Barricade+1","Intimidate","Fiend Fire","Exhume+1","Havoc+1","Second Wind","Entrench+1","Shrug It Off+1","Dark Embrace"],"relics":["Burning Blood","Orichalcum","Matryoshka","Ice Cream","Magic Flower","Runic Dome","War Paint","HornCleat","Question Card","Omamori","Tiny Chest","Oddly Smooth Stone","Astrolabe","Bag of Preparation","Thread and Needle","Mummified Hand","Mercury Hourglass","Centennial Puzzle","Ginger","Toy Ornithopter","ClockworkSouvenir","Eternal Feather"],"acts_visited":["Exordium","TheCity","TheBeyond","TheEnding"],"potions_floor_usage":[7,7,12,27,29,38,44,55,56],"damage_taken":[{"damage":1,"enemies":"Cultist","floor":1,"turns":4},{"damage":2,"enemies":"2 Louse","floor":2,"turns":3},{"damage":9,"enemies":"Jaw Worm","floor":3,"turns":4},{"damage":7,"enemies":"2 Fungi Beasts","floor":4,"turns":4},{"damage":8,"enemies":"Gremlin Nob","floor":7,"turns":4},{"damage":17,"enemies":"Lagavulin","floor":12,"turns":8},{"damage":6,"enemies":"Large Slime","floor":13,"turns":5},{"damage":0,"enemies":"Slime Boss","floor":16,"turns":6},{"damage":13,"enemies":"Shell Parasite","floor":18,"turns":5},{"damage":5,"enemies":"2 Thieves","floor":19,"turns":4},{"damage":6,"enemies":"Centurion and Healer","floor":21,"turns":3},{"damage":20,"enemies":"Book of Stabbing","floor":24,"turns":5},{"damage":38,"enemies":"Shelled Parasite and Fungi","floor":25,"turns":4},{"damage":17,"enemies":"Slavers","floor":27,"turns":4},{"damage":0,"enemies":"3 Cultists","floor":28,"turns":3},{"damage":11,"enemies":"Gremlin Leader","floor":29,"turns":5},{"damage":6,"enemies":"Collector","floor":33,"turns":8},{"damage":28,"enemies":"3 Darklings","floor":35,"turns":4},{"damage":0,"enemies":"3 Shapes","floor":38,"turns":4},{"damage":9,"enemies":"Writhing Mass","floor":39,"turns":4},{"damage":6,"enemies":"Giant Head","floor":40,"turns":4},{"damage":6,"enemies":"Reptomancer","floor":42,"turns":4},{"damage":6,"enemies":"Maw","floor":44,"turns":3},{"damage":2,"enemies":"2 Orb Walkers","floor":45,"turns":4},{"damage":6,"enemies":"Giant Head","floor":47,"turns":4},{"damage":6,"enemies":"Transient","floor":48,"turns":4},{"damage":12,"enemies":"Awakened One","floor":50,"turns":5},{"damage":6,"enemies":"Time Eater","floor":51,"turns":4},{"damage":6,"enemies":"Shield and Spear","floor":55,"turns":2},{"damage":6,"enemies":"The Heart","floor":56,"turns":6}],"seed_played":"-6271814080179812416","potions_obtained":[{"floor":2,"key":"FearPotion"},{"floor":3,"key":"EntropicBrew"},{"floor":21,"key":"FairyPotion"},{"floor":24,"key":"Fire Potion"},{"floor":28,"key":"Energy Potion"},{"floor":33,"key":"SpeedPotion"},{"floor":35,"key":"Swift Potion"},{"floor":40,"key":"BloodPotion"},{"floor":44,"key":"Dexterity Potion"},{"floor":48,"key":"LiquidMemories"}],"is_trial":false,"path_per_floor":["M","M","M","M","?","R","E","R","T","R","$","E","M","?","R","B",null,"M","M","?","M","?","R","E","M","T","E","M","E","?","?","R","B",null,"M","?","$","M","M","E","T","E","T","M","?","R","E","M","R","B","B",null,"R","$","E","B",null],"character_chosen":"IRONCLAD","items_purchased":["Bag of Preparation","Second Wind","ClockworkSouvenir"],"campfire_rested":0,"item_purchase_floors":[37,37,54],"current_hp_per_floor":[73,75,72,71,48,48,46,46,46,46,46,35,35,35,35,44,67,63,67,67,70,70,70,59,30,30,22,31,29,29,29,29,32,64,45,45,45,54,54,57,57,60,60,75,75,75,75,75,75,72,75,75,75,75,75,75],"gold":79,"neow_bonus":"TRANSFORM_TWO_CARDS","is_daily":false,"chose_seed":false,"campfire_upgraded":8,"win_rate":0.0,"timestamp":1613243907,"path_taken":["M","M","M","M","?","R","E","R","T","R","$","E","M","?","R","BOSS","M","M","?","M","?","R","E","M","T","E","M","E","?","?","R","BOSS","M","?","$","M","M","E","?","E","T","M","?","R","E","M","R","BOSS","BOSS","R","$","E","BOSS"],"items_purchased_type":["Relic","Card","Relic"],"build_version":"2020-12-22","purchased_purges":2,"victory":true,"max_hp_per_floor":[75,75,75,75,75,75,75,75,75,75,75,75,75,75,75,75,75,75,75,75,75,75,75,75,75,75,75,75,75,75,75,75,75,75,75,75,75,75,75,75,75,75,75,75,75,75,75,75,75,75,75,75,75,75,75,75],"relic_stats":{"counters":[30,131],"Astrolabe":["Exhume","Corruption","Havoc"],"Magic Flower":[54],"Eternal Feather":0,"Bag of Preparation":[24],"Ginger":[5],"Orichalcum":[96],"War Paint":["Shockwave","Burning Pact"],"Question Card":14,"Burning Blood":228,"Mercury Hourglass":[126],"Centennial Puzzle":[24],"Mummified Hand":[59],"Tiny Chest":1,"obtain_stats":[{"Ice Cream":12,"Astrolabe":34,"Magic Flower":14,"Oddly Smooth Stone":29,"Thread and Needle":40,"Eternal Feather":55,"Omamori":26,"Bag of Preparation":37,"Ginger":45,"Orichalcum":7,"War Paint":22,"Question Card":26,"Burning Blood":0,"Mercury Hourglass":42,"ClockworkSouvenir":54,"Runic Dome":17,"Centennial Puzzle":43,"Matryoshka":9,"HornCleat":24,"Mummified Hand":41,"Tiny Chest":27,"Toy Ornithopter":47},{"Ice Cream":6,"Astrolabe":17,"Magic Flower":7,"Oddly Smooth Stone":16,"Thread and Needle":21,"Eternal Feather":29,"Omamori":13,"Bag of Preparation":18,"Ginger":24,"Orichalcum":5,"War Paint":11,"Question Card":13,"Burning Blood":0,"Mercury Hourglass":22,"ClockworkSouvenir":28,"Runic Dome":8,"Centennial Puzzle":22,"Matryoshka":5,"HornCleat":12,"Mummified Hand":21,"Tiny Chest":14,"Toy Ornithopter":25},{"Ice Cream":27,"Astrolabe":79,"Magic Flower":32,"Oddly Smooth Stone":71,"Thread and Needle":95,"Eternal Feather":125,"Omamori":59,"Bag of Preparation":83,"Ginger":106,"Orichalcum":19,"War Paint":50,"Question Card":59,"Burning Blood":0,"Mercury Hourglass":99,"ClockworkSouvenir":123,"Runic Dome":38,"Centennial Puzzle":99,"Matryoshka":19,"HornCleat":55,"Mummified Hand":95,"Tiny Chest":63,"Toy Ornithopter":110}],"Toy Ornithopter":0},"card_choices":[{"not_picked":["True Grit","Burning Pact"],"picked":"Power Through","floor":1},{"not_picked":["Rampage","Flex"],"picked":"Whirlwind","floor":2},{"not_picked":["Combust","True Grit"],"picked":"Body Slam","floor":3},{"not_picked":["Shockwave","Headbutt"],"picked":"Feel No Pain","floor":4},{"not_picked":["Perfected Strike","Seeing Red"],"picked":"Rage","floor":7},{"not_picked":["Clash","Combust"],"picked":"Juggernaut","floor":12},{"not_picked":["Uppercut","Anger","Sword Boomerang"],"picked":"SKIP","floor":13},{"not_picked":["Immolate","Corruption"],"picked":"Offering","floor":16},{"not_picked":["Wild Strike","Body Slam","Armaments"],"picked":"SKIP","floor":18},{"not_picked":["Carnage","Heavy Blade"],"picked":"Metallicize","floor":19},{"not_picked":["Rupture+1","Clash"],"picked":"Burning Pact","floor":21},{"not_picked":["Power Through","Sword Boomerang+1","Anger"],"picked":"SKIP","floor":24},{"not_picked":["Bloodletting","Burning Pact+1"],"picked":"Evolve","floor":25},{"not_picked":["True Grit","Dark Embrace","Shockwave"],"picked":"Barricade","floor":27},{"not_picked":["Wild Strike","Whirlwind","Fire Breathing","Blood for Blood"],"picked":"SKIP","floor":28},{"not_picked":["Warcry","Clothesline","Searing Blow"],"picked":"Intimidate","floor":29},{"not_picked":["Berserk","Brutality","Exhume"],"picked":"Fiend Fire","floor":33},{"not_picked":["Cleave","Thunderclap","Shockwave","Feel No Pain+1"],"picked":"SKIP","floor":35},{"not_picked":["Warcry","Uppercut","Intimidate","Pommel Strike"],"picked":"SKIP","floor":38},{"not_picked":["Shrug It Off","Power Through","Perfected Strike"],"picked":"Entrench","floor":39},{"not_picked":["Anger","Heavy Blade","Immolate"],"picked":"Shrug It Off+1","floor":40},{"not_picked":["Armaments","Shrug It Off","Infernal Blade+1","Shockwave"],"picked":"SKIP","floor":42},{"not_picked":["Heavy Blade","Twin Strike","Armaments","Carnage"],"picked":"SKIP","floor":44},{"not_picked":["Metallicize","Sentinel+1","Warcry"],"picked":"Dark Embrace","floor":45},{"not_picked":["Blood for Blood+1","Sword Boomerang+1","Juggernaut","Shrug It Off+1"],"picked":"SKIP","floor":47},{"not_picked":["Whirlwind","Headbutt+1","Searing Blow","Warcry"],"picked":"SKIP","floor":48},{"not_picked":["Cleave","Combust","Corruption","Headbutt"],"picked":"SKIP","floor":55}],"player_experience":1385218,"relics_obtained":[{"floor":7,"key":"Orichalcum"},{"floor":9,"key":"Matryoshka"},{"floor":12,"key":"Ice Cream"},{"floor":24,"key":"HornCleat"},{"floor":26,"key":"Question Card"},{"floor":26,"key":"Omamori"},{"floor":27,"key":"Tiny Chest"},{"floor":29,"key":"Oddly Smooth Stone"},{"floor":40,"key":"Thread and Needle"},{"floor":41,"key":"Mummified Hand"},{"floor":42,"key":"Mercury Hourglass"},{"floor":43,"key":"Centennial Puzzle"},{"floor":45,"key":"Ginger"},{"floor":47,"key":"Toy Ornithopter"},{"floor":55,"key":"Eternal Feather"}],"event_choices":[{"damage_healed":0,"gold_gain":0,"player_choice":"Entered Light","damage_taken":23,"max_hp_gain":0,"max_hp_loss":0,"event_name":"Shining Light","floor":5,"gold_loss":0,"cards_upgraded":["Feel No Pain","Whirlwind"]},{"damage_healed":0,"gold_gain":0,"player_choice":"Gave Potion","damage_taken":0,"relics_obtained":["Magic Flower"],"max_hp_gain":0,"max_hp_loss":0,"event_name":"WeMeetAgain","floor":14,"gold_loss":0},{"cards_removed":["Strike_R"],"damage_healed":0,"gold_gain":0,"player_choice":"Gave Gold","damage_taken":0,"max_hp_gain":0,"max_hp_loss":0,"event_name":"Beggar","floor":20,"gold_loss":75},{"damage_healed":0,"gold_gain":0,"player_choice":"Obtained Relic","damage_taken":0,"relics_obtained":["War Paint"],"max_hp_gain":0,"max_hp_loss":0,"event_name":"Addict","floor":22,"gold_loss":85},{"damage_healed":0,"gold_gain":0,"player_choice":"Ignored","damage_taken":0,"max_hp_gain":0,"max_hp_loss":0,"event_name":"Vampires","floor":30,"gold_loss":0},{"damage_healed":0,"gold_gain":0,"player_choice":"Ignored","damage_taken":0,"max_hp_gain":0,"max_hp_loss":0,"event_name":"Ghosts","floor":31,"gold_loss":0},{"cards_removed":["Twin Strike"],"damage_healed":0,"gold_gain":0,"player_choice":"Purged","damage_taken":0,"max_hp_gain":0,"max_hp_loss":0,"event_name":"Purifier","floor":36,"gold_loss":0},{"damage_healed":0,"gold_gain":0,"player_choice":"Fight","damage_taken":0,"max_hp_gain":0,"max_hp_loss":0,"event_name":"Mysterious Sphere","floor":45,"gold_loss":0}],"is_beta":false,"boss_relics":[{"not_picked":["Empty Cage","Cursed Key"],"picked":"Runic Dome"},{"not_picked":["Pandora\u0027s Box","Busted Crown"],"picked":"Astrolabe"}],"items_purged_floors":[11,54],"is_endless":false,"potions_floor_spawned":[2,3,4,21,24,28,33,35,40,44,48],"ascension_level":20}}