{"host":"n1v11un6j7y72mz7","time":1613210477,"event":{"mods":["Act Like it!","BaseMod","Downfall","Gensokyo","Koishi","Minty Spire (QoL Compilation)","READ ME - Guardian Mod","Reliquary","Remilia£®¿Ÿ√◊¿Ú—«£©","StSLib","The Administrix","The Animator","The Bug Knight","Waifu the Spire","Youmu£®ªÍ∆«—˝√Œ£©"],"gold_per_floor":[114,114,133,133,151,151,185,185,185,185,255,88,101,1,1,103,103,119,129,129,129],"floor_reached":20,"language":"ZHS","playtime":898,"items_purged":["Strike_G","Strike_G"],"score":197,"play_id":"f728cdab-4435-450c-82e9-28465c70b3d6","local_time":"20210213180117","is_ascension_mode":false,"campfire_choices":[{"data":"Bane","floor":6,"key":"SMITH"},{"data":"Deadly Poison","floor":8,"key":"SMITH"},{"data":"Poisoned Stab","floor":10,"key":"SMITH"},{"data":"Prepared","floor":15,"key":"SMITH"}],"circlet_count":0,"master_deck":["Strike_G","Defend_G","Defend_G","Defend_G","Defend_G","Defend_G","Survivor","Neutralize","After Image","Bane+1","Poisoned Stab+1","Backflip","Escape Plan","Deadly Poison+1","Prepared+1","Bouncing Flask","Malaise","Well Laid Plans+1","Dash+1"],"relics":["Ring of the Serpent","Frozen Egg 2","hexamod:BolsterEngine"],"acts_visited":["Exordium","TheCity"],"potions_floor_usage":[5,7,7,7,16,16,16],"damage_taken":[{"damage":0,"enemies":"Jaw Worm","floor":1,"turns":6},{"damage":6,"enemies":"Cultist","floor":3,"turns":3},{"damage":2,"enemies":"Small Slimes","floor":5,"turns":3},{"damage":1,"enemies":"Gremlin Nob","floor":7,"turns":3},{"damage":0,"enemies":"Exordium Wildlife","floor":13,"turns":3},{"damage":10,"enemies":"Hexaghost","floor":16,"turns":4},{"damage":0,"enemies":"Chosen","floor":18,"turns":4},{"damage":17,"enemies":"2 Thieves","floor":19,"turns":5},{"damage":48,"enemies":"Masked Bandits","floor":20,"turns":5}],"seed_played":"-6003249517105682518","potions_obtained":[{"floor":2,"key":"GamblersBrew"},{"floor":2,"key":"Swift Potion"},{"floor":2,"key":"EntropicBrew"},{"floor":3,"key":"Explosive Potion"},{"floor":5,"key":"DuplicationPotion"}],"is_trial":false,"path_per_floor":["M","?","M","?","M","R","E","R","T","R","?","$","M","$","R","B",null,"M","M","?"],"character_chosen":"THE_SILENT","items_purchased":["Prepared","Bouncing Flask"],"campfire_rested":0,"item_purchase_floors":[12,12],"current_hp_per_floor":[63,63,57,57,55,55,54,54,54,54,54,54,54,54,54,44,63,63,46,0,0],"gold":129,"neow_bonus":"TRANSFORM_TWO_CARDS","is_daily":false,"chose_seed":false,"campfire_upgraded":4,"win_rate":0.0,"timestamp":1613210477,"path_taken":["M","?","?","?","M","R","E","R","T","R","?","$","M","?","R","BOSS","M","M","?"],"items_purchased_type":["Card","Card"],"build_version":"2020-12-22","purchased_purges":2,"victory":false,"max_hp_per_floor":[63,63,63,63,63,63,63,63,63,63,63,63,63,63,63,63,63,63,63,63,63],"card_choices":[{"not_picked":["Dagger Throw","Tactician"],"picked":"Poisoned Stab","floor":1},{"not_picked":["Heel Hook","Flying Knee"],"picked":"Backflip","floor":3},{"not_picked":["Dagger Spray","Cloak And Dagger"],"picked":"Escape Plan","floor":5},{"not_picked":["After Image+1","Dagger Spray"],"picked":"Deadly Poison","floor":7},{"not_picked":["Underhanded Strike","Dagger Spray","Deflect"],"picked":"SKIP","floor":13},{"not_picked":["Venomology","After Image+1"],"picked":"Malaise","floor":16},{"not_picked":["Flechettes","Sucker Punch"],"picked":"Well Laid Plans+1","floor":18},{"not_picked":["Dagger Spray","Predator"],"picked":"Dash+1","floor":19}],"player_experience":185093,"relics_obtained":[{"floor":7,"key":"Frozen Egg 2"},{"floor":9,"key":"hexamod:BolsterEngine"}],"event_choices":[{"damage_healed":0,"gold_gain":0,"player_choice":"Got Potions","damage_taken":0,"max_hp_gain":0,"max_hp_loss":0,"event_name":"Lab","floor":2,"gold_loss":0},{"damage_healed":0,"gold_gain":0,"player_choice":"Ignored","damage_taken":0,"max_hp_gain":0,"max_hp_loss":0,"event_name":"Shining Light","floor":4,"gold_loss":0},{"damage_healed":0,"gold_gain":70,"player_choice":"Gained Gold","damage_taken":0,"max_hp_gain":0,"max_hp_loss":0,"event_name":"Golden Wing","floor":11,"gold_loss":0},{"damage_healed":0,"gold_gain":0,"player_choice":"Fought Bandits","damage_taken":0,"max_hp_gain":0,"max_hp_loss":0,"event_name":"Masked Bandits","floor":20,"gold_loss":0}],"is_beta":false,"boss_relics":[{"not_picked":["SlaversCollar","reliquary:RedPaperclip"],"picked":"Ring of the Serpent"}],"items_purged_floors":[12,14],"is_endless":false,"potions_floor_spawned":[3,5,13],"killed_by":"Masked Bandits","ascension_level":0}}