{"host":"zwezhz46a5cjkxff","time":1613191804,"event":{"mods":["AchievementEnabler","BaseMod","Colored Map","Colored Powertips","DeckTracker","Minty Spire (QoL Compilation)","Permanent Neow","Quick Restart","Rare Cards Sparkle","Relic Stats","StSLib","SuperFastMode"],"gold_per_floor":[113,123,142,142,160,190,190,190,190,234,248,2,16,31,31,155,155,173,166,166,190,215,250,281,317,341,165,206,221,221,235,235,366,366,385,385,448,511,531,572,584,643,655,705,737,789,10,28,28,28,28,28,28,69,69,69],"floor_reached":55,"language":"ENG","playtime":1950,"items_purged":["Strike_G","Defend_G","Defend_G"],"score":1093,"play_id":"430f242e-8120-44fe-800c-44ae7e924887","local_time":"20210212225004","is_ascension_mode":true,"campfire_choices":[{"data":"Cloak And Dagger","floor":8,"key":"SMITH"},{"data":"Neutralize","floor":15,"key":"SMITH"},{"floor":30,"key":"REST"},{"data":"Cloak And Dagger","floor":32,"key":"SMITH"},{"floor":41,"key":"RECALL"},{"data":"1","floor":49,"key":"LIFT"},{"data":"2","floor":52,"key":"LIFT"}],"circlet_count":0,"master_deck":["Strike_G","Strike_G","Strike_G+1","Defend_G","Defend_G","Defend_G","Survivor","Neutralize+1","Cloak And Dagger+1","Escape Plan","Caltrops","PiercingWail","Dagger Spray+1","Die Die Die","After Image","Terror","Backstab+1","Corpse Explosion","Prepared+1","All Out Attack","Accuracy","Cloak And Dagger+1","Storm of Steel","Endless Agony+1","Cloak And Dagger","Blade Dance","Escape Plan","Accuracy","Madness","Madness"],"relics":["WristBlade","Meat on the Bone","Golden Idol","WingedGreaves","Bag of Marbles","HoveringKite","Ancient Tea Set","Blood Vial","Darkstone Periapt","Vajra","Bronze Scales","Bag of Preparation","Happy Flower","Black Star","Bird Faced Urn","Gambling Chip","Mummified Hand","MawBank","CeramicFish","Gremlin Horn","Girya","Dead Branch","Eternal Feather","Akabeko","Whetstone","Thread and Needle","Bottled Flame","Anchor","Nunchaku"],"acts_visited":["Exordium","TheCity","TheBeyond","TheEnding"],"potions_floor_usage":[6,6,19,22,23,28,33,33,37,40,44,45,50,50,55],"damage_taken":[{"damage":0,"enemies":"Small Slimes","floor":1,"turns":5},{"damage":3,"enemies":"Jaw Worm","floor":2,"turns":4},{"damage":0,"enemies":"2 Louse","floor":3,"turns":3},{"damage":0,"enemies":"Exordium Wildlife","floor":5,"turns":3},{"damage":7,"enemies":"3 Sentries","floor":6,"turns":9},{"damage":31,"enemies":"Lagavulin","floor":10,"turns":8},{"damage":0,"enemies":"3 Louse","floor":11,"turns":4},{"damage":0,"enemies":"Blue Slaver","floor":13,"turns":2},{"damage":9,"enemies":"2 Fungi Beasts","floor":14,"turns":3},{"damage":25,"enemies":"Hexaghost","floor":16,"turns":11},{"damage":15,"enemies":"Chosen","floor":18,"turns":6},{"damage":7,"enemies":"2 Thieves","floor":19,"turns":4},{"damage":24,"enemies":"Shelled Parasite and Fungi","floor":22,"turns":5},{"damage":25,"enemies":"Book of Stabbing","floor":23,"turns":6},{"damage":11,"enemies":"Slavers","floor":24,"turns":5},{"damage":24,"enemies":"Book of Stabbing","floor":25,"turns":5},{"damage":0,"enemies":"Slavers","floor":28,"turns":1},{"damage":25,"enemies":"Snake Plant","floor":29,"turns":2},{"damage":0,"enemies":"Cultist and Chosen","floor":31,"turns":4},{"damage":45,"enemies":"Collector","floor":33,"turns":8},{"damage":30,"enemies":"3 Darklings","floor":35,"turns":4},{"damage":14,"enemies":"2 Orb Walkers","floor":37,"turns":4},{"damage":15,"enemies":"Mind Bloom Boss Battle","floor":38,"turns":4},{"damage":0,"enemies":"Orb Walker","floor":39,"turns":1},{"damage":33,"enemies":"Reptomancer","floor":40,"turns":5},{"damage":5,"enemies":"Giant Head","floor":42,"turns":6},{"damage":18,"enemies":"Nemesis","floor":44,"turns":5},{"damage":7,"enemies":"Writhing Mass","floor":45,"turns":3},{"damage":0,"enemies":"Reptomancer","floor":46,"turns":2},{"damage":20,"enemies":"Time Eater","floor":50,"turns":5},{"damage":0,"enemies":"Shield and Spear","floor":54,"turns":1},{"damage":81,"enemies":"The Heart","floor":55,"turns":5}],"seed_played":"-6160155187058175700","potions_obtained":[{"floor":1,"key":"Ancient Potion"},{"floor":2,"key":"EssenceOfSteel"},{"floor":5,"key":"Strength Potion"},{"floor":16,"key":"Energy Potion"},{"floor":18,"key":"Poison Potion"},{"floor":19,"key":"AttackPotion"},{"floor":25,"key":"SkillPotion"},{"floor":29,"key":"SteroidPotion"},{"floor":31,"key":"Ancient Potion"},{"floor":37,"key":"Fruit Juice"},{"floor":38,"key":"Block Potion"},{"floor":42,"key":"Block Potion"},{"floor":45,"key":"Fire Potion"},{"floor":54,"key":"EssenceOfSteel"}],"is_trial":false,"path_per_floor":["M","M","M","?","M","E","?","R","T","E","M","$","M","M","R","B",null,"M","M","?","T","M","E","E","E","T","$","E","M","R","M","R","B",null,"M","?","?","?","M","E","R","E","T","E","M","E","$","?","R","B",null,"R","$","E","B"],"character_chosen":"THE_SILENT","items_purchased":["Bag of Marbles","Dagger Spray","Accuracy","Thread and Needle","Accuracy","Bottled Flame","SkillPotion"],"campfire_rested":1,"item_purchase_floors":[12,12,27,47,47,47,47],"current_hp_per_floor":[70,67,67,67,67,60,43,43,43,24,36,36,36,39,39,26,70,55,48,48,48,38,27,30,20,20,20,34,23,44,46,46,15,70,40,40,45,48,54,39,39,42,42,44,45,49,49,40,58,52,75,75,75,75,0,0],"gold":69,"neow_bonus":"BOSS_RELIC","is_daily":false,"chose_seed":false,"campfire_upgraded":3,"win_rate":0.0,"timestamp":1613191804,"path_taken":["M","M","M","?","M","E","?","R","T","E","?","$","M","M","R","BOSS","M","M","?","?","M","E","E","E","T","$","E","M","R","M","R","BOSS","M","?","?","?","M","E","R","E","T","E","M","E","$","?","R","BOSS","R","$","E","BOSS"],"items_purchased_type":["Relic","Card","Card","Relic","Card","Relic","Potion"],"build_version":"2020-12-22","purchased_purges":3,"victory":false,"max_hp_per_floor":[70,70,70,70,70,70,70,70,70,70,70,70,70,70,70,70,70,70,70,70,70,70,70,70,70,70,70,70,70,70,70,70,70,70,70,70,75,75,75,75,75,75,75,75,75,75,75,75,75,75,75,75,75,75,75,75],"relic_stats":{"Darkstone Periapt":0,"Happy Flower":[19],"Gremlin Horn":[2,2],"counters":[32,143],"Golden Idol":220,"CeramicFish":36,"Dead Branch":[68],"HoveringKite":[43],"Eternal Feather":18,"Bag of Preparation":[32],"Whetstone":["Strike_G","Dagger Spray"],"MawBank":84,"Blood Vial":34,"Nunchaku":[1],"Mummified Hand":[22],"Bronze Scales":[218],"Bird Faced Urn":[48],"Gambling Chip":[10],"Black Star":5,"obtain_stats":[{"Darkstone Periapt":23,"Gremlin Horn":42,"CeramicFish":42,"HoveringKite":17,"Vajra":24,"Bag of Preparation":26,"Whetstone":46,"Ancient Tea Set":20,"Blood Vial":21,"Nunchaku":54,"WristBlade":0,"Mummified Hand":40,"Gambling Chip":38,"WingedGreaves":10,"Ring of the Snake":0,"Girya":43,"Happy Flower":28,"Golden Idol":7,"Dead Branch":44,"Eternal Feather":44,"Thread and Needle":47,"MawBank":40,"Akabeko":46,"Bottled Flame":47,"Anchor":54,"Bronze Scales":25,"Bird Faced Urn":37,"Bag of Marbles":12,"Black Star":34,"Meat on the Bone":6},{"Darkstone Periapt":14,"Gremlin Horn":26,"CeramicFish":26,"HoveringKite":10,"Vajra":15,"Bag of Preparation":16,"Whetstone":29,"Ancient Tea Set":12,"Blood Vial":12,"Nunchaku":31,"WristBlade":0,"Mummified Hand":25,"Gambling Chip":23,"WingedGreaves":6,"Ring of the Snake":0,"Girya":26,"Happy Flower":17,"Golden Idol":5,"Dead Branch":27,"Eternal Feather":27,"Thread and Needle":29,"MawBank":25,"Akabeko":29,"Bottled Flame":29,"Anchor":31,"Bronze Scales":16,"Bird Faced Urn":22,"Bag of Marbles":7,"Black Star":20,"Meat on the Bone":5},{"Darkstone Periapt":73,"Gremlin Horn":122,"CeramicFish":122,"HoveringKite":52,"Vajra":78,"Bag of Preparation":83,"Whetstone":132,"Ancient Tea Set":62,"Blood Vial":62,"Nunchaku":138,"WristBlade":0,"Mummified Hand":116,"Gambling Chip":110,"WingedGreaves":32,"Ring of the Snake":0,"Girya":122,"Happy Flower":84,"Golden Idol":24,"Dead Branch":127,"Eternal Feather":127,"Thread and Needle":132,"MawBank":116,"Akabeko":132,"Bottled Flame":132,"Anchor":138,"Bronze Scales":83,"Bird Faced Urn":106,"Bag of Marbles":36,"Black Star":98,"Meat on the Bone":24}],"Meat on the Bone":180},"card_choices":[{"not_picked":["Dash","Dagger Spray"],"picked":"Cloak And Dagger","floor":1},{"not_picked":["Setup","Blur"],"picked":"Escape Plan","floor":2},{"not_picked":["Flechettes","Tactician","Distraction"],"picked":"SKIP","floor":3},{"not_picked":["Underhanded Strike","Dagger Throw","Quick Slash"],"picked":"SKIP","floor":5},{"not_picked":["Prepared","Expertise","Quick Slash"],"picked":"SKIP","floor":6},{"not_picked":["Dagger Throw","Eviscerate"],"picked":"Caltrops","floor":10},{"not_picked":["Masterful Stab","Poisoned Stab"],"picked":"PiercingWail","floor":11},{"not_picked":["Deflect","Tactician","Quick Slash"],"picked":"SKIP","floor":13},{"not_picked":["Underhanded Strike","Bane"],"picked":"Die Die Die","floor":14},{"not_picked":["Die Die Die","Grand Finale"],"picked":"After Image","floor":16},{"not_picked":["Acrobatics","Dagger Spray"],"picked":"Terror","floor":18},{"not_picked":["Underhanded Strike","Crippling Poison"],"picked":"Backstab+1","floor":19},{"not_picked":["Deadly Poison+1","Bane","PiercingWail"],"picked":"SKIP","floor":22},{"not_picked":["Acrobatics","Calculated Gamble+1"],"picked":"Corpse Explosion","floor":23},{"not_picked":["Endless Agony+1","Underhanded Strike"],"picked":"Prepared+1","floor":24},{"not_picked":["Die Die Die","Bouncing Flask"],"picked":"All Out Attack","floor":25},{"not_picked":["Doppelganger","Deadly Poison+1"],"picked":"Cloak And Dagger","floor":28},{"not_picked":["Leg Sweep","Heel Hook+1","Crippling Poison"],"picked":"SKIP","floor":29},{"not_picked":["Bouncing Flask","Dagger Spray","Calculated Gamble"],"picked":"SKIP","floor":31},{"not_picked":["Malaise","Doppelganger"],"picked":"Storm of Steel","floor":33},{"not_picked":["Deadly Poison+1","Backflip"],"picked":"Endless Agony+1","floor":35},{"not_picked":["Deadly Poison+1","Poisoned Stab"],"picked":"Cloak And Dagger","floor":38},{"not_picked":["Finisher","Dagger Spray+1"],"picked":"Blade Dance","floor":39},{"not_picked":["Expertise","Flying Knee","Outmaneuver"],"picked":"SKIP","floor":40},{"not_picked":["Skewer+1","Backflip+1"],"picked":"Escape Plan","floor":42},{"not_picked":["Bouncing Flask","Dagger Throw","Calculated Gamble"],"picked":"SKIP","floor":44},{"not_picked":["Acrobatics+1","Tactician+1","Backflip"],"picked":"SKIP","floor":45},{"not_picked":["Reflex","Catalyst+1","Dodge and Roll"],"picked":"SKIP","floor":46},{"not_picked":["Finisher","Burst","Slice"],"picked":"SKIP","floor":54}],"player_experience":102477,"relics_obtained":[{"floor":6,"key":"Meat on the Bone"},{"floor":10,"key":"WingedGreaves"},{"floor":21,"key":"Blood Vial"},{"floor":23,"key":"Darkstone Periapt"},{"floor":24,"key":"Vajra"},{"floor":25,"key":"Bronze Scales"},{"floor":26,"key":"Bag of Preparation"},{"floor":28,"key":"Happy Flower"},{"floor":37,"key":"Bird Faced Urn"},{"floor":38,"key":"Gambling Chip"},{"floor":40,"key":"Mummified Hand"},{"floor":40,"key":"MawBank"},{"floor":42,"key":"CeramicFish"},{"floor":42,"key":"Gremlin Horn"},{"floor":43,"key":"Girya"},{"floor":44,"key":"Dead Branch"},{"floor":44,"key":"Eternal Feather"},{"floor":46,"key":"Akabeko"},{"floor":46,"key":"Whetstone"},{"floor":54,"key":"Anchor"},{"floor":54,"key":"Nunchaku"}],"event_choices":[{"damage_healed":0,"gold_gain":0,"player_choice":"Ignored","damage_taken":0,"max_hp_gain":0,"max_hp_loss":0,"event_name":"Liars Game","floor":4,"gold_loss":0},{"damage_healed":0,"gold_gain":0,"player_choice":"Take Damage","damage_taken":17,"relics_obtained":["Golden Idol"],"max_hp_gain":0,"max_hp_loss":0,"event_name":"Golden Idol","floor":7,"gold_loss":0},{"damage_healed":0,"gold_gain":0,"player_choice":"Opened","damage_taken":0,"relics_obtained":["Ancient Tea Set"],"max_hp_gain":0,"max_hp_loss":0,"event_name":"The Mausoleum","floor":20,"gold_loss":0},{"cards_removed":["Strike_G"],"damage_healed":0,"gold_gain":0,"player_choice":"Removed Attack","damage_taken":0,"max_hp_gain":0,"max_hp_loss":0,"event_name":"Falling","floor":36,"gold_loss":0},{"damage_healed":0,"gold_gain":0,"player_choice":"Fight","damage_taken":0,"max_hp_gain":0,"max_hp_loss":0,"event_name":"Mysterious Sphere","floor":37,"gold_loss":0},{"damage_healed":0,"gold_gain":0,"player_choice":"Fight","damage_taken":0,"max_hp_gain":0,"max_hp_loss":0,"event_name":"MindBloom","floor":38,"gold_loss":0},{"damage_healed":0,"gold_gain":0,"player_choice":"Embrace Madness","damage_taken":9,"max_hp_gain":0,"max_hp_loss":0,"event_name":"Winding Halls","floor":48,"gold_loss":0,"cards_obtained":["Madness","Madness"]}],"is_beta":false,"boss_relics":[{"not_picked":["Snecko Eye","Velvet Choker"],"picked":"HoveringKite"},{"not_picked":["Empty Cage","Fusion Hammer"],"picked":"Black Star"}],"items_purged_floors":[12,27,47],"is_endless":false,"potions_floor_spawned":[1,2,5,16,18,19,25,29,31,37,38,42,45,54],"killed_by":"The Heart","ascension_level":2}}