{"host":"sygfylmorsvdndbx","time":1613258092,"event":{"mods":["AchievementEnabler","BaseMod","Bestiary","Highlight Path","Minty Spire (QoL Compilation)","Permanent Neow","Quick Restart","Relic Stats"],"gold_per_floor":[109,124,24,37,49,49,69,99,125,151,151,166,166,179,179,302,302,325,358,379,392,392,436,436,471,521,537,556,338,2,35,35,154,154,167,192,192,212,281,312,34,59,59,77,116,116,149,163,163,163,163],"floor_reached":50,"language":"ENG","playtime":7697,"items_purged":["Zap","Defend_B","Defend_B"],"score":1022,"play_id":"83989089-cede-433c-b9ad-2a5c26cc5c11","local_time":"20210213181452","is_ascension_mode":true,"campfire_choices":[{"data":"Barrage","floor":6.0,"key":"SMITH"},{"data":"Defragment","floor":13.0,"key":"SMITH"},{"data":"Melter","floor":15.0,"key":"SMITH"},{"data":"Machine Learning","floor":24.0,"key":"SMITH"},{"data":"Capacitor","floor":32.0,"key":"SMITH"},{"data":"Consume","floor":46.0,"key":"SMITH"},{"floor":49.0,"key":"RECALL"}],"circlet_count":0,"master_deck":["AscendersBane","Defend_B","Defend_B","Dualcast","Cold Snap","Go for the Eyes","Cold Snap","Barrage+1","Turbo","Rainbow","Ball Lightning","Glacier","Defragment+1","Melter+1","Machine Learning+1","Conserve Battery+1","Bite","Bite","Bite","Bite","Bite","Echo Form","Blizzard+1","Compile Driver","Capacitor+1","Amplify","Rainbow","Machine Learning","Loop+1","Conserve Battery+1","Consume+1","Hologram+1","Compile Driver+1","Chaos+1","Leap+1","Self Repair+1","White Noise+1","Loop+1"],"relics":["SlaversCollar","Symbiotic Virus","Happy Flower","Vajra","Golden Idol","Inserter","Red Mask","Bronze Scales","Omamori","Bag of Preparation","MealTicket","Coffee Dripper","Letter Opener","Cables","Orrery","Frozen Egg 2","StoneCalendar","Dream Catcher"],"acts_visited":["Exordium","TheCity","TheBeyond"],"potions_floor_usage":[],"damage_taken":[{"damage":13.0,"enemies":"Jaw Worm","floor":1.0,"turns":4.0},{"damage":4.0,"enemies":"2 Louse","floor":2.0,"turns":3.0},{"damage":0.0,"enemies":"Small Slimes","floor":4.0,"turns":4.0},{"damage":1.0,"enemies":"Exordium Wildlife","floor":5.0,"turns":5.0},{"damage":8.0,"enemies":"3 Louse","floor":7.0,"turns":6.0},{"damage":12.0,"enemies":"Lagavulin","floor":8.0,"turns":6.0},{"damage":1.0,"enemies":"3 Sentries","floor":10.0,"turns":5.0},{"damage":3.0,"enemies":"Gremlin Gang","floor":12.0,"turns":3.0},{"damage":0.0,"enemies":"Exordium Wildlife","floor":14.0,"turns":2.0},{"damage":1.0,"enemies":"The Guardian","floor":16.0,"turns":8.0},{"damage":19.0,"enemies":"2 Thieves","floor":18.0,"turns":3.0},{"damage":11.0,"enemies":"Masked Bandits","floor":19.0,"turns":4.0},{"damage":0.0,"enemies":"3 Byrds","floor":20.0,"turns":4.0},{"damage":7.0,"enemies":"Sentry and Sphere","floor":21.0,"turns":3.0},{"damage":9.0,"enemies":"Gremlin Leader","floor":23.0,"turns":5.0},{"damage":17.0,"enemies":"Slavers","floor":25.0,"turns":8.0},{"damage":10.0,"enemies":"Snecko","floor":27.0,"turns":7.0},{"damage":16.0,"enemies":"Centurion and Healer","floor":28.0,"turns":6.0},{"damage":10.0,"enemies":"Gremlin Leader","floor":31.0,"turns":5.0},{"damage":18.0,"enemies":"Collector","floor":33.0,"turns":10.0},{"damage":7.0,"enemies":"Orb Walker","floor":35.0,"turns":3.0},{"damage":19.0,"enemies":"3 Darklings","floor":36.0,"turns":7.0},{"damage":0.0,"enemies":"Maw","floor":38.0,"turns":6.0},{"damage":20.0,"enemies":"Reptomancer","floor":40.0,"turns":7.0},{"damage":27.0,"enemies":"4 Shapes","floor":42.0,"turns":5.0},{"damage":6.0,"enemies":"Sphere and 2 Shapes","floor":44.0,"turns":6.0},{"damage":0.0,"enemies":"Giant Head","floor":45.0,"turns":9.0},{"damage":22.0,"enemies":"Nemesis","floor":47.0,"turns":7.0},{"damage":25.0,"enemies":"Writhing Mass","floor":48.0,"turns":7.0},{"damage":0,"enemies":"Awakened One","floor":50,"turns":1}],"seed_played":"-1965194801816086332","potions_obtained":[{"floor":4.0,"key":"EntropicBrew"},{"floor":8.0,"key":"FocusPotion"},{"floor":12.0,"key":"Fruit Juice"},{"floor":14.0,"key":"Fire Potion"},{"floor":18.0,"key":"Strength Potion"},{"floor":21.0,"key":"FocusPotion"},{"floor":28.0,"key":"FearPotion"},{"floor":31.0,"key":"FearPotion"},{"floor":33.0,"key":"Swift Potion"},{"floor":35.0,"key":"LiquidMemories"},{"floor":38.0,"key":"Fruit Juice"},{"floor":40.0,"key":"CultistPotion"},{"floor":48.0,"key":"Strength Potion"}],"is_trial":false,"path_per_floor":["M","M","$","M","M","R","M","E","T","E","?","M","R","M","R","B",null,"M","?","M","M","?","E","R","E","T","M","M","$","$","E","R","B",null,"M","M","?","M","T","E","$","M","T","M","E","R","E","M","R","B"],"character_chosen":"DEFECT","items_purchased":["BlessingOfTheForge","Cold Snap","Capacitor","DuplicationPotion","Bag of Preparation","Amplify","Orrery"],"campfire_rested":0,"item_purchase_floors":[3,3,29,29,30,30,41],"current_hp_per_floor":[55,51,51,51,50,50,42,30,30,29,29,26,26,31,31,30,63,44,33,33,26,26,31,31,32,32,34,34,34,34,36,36,46,50,48,43,51,51,51,44,51,28,28,28,51,51,47,51,51,51,51],"gold":163,"neow_bonus":"BOSS_RELIC","is_daily":false,"chose_seed":false,"campfire_upgraded":6,"win_rate":0.0,"timestamp":1613258092,"path_taken":["M","M","$","M","M","R","M","E","T","E","?","M","R","M","R","BOSS","M","?","M","M","?","E","R","E","T","M","M","?","$","E","R","BOSS","M","M","?","M","?","E","$","M","T","?","E","R","E","M","R","BOSS"],"items_purchased_type":["Potion","Card","Card","Potion","Relic","Card","Relic"],"build_version":"2020-12-22","purchased_purges":3,"victory":false,"max_hp_per_floor":[75,75,75,75,75,75,75,75,75,75,69,69,69,74,74,74,74,74,74,74,74,51,51,51,51,51,51,51,51,51,51,51,51,51,51,51,51,51,51,51,51,51,51,51,51,51,51,51,51,51,51],"relic_stats":{"Dream Catcher":0,"Inserter":[53],"Happy Flower":[43],"counters":[30,159],"Golden Idol":149,"Bronze Scales":[248],"MealTicket":7,"StoneCalendar":[90],"Bag of Preparation":[24],"Letter Opener":[49],"obtain_stats":[{"Inserter":17,"Happy Flower":9,"Golden Idol":11,"Vajra":10,"StoneCalendar":45,"Omamori":25,"Bag of Preparation":30,"Letter Opener":39,"Frozen Egg 2":43,"Cables":40,"SlaversCollar":0,"Dream Catcher":47,"Bronze Scales":23,"Orrery":41,"MealTicket":31,"Red Mask":19,"Coffee Dripper":34,"Cracked Core":0,"Symbiotic Virus":8},{"Inserter":10,"Happy Flower":6,"Golden Idol":7,"Vajra":7,"StoneCalendar":27,"Omamori":16,"Bag of Preparation":18,"Letter Opener":23,"Frozen Egg 2":25,"Cables":24,"SlaversCollar":0,"Dream Catcher":28,"Bronze Scales":15,"Orrery":24,"MealTicket":19,"Red Mask":12,"Coffee Dripper":20,"Cracked Core":0,"Symbiotic Virus":6},{"Inserter":46,"Happy Flower":28,"Golden Idol":33,"Vajra":33,"StoneCalendar":144,"Omamori":73,"Bag of Preparation":86,"Letter Opener":117,"Frozen Egg 2":129,"Cables":124,"SlaversCollar":0,"Dream Catcher":151,"Bronze Scales":65,"Orrery":124,"MealTicket":91,"Red Mask":53,"Coffee Dripper":101,"Cracked Core":0,"Symbiotic Virus":28}],"Cables":[35,8,12,15,0]},"card_choices":[{"not_picked":["Leap","Hologram"],"picked":"Cold Snap","floor":1.0},{"not_picked":["Reprogram","Aggregate"],"picked":"Go for the Eyes","floor":2.0},{"not_picked":["Coolheaded","Cold Snap"],"picked":"Barrage","floor":4.0},{"not_picked":["Storm","Stack"],"picked":"Turbo","floor":5.0},{"not_picked":["Compile Driver","Go for the Eyes"],"picked":"Rainbow","floor":7.0},{"not_picked":["Steam","Gash"],"picked":"Ball Lightning","floor":8.0},{"not_picked":["Rebound","Consume"],"picked":"Glacier","floor":10.0},{"not_picked":["Multi-Cast","Hologram"],"picked":"Defragment","floor":12.0},{"not_picked":["Ball Lightning","Reprogram"],"picked":"Melter","floor":14.0},{"not_picked":["Reboot","Buffer"],"picked":"Machine Learning","floor":16.0},{"not_picked":["Reprogram","Hologram","Force Field"],"picked":"SKIP","floor":18.0},{"not_picked":["Ball Lightning+1","Beam Cell"],"picked":"Conserve Battery+1","floor":20.0},{"not_picked":["Gash","Beam Cell+1","Cold Snap"],"picked":"SKIP","floor":21.0},{"not_picked":["Blizzard","Doom and Gloom+1"],"picked":"Echo Form","floor":23.0},{"not_picked":["Cold Snap","Stack"],"picked":"Blizzard+1","floor":25.0},{"not_picked":["Scrape","Barrage"],"picked":"Compile Driver","floor":27.0},{"not_picked":["Barrage","Leap","Coolheaded"],"picked":"SKIP","floor":28.0},{"not_picked":["Chaos","Hologram"],"picked":"Rainbow","floor":31.0},{"not_picked":["Multi-Cast","Rainbow"],"picked":"Machine Learning","floor":33.0},{"not_picked":["Rip and Tear+1","Glacier+1"],"picked":"Loop+1","floor":35.0},{"not_picked":["Sweeping Beam","Go for the Eyes+1","Capacitor+1"],"picked":"SKIP","floor":36.0},{"not_picked":["Streamline","Gash"],"picked":"Conserve Battery+1","floor":38.0},{"not_picked":["Steam+1","Hologram","Rebound+1"],"picked":"SKIP","floor":40.0},{"not_picked":["Coolheaded","Cold Snap"],"picked":"Consume","floor":41.0},{"not_picked":["Ball Lightning","Turbo"],"picked":"Hologram+1","floor":41.0},{"not_picked":["Tempest+1","Go for the Eyes"],"picked":"Compile Driver+1","floor":41.0},{"not_picked":["Multi-Cast","Reprogram+1"],"picked":"Chaos+1","floor":41.0},{"not_picked":["Redo+1","Cold Snap"],"picked":"Leap+1","floor":41.0},{"not_picked":["Cold Snap","Go for the Eyes","Melter+1"],"picked":"SKIP","floor":42.0},{"not_picked":["Sweeping Beam+1","Heatsinks+1"],"picked":"Self Repair+1","floor":44.0},{"not_picked":["Streamline+1","Fusion"],"picked":"White Noise+1","floor":45.0},{"not_picked":["Force Field+1","Genetic Algorithm+1"],"picked":"Loop+1","floor":47.0},{"not_picked":["Reprogram","Redo+1","Ball Lightning"],"picked":"SKIP","floor":48.0}],"player_experience":512772,"relics_obtained":[{"floor":8.0,"key":"Symbiotic Virus"},{"floor":9.0,"key":"Happy Flower"},{"floor":10.0,"key":"Vajra"},{"floor":19.0,"key":"Red Mask"},{"floor":23.0,"key":"Bronze Scales"},{"floor":25.0,"key":"Omamori"},{"floor":31.0,"key":"MealTicket"},{"floor":39.0,"key":"Letter Opener"},{"floor":40.0,"key":"Cables"},{"floor":43.0,"key":"Frozen Egg 2"},{"floor":45.0,"key":"StoneCalendar"},{"floor":47.0,"key":"Dream Catcher"}],"event_choices":[{"damage_healed":0.0,"max_hp_gain":0.0,"max_hp_loss":6.0,"gold_gain":0.0,"event_name":"Golden Idol","player_choice":"Lose Max HP","floor":11.0,"gold_loss":0.0,"damage_taken":0.0,"relics_obtained":["Golden Idol"]},{"damage_healed":0.0,"max_hp_gain":0.0,"max_hp_loss":0.0,"gold_gain":0.0,"event_name":"Masked Bandits","player_choice":"Fought Bandits","floor":19.0,"gold_loss":0.0,"damage_taken":0.0},{"damage_healed":0.0,"max_hp_gain":0.0,"max_hp_loss":23.0,"gold_gain":0.0,"event_name":"Vampires","player_choice":"Became a vampire","floor":22.0,"gold_loss":0.0,"damage_taken":0.0,"cards_obtained":["Bite","Bite","Bite","Bite","Bite"]},{"damage_healed":13.0,"max_hp_gain":0.0,"max_hp_loss":0.0,"gold_gain":0.0,"event_name":"Winding Halls","player_choice":"Writhe","floor":37.0,"gold_loss":0.0,"damage_taken":0.0,"cards_obtained":["Writhe"]}],"is_beta":false,"boss_relics":[{"not_picked":["Runic Dome","Black Star"],"picked":"Inserter"},{"not_picked":["Sozu","Calling Bell"],"picked":"Coffee Dripper"}],"items_purged_floors":[29,30,41],"is_endless":false,"potions_floor_spawned":[4,8,12,14,18,21,28,31,33,35,38,40,48],"killed_by":"Awakened One","ascension_level":10}}