{"host":"81vb4cbob60wa1na","time":1613187951,"event":{"mods":["BaseMod","Dio Mod","Downfall","GifTheSpireLib","Hermit","Highlight Path","Minty Spire (QoL Compilation)","StSLib","The Bug Knight","The Cursed","The Disciple"],"gold_per_floor":[99,115,125,125,125,125,125,125,138,153,153,174,189,205,225,329,329,329,340,360,391,403,403,426,11,11,11,11,24,24,38,55,151,151,151,170,191,191,207,207,207,6,6,6,6,6,35,55,55,55],"floor_reached":51,"language":"ENG","playtime":1523,"items_purged":[],"score":692,"play_id":"af96202a-adbf-4c90-ae45-116e7a158556","local_time":"20210212224551","is_ascension_mode":false,"campfire_choices":[{"data":"Madness","floor":1,"key":"SMITH"},{"data":"bronze:WhirlingStrike","floor":6,"key":"SMITH"},{"data":"bronze:Replicate","floor":8,"key":"SMITH"},{"floor":11,"key":"REST"},{"data":"bronze:GetLatest","floor":18,"key":"SMITH"},{"data":"bronze:Goto","floor":23,"key":"SMITH"},{"floor":27,"key":"REST"},{"floor":30,"key":"REST"},{"floor":35,"key":"RECALL"},{"floor":40,"key":"REST"},{"data":"bronze:FineTuning","floor":43,"key":"SMITH"},{"data":"bronze:Defend","floor":45,"key":"SMITH"},{"floor":49,"key":"REST"}],"circlet_count":0,"master_deck":["bronze:Strike+1","bronze:Strike","bronze:Strike","bronze:Strike","bronze:Defend","bronze:Defend","bronze:Defend+1","bronze:Defend+1","bronze:Replicate+1","bronze:Goto+1","Madness+1","bronze:WhirlingStrike+1","bronze:Separator+1","bronze:WhirlingStrike+1","bronze:WhirlingStrike+1","bronze:DigitalCarnage+1","bronze:GetLatest+1","bronze:RecursiveStrike+1","bronze:Flail+1","bronze:WhirlingStrike+1","bronze:WhirlingStrike+1","bronze:Separator+1","Necronomicurse","bronze:CutThrough+1","bronze:Iterate+1","bronze:RecursiveStrike+1","bronze:Separator+1","Madness+1","Madness+1","bronze:WhirlingStrike+1","bronze:FineTuning+1","bronze:CloningBeam+1","bronze:DelayedSlice+1"],"relics":["bronze:BronzeCore","Molten Egg 2","Bird Faced Urn","Odd Mushroom","Philosopher\u0027s Stone","Red Mask","Happy Flower","Shuriken","Necronomicon","SacredBark","DollysMirror","Nunchaku","Bottled Flame","Vajra","FossilizedHelix"],"acts_visited":["Exordium","TheCity","TheBeyond"],"potions_floor_usage":[16,16,16,22,33,33,33,50],"damage_taken":[{"damage":1,"enemies":"Jaw Worm","floor":2,"turns":5},{"damage":6,"enemies":"2 Louse","floor":3,"turns":2},{"damage":7,"enemies":"Small Slimes","floor":9,"turns":3},{"damage":8,"enemies":"Red Slaver","floor":10,"turns":3},{"damage":12,"enemies":"The Mushroom Lair","floor":12,"turns":2},{"damage":2,"enemies":"Large Slime","floor":13,"turns":4},{"damage":0,"enemies":"2 Fungi Beasts","floor":14,"turns":1},{"damage":8,"enemies":"Red Slaver","floor":15,"turns":2},{"damage":7,"enemies":"SI_SHIV_ARCHETYPE","floor":16,"turns":3},{"damage":0,"enemies":"3 Byrds","floor":19,"turns":2},{"damage":1,"enemies":"Spheric Guardian","floor":20,"turns":3},{"damage":0,"enemies":"Masked Bandits","floor":21,"turns":1},{"damage":5,"enemies":"Shelled Parasite and Fungi","floor":22,"turns":2},{"damage":10,"enemies":"downfall:FleeingMerchant","floor":25,"turns":4},{"damage":13,"enemies":"Snake Plant","floor":29,"turns":3},{"damage":0,"enemies":"Cultist and Chosen","floor":31,"turns":2},{"damage":8,"enemies":"Chosen and Byrds","floor":32,"turns":2},{"damage":25,"enemies":"DF_ARCHETYPE_CLAW","floor":33,"turns":4},{"damage":8,"enemies":"Orb Walker","floor":36,"turns":2},{"damage":10,"enemies":"downfall:FleeingMerchant","floor":37,"turns":4},{"damage":10,"enemies":"3 Darklings","floor":39,"turns":2},{"damage":13,"enemies":"Nemesis","floor":47,"turns":3},{"damage":0,"enemies":"Spire Growth","floor":48,"turns":2},{"damage":32,"enemies":"WA_ARCHETYPE_DIVINITY","floor":50,"turns":6}],"seed_played":"-4863027775036976033","potions_obtained":[{"floor":3,"key":"hexamod:SoulburnPotion"},{"floor":9,"key":"hexamod:SoulburnPotion"},{"floor":13,"key":"champ:CounterPotion"},{"floor":16,"key":"Energy Potion"},{"floor":20,"key":"Weak Potion"},{"floor":21,"key":"BlessingOfTheForge"},{"floor":29,"key":"SteroidPotion"},{"floor":48,"key":"Weak Potion"}],"is_trial":false,"path_per_floor":["R","M","M","?","T","R","T","R","M","M","R","?","M","M","M","B",null,"R","M","M","?","M","R","T","$","?","R","?","M","R","M","M","B",null,"R","M","$","?","M","R","T","$","R","$","R","?","E","M","R","B",null],"character_chosen":"THE_AUTOMATON","items_purchased":["bronze:WhirlingStrike+1","bronze:Separator+1","Shuriken","champ:CounterPotion","DollysMirror","Nunchaku","bronze:FineTuning","Vajra"],"campfire_rested":5,"item_purchase_floors":[25,25,25,25,37,37,42,42],"current_hp_per_floor":[70,69,63,63,63,63,63,63,56,48,69,57,55,55,47,40,70,70,70,69,69,64,64,64,54,38,59,59,46,67,67,59,34,70,70,62,52,52,42,63,63,63,63,63,63,55,42,42,63,31],"gold":55,"neow_bonus":"RANDOM_COLORLESS","is_daily":false,"chose_seed":false,"campfire_upgraded":7,"win_rate":0.0,"timestamp":1613187951,"path_taken":["R","M","M","?","?","R","T","R","M","M","R","?","M","M","M","BOSS","R","M","M","?","M","R","T","$","?","R","?","M","R","?","M","BOSS","R","M","$","?","M","R","T","$","R","?","R","?","E","M","R","BOSS"],"items_purchased_type":["Card","Card","Relic","Potion","Relic","Relic","Card","Relic"],"build_version":"2020-12-22","purchased_purges":0,"victory":true,"max_hp_per_floor":[70,70,70,70,70,70,70,70,70,70,70,70,70,70,70,70,70,70,70,70,70,70,70,70,70,70,70,70,70,70,70,70,70,70,70,70,70,70,70,70,70,70,70,70,70,70,70,70,70,70],"card_choices":[{"not_picked":["Forethought","Mind Blast"],"picked":"Madness","floor":0},{"not_picked":["bronze:Overheat","bronze:GetLatest"],"picked":"bronze:WhirlingStrike","floor":2},{"not_picked":["bronze:Refactor","bronze:Invalidate","bronze:OilSpill"],"picked":"SKIP","floor":3},{"not_picked":["bronze:FollowUp+1","bronze:BuggyMess"],"picked":"bronze:Separator+1","floor":9},{"not_picked":["bronze:Terminator","bronze:ClassDefault"],"picked":"bronze:WhirlingStrike+1","floor":10},{"not_picked":["bronze:Constructor","bronze:BitShift"],"picked":"bronze:WhirlingStrike+1","floor":12},{"not_picked":["bronze:ChildClass","bronze:Return"],"picked":"bronze:DigitalCarnage+1","floor":13},{"not_picked":["bronze:Refactor","bronze:ItsAFeature","bronze:Repulsor"],"picked":"SKIP","floor":14},{"not_picked":["bronze:Turbo","bronze:HardenedForm"],"picked":"bronze:GetLatest","floor":15},{"not_picked":["bronze:Break+1","bronze:ShipIt+1"],"picked":"bronze:RecursiveStrike+1","floor":16},{"not_picked":["bronze:Shield","bronze:Backtrace+1"],"picked":"bronze:Flail+1","floor":19},{"not_picked":["bronze:BuggyMess+1","bronze:OilSpill+1","bronze:Shield"],"picked":"SKIP","floor":20},{"not_picked":["bronze:Flail+1","bronze:WildBeam+1"],"picked":"bronze:WhirlingStrike+1","floor":21},{"not_picked":["bronze:Boost","bronze:BitShift","bronze:Branch+1"],"picked":"SKIP","floor":22},{"not_picked":["bronze:Philosophize","bronze:Deprecate","bronze:CleanCode"],"picked":"SKIP","floor":25},{"not_picked":["bronze:Shield","bronze:ClassDefault"],"picked":"bronze:CutThrough+1","floor":29},{"not_picked":["bronze:BuggyMess","bronze:Repulsor","bronze:InfiniteBeams+1"],"picked":"SKIP","floor":31},{"not_picked":["bronze:Shield","bronze:DelayedGuard"],"picked":"bronze:Iterate+1","floor":32},{"not_picked":["bronze:BurnOut+1","bronze:InfiniteLoop+1"],"picked":"bronze:RecursiveStrike+1","floor":33},{"not_picked":["bronze:Shield+1","bronze:MaxOutput+1","bronze:ChildClass"],"picked":"SKIP","floor":36},{"not_picked":["bronze:DelayedGuard+1","bronze:WildBeam+1"],"picked":"bronze:Separator+1","floor":37},{"not_picked":["bronze:Separator+1","bronze:Constructor+1"],"picked":"bronze:WhirlingStrike+1","floor":39},{"not_picked":["bronze:SpaghettiCode","bronze:BuggyMess+1"],"picked":"bronze:CloningBeam+1","floor":47},{"not_picked":["bronze:ForLoop","bronze:Frontload+1"],"picked":"bronze:DelayedSlice+1","floor":48}],"player_experience":312377,"relics_obtained":[{"floor":5,"key":"Molten Egg 2"},{"floor":7,"key":"Bird Faced Urn"},{"floor":12,"key":"Odd Mushroom"},{"floor":21,"key":"Red Mask"},{"floor":24,"key":"Happy Flower"},{"floor":26,"key":"Necronomicon"},{"floor":41,"key":"Bottled Flame"},{"floor":47,"key":"FossilizedHelix"}],"event_choices":[{"damage_healed":0,"gold_gain":0,"player_choice":"Fought Mushrooms","damage_taken":0,"max_hp_gain":0,"max_hp_loss":0,"event_name":"Mushrooms","floor":12,"gold_loss":0},{"damage_healed":0,"gold_gain":0,"player_choice":"Fought Bandits","damage_taken":0,"max_hp_gain":0,"max_hp_loss":0,"event_name":"Masked Bandits","floor":21,"gold_loss":0},{"damage_healed":0,"gold_gain":0,"player_choice":"Ignored","damage_taken":0,"max_hp_gain":0,"max_hp_loss":0,"event_name":"Vampires","floor":28,"gold_loss":0}],"is_beta":false,"boss_relics":[{"not_picked":["bronze:MakeshiftBattery","Empty Cage"],"picked":"Philosopher\u0027s Stone"},{"not_picked":["Velvet Choker","Fusion Hammer"],"picked":"SacredBark"}],"items_purged_floors":[],"is_endless":false,"potions_floor_spawned":[3,9,13,14,16,20,21,29,32,48],"ascension_level":0}}