{"host":"8is2j71l4wmybkoi","time":1613224953,"event":{"mods":["AchievementEnabler","BaseMod","Colored Map","DeckTracker","Minty Spire (QoL Compilation)","Rare Cards Sparkle","Relic Stats","StSLib","SuperFastMode"],"gold_per_floor":[110,127,127,127,1,1,36,56,56,56,69,105,125,168,168,261,261,279,279,297,315,333,677,276,276,330,330,346,221,261,386,386,484,484,504,504,529,529,529,529,572,572,599,449,483,483,524,524,524,524,524,524,124,162,162],"floor_reached":56,"language":"KOR","playtime":2544,"items_purged":["Strike_R","Strike_R","Strike_R","Defend_R"],"score":2275,"play_id":"88f1d80b-d56c-4c70-9307-6b3d4b3d528c","local_time":"20210213230233","is_ascension_mode":true,"campfire_choices":[{"data":"Body Slam","floor":6.0,"key":"SMITH"},{"data":"Armaments","floor":15.0,"key":"SMITH"},{"floor":25.0,"key":"RECALL"},{"floor":27.0,"key":"REST"},{"floor":32.0,"key":"REST"},{"floor":40,"key":"REST"},{"floor":42,"key":"REST"},{"floor":49,"key":"REST"},{"floor":52,"key":"REST"}],"circlet_count":0,"master_deck":["AscendersBane","Defend_R","Defend_R","Body Slam+1","Armaments+1","Shrug It Off","Uppercut","Reckless Charge","Whirlwind","Double Tap","Dark Embrace+1","Corruption+1","Bloodletting","Pommel Strike","Disarm","Shrug It Off","Shockwave","Offering","Sentinel","Power Through","Burning Pact","Impervious","Panacea","Mayhem+1","Burning Pact"],"relics":["Burning Blood","NeowsBlessing","Golden Idol","Shuriken","Meat on the Bone","Frozen Egg 2","HornCleat","Fusion Hammer","Old Coin","Anchor","Omamori","Bag of Preparation","Juzu Bracelet","Mango","Ornamental Fan","Empty Cage","Bottled Tornado","White Beast Statue","Ancient Tea Set","Sundial","DollysMirror","Unceasing Top"],"acts_visited":["Exordium","TheCity","TheBeyond","TheEnding"],"potions_floor_usage":[],"damage_taken":[{"damage":0.0,"enemies":"2 Louse","floor":1.0,"turns":1.0},{"damage":0.0,"enemies":"Jaw Worm","floor":2.0,"turns":1.0},{"damage":0.0,"enemies":"3 Sentries","floor":7.0,"turns":2.0},{"damage":6.0,"enemies":"Cultist","floor":8.0,"turns":4.0},{"damage":2.0,"enemies":"2 Fungi Beasts","floor":11.0,"turns":2.0},{"damage":20.0,"enemies":"Gremlin Nob","floor":12.0,"turns":4.0},{"damage":0.0,"enemies":"Gremlin Gang","floor":13.0,"turns":2.0},{"damage":14.0,"enemies":"Lagavulin","floor":14.0,"turns":5.0},{"damage":23.0,"enemies":"Hexaghost","floor":16.0,"turns":11.0},{"damage":2.0,"enemies":"3 Byrds","floor":18.0,"turns":4.0},{"damage":1.0,"enemies":"Shell Parasite","floor":20.0,"turns":2.0},{"damage":3.0,"enemies":"Snecko","floor":21.0,"turns":3.0},{"damage":17.0,"enemies":"Snake Plant","floor":22.0,"turns":4.0},{"damage":23.0,"enemies":"Slavers","floor":23.0,"turns":5.0},{"damage":3.0,"enemies":"Chosen and Byrds","floor":28.0,"turns":5.0},{"damage":3.0,"enemies":"Book of Stabbing","floor":30.0,"turns":3.0},{"damage":7.0,"enemies":"Colosseum Slavers","floor":31.0,"turns":2.0},{"damage":8.0,"enemies":"Colosseum Nobs","floor":31.0,"turns":4.0},{"damage":26.0,"enemies":"Automaton","floor":33.0,"turns":7.0},{"damage":9,"enemies":"3 Darklings","floor":35,"turns":1},{"damage":6,"enemies":"3 Shapes","floor":37,"turns":1},{"damage":37,"enemies":"Giant Head","floor":41,"turns":8},{"damage":9,"enemies":"Reptomancer","floor":45,"turns":4},{"damage":12,"enemies":"Giant Head","floor":47,"turns":2},{"damage":24,"enemies":"Awakened One","floor":50,"turns":9},{"damage":14,"enemies":"Shield and Spear","floor":54,"turns":2},{"damage":26,"enemies":"The Heart","floor":55,"turns":7}],"seed_played":"8598961776853604731","potions_obtained":[{"floor":2.0,"key":"Explosive Potion"},{"floor":7.0,"key":"GamblersBrew"},{"floor":12.0,"key":"Weak Potion"},{"floor":14.0,"key":"Energy Potion"},{"floor":16.0,"key":"LiquidMemories"},{"floor":21.0,"key":"DuplicationPotion"},{"floor":23.0,"key":"ElixirPotion"},{"floor":28.0,"key":"ElixirPotion"},{"floor":33.0,"key":"Energy Potion"},{"floor":35,"key":"SpeedPotion"},{"floor":41,"key":"FairyPotion"}],"is_trial":false,"path_per_floor":["M","M","?","?","$","R","E","M","T","?","M","E","M","E","R","B",null,"M","?","M","M","M","E","$","R","T","R","M","$","E","?","R","B",null,"M","?","M","?","?","R","E","R","T","$","E","?","E","?","R","B",null,"R","$","E","B",null],"character_chosen":"IRONCLAD","items_purchased":["Shrug It Off","Anchor","Omamori","Sundial","DollysMirror"],"campfire_rested":6,"item_purchase_floors":[5,24,24,53,53],"current_hp_per_floor":[74,75,49,42,42,42,48,48,48,48,52,50,56,48,48,43,67,71,71,75,75,64,47,47,47,47,69,72,72,75,86,89,69,84,81,81,81,81,81,85,54,79,79,79,76,76,70,60,85,67,81,85,85,77,57],"gold":162,"neow_bonus":"THREE_ENEMY_KILL","is_daily":false,"chose_seed":false,"campfire_upgraded":2,"win_rate":0.0,"timestamp":1613224953,"path_taken":["M","M","?","?","?","R","E","M","T","?","?","E","M","E","R","BOSS","M","?","M","?","M","E","$","R","T","R","M","$","E","?","R","BOSS","M","?","M","?","?","R","E","R","T","$","E","?","E","?","R","BOSS","R","$","E","BOSS"],"items_purchased_type":["Card","Relic","Relic","Relic","Relic"],"build_version":"2020-12-22","purchased_purges":4,"victory":true,"max_hp_per_floor":[75,75,75,75,75,75,75,75,75,75,75,75,75,75,75,75,75,75,75,75,75,75,75,75,75,75,75,75,75,75,89,89,89,89,89,89,89,85,85,85,85,85,85,85,85,85,85,85,85,85,85,85,85,85,85],"relic_stats":{"counters":[27,105],"Golden Idol":214,"Shuriken":[58],"Ornamental Fan":[128],"Sundial":[32],"Bag of Preparation":[26],"Juzu Bracelet":1,"obtain_stats":[{"NeowsBlessing":0,"Golden Idol":3,"Mango":31,"Omamori":24,"Bag of Preparation":26,"Juzu Bracelet":30,"Frozen Egg 2":12,"Bottled Tornado":41,"Empty Cage":34,"Ancient Tea Set":47,"Burning Blood":0,"White Beast Statue":45,"Old Coin":23,"Anchor":24,"HornCleat":14,"Shuriken":7,"Ornamental Fan":31,"Sundial":53,"DollysMirror":53,"Fusion Hammer":17,"Unceasing Top":54,"Meat on the Bone":9},{"NeowsBlessing":0,"Golden Idol":2,"Mango":18,"Omamori":14,"Bag of Preparation":14,"Juzu Bracelet":16,"Frozen Egg 2":6,"Bottled Tornado":22,"Empty Cage":19,"Ancient Tea Set":24,"Burning Blood":0,"White Beast Statue":23,"Old Coin":14,"Anchor":14,"HornCleat":8,"Shuriken":3,"Ornamental Fan":18,"Sundial":25,"DollysMirror":25,"Fusion Hammer":9,"Unceasing Top":26,"Meat on the Bone":4},{"NeowsBlessing":0,"Golden Idol":2,"Mango":64,"Omamori":50,"Bag of Preparation":50,"Juzu Bracelet":58,"Frozen Egg 2":14,"Bottled Tornado":81,"Empty Cage":71,"Ancient Tea Set":87,"Burning Blood":0,"White Beast Statue":85,"Old Coin":50,"Anchor":50,"HornCleat":21,"Shuriken":4,"Ornamental Fan":64,"Sundial":96,"DollysMirror":96,"Fusion Hammer":32,"Unceasing Top":98,"Meat on the Bone":8}],"Burning Blood":153,"Unceasing Top":[0],"Meat on the Bone":24},"card_choices":[{"not_picked":["Clash","True Grit"],"picked":"Body Slam","floor":1.0},{"not_picked":["Dual Wield","Inflame"],"picked":"Armaments","floor":2.0},{"not_picked":["Armaments","Metallicize","Twin Strike"],"picked":"SKIP","floor":7.0},{"not_picked":["Impervious","Pommel Strike"],"picked":"Uppercut","floor":8.0},{"not_picked":["Heavy Blade","Havoc","True Grit"],"picked":"SKIP","floor":11.0},{"not_picked":["Perfected Strike","Seeing Red"],"picked":"Whirlwind","floor":12.0},{"not_picked":["Pummel","Clothesline"],"picked":"Double Tap","floor":13.0},{"not_picked":["Shrug It Off","Corruption+1"],"picked":"Dark Embrace+1","floor":14.0},{"not_picked":["Juggernaut+1","Reaper"],"picked":"Corruption+1","floor":16.0},{"not_picked":["Combust+1","Hemokinesis","Havoc"],"picked":"SKIP","floor":18.0},{"not_picked":["Pommel Strike","Cleave","Flex"],"picked":"SKIP","floor":20.0},{"not_picked":["Cleave","Flex"],"picked":"Pommel Strike","floor":20.0},{"not_picked":["Thunderclap+1","Battle Trance","Bloodletting"],"picked":"SKIP","floor":21.0},{"not_picked":["Headbutt","Pommel Strike"],"picked":"Disarm","floor":22.0},{"not_picked":["Havoc","Corruption+1"],"picked":"Shrug It Off","floor":23.0},{"not_picked":["Iron Wave+1","Searing Blow+1","Whirlwind"],"picked":"SKIP","floor":28.0},{"not_picked":["Clash","Havoc"],"picked":"Body Slam+1","floor":30.0},{"not_picked":["Armaments","Dual Wield"],"picked":"Shockwave","floor":31.0},{"not_picked":["Limit Break","Reaper"],"picked":"Offering","floor":33.0},{"not_picked":["Heavy Blade","Sever Soul"],"picked":"Sentinel","floor":35},{"not_picked":["Metallicize+1","Armaments+1"],"picked":"Power Through","floor":37},{"not_picked":["Sentinel","Immolate"],"picked":"Burning Pact","floor":41},{"not_picked":["Limit Break","Heavy Blade","Wild Strike"],"picked":"SKIP","floor":45},{"not_picked":["Body Slam","Rage+1"],"picked":"Impervious","floor":47},{"not_picked":["Mind Blast","Trip"],"picked":"Panacea","floor":48},{"not_picked":["Impatience","Madness"],"picked":"Mayhem+1","floor":48},{"not_picked":["Body Slam","Rupture+1","Burning Pact"],"picked":"SKIP","floor":54}],"player_experience":1175770,"relics_obtained":[{"floor":7.0,"key":"Shuriken"},{"floor":9.0,"key":"Meat on the Bone"},{"floor":12.0,"key":"Frozen Egg 2"},{"floor":14.0,"key":"HornCleat"},{"floor":23.0,"key":"Old Coin"},{"floor":26.0,"key":"Bag of Preparation"},{"floor":30.0,"key":"Juzu Bracelet"},{"floor":31.0,"key":"Mango"},{"floor":31.0,"key":"Ornamental Fan"},{"floor":41,"key":"Bottled Tornado"},{"floor":45,"key":"White Beast Statue"},{"floor":47,"key":"Ancient Tea Set"},{"floor":54,"key":"Unceasing Top"}],"event_choices":[{"damage_healed":0.0,"max_hp_gain":0.0,"max_hp_loss":0.0,"gold_gain":0.0,"event_name":"Golden Idol","player_choice":"Take Damage","floor":3.0,"gold_loss":0.0,"damage_taken":26.0,"relics_obtained":["Golden Idol"]},{"cards_removed":["Strike_R"],"damage_healed":0.0,"max_hp_gain":0.0,"max_hp_loss":0.0,"gold_gain":0.0,"event_name":"Golden Wing","player_choice":"Card Removal","floor":4.0,"gold_loss":0.0,"damage_taken":7.0},{"damage_healed":0.0,"max_hp_gain":0.0,"max_hp_loss":0.0,"gold_gain":0.0,"cards_transformed":["Strike_R"],"event_name":"Transmorgrifier","player_choice":"Transformed","floor":10.0,"gold_loss":0.0,"damage_taken":0.0,"cards_obtained":["Reckless Charge"]},{"damage_healed":0.0,"max_hp_gain":0.0,"max_hp_loss":0.0,"gold_gain":0.0,"event_name":"Match and Keep!","player_choice":"1 cards matched","floor":19.0,"gold_loss":0.0,"damage_taken":0.0,"cards_obtained":["Bloodletting"]},{"damage_healed":0.0,"max_hp_gain":0.0,"max_hp_loss":0.0,"gold_gain":0.0,"event_name":"Colosseum","player_choice":"Fight","floor":31.0,"gold_loss":0.0,"damage_taken":0.0},{"damage_healed":0.0,"max_hp_gain":0.0,"max_hp_loss":0.0,"gold_gain":0.0,"event_name":"Colosseum","player_choice":"Fought Nobs","floor":31.0,"gold_loss":0.0,"damage_taken":0.0},{"damage_healed":0,"gold_gain":0,"player_choice":"Ignored","damage_taken":0,"max_hp_gain":0,"max_hp_loss":0,"event_name":"SecretPortal","floor":36,"gold_loss":0},{"damage_healed":0,"gold_gain":0,"player_choice":"Max HP","damage_taken":0,"max_hp_gain":0,"max_hp_loss":4,"event_name":"Winding Halls","floor":38,"gold_loss":0},{"damage_healed":0,"gold_gain":0,"player_choice":"Ignored","damage_taken":0,"max_hp_gain":0,"max_hp_loss":0,"event_name":"Tomb of Lord Red Mask","floor":39,"gold_loss":0},{"cards_removed":["Body Slam"],"damage_healed":0,"gold_gain":0,"player_choice":"Removed Attack","damage_taken":0,"max_hp_gain":0,"max_hp_loss":0,"event_name":"Falling","floor":46,"gold_loss":0},{"damage_healed":0,"gold_gain":0,"player_choice":"Memory 3","damage_taken":10,"max_hp_gain":0,"max_hp_loss":0,"event_name":"SensoryStone","floor":48,"gold_loss":0}],"is_beta":false,"boss_relics":[{"not_picked":["Runic Dome","Black Star"],"picked":"Fusion Hammer"},{"not_picked":["SlaversCollar","Pandora\u0027s Box"],"picked":"Empty Cage"}],"items_purged_floors":[5,24,29,44],"is_endless":false,"potions_floor_spawned":[2,7,12,14,16,21,23,28,33,35,41,47,54],"ascension_level":15}}