{"host":"5y2vm16xfq9gfmb2","time":1613202454,"event":{"mods":["AchievementEnabler","BaseMod","Better Third Choice","Colored Map","Colored Powertips","DeckTracker","Marisa????????","Minty Spire (QoL Compilation)","Rare Cards Sparkle","Relic Stats","StSLib","The Alterego","The Animator","The Marked","The Servant 0.9.4"],"gold_per_floor":[360,360,374,63,77,77,77,2,2,30,30,30,49,64,64,164,164,177,177,203,53,70,70,80,80,80,80,180,95,14,14,14,14,14],"floor_reached":33,"language":"ENG","playtime":1371,"items_purged":[],"score":253,"play_id":"812bc203-6211-4dfa-9607-6598b35a9b3c","local_time":"20210213024734","is_ascension_mode":true,"campfire_choices":[{"floor":7,"key":"RECALL"},{"data":"alterego_mod:Weigh","floor":11,"key":"SMITH"},{"data":"alterego_mod:Nekomimi","floor":15,"key":"SMITH"},{"floor":23,"key":"REST"},{"floor":25,"key":"REST"},{"floor":27,"key":"REST"},{"floor":32,"key":"REST"}],"circlet_count":0,"master_deck":["alterego_mod:Strike+1","alterego_mod:Strike+1","alterego_mod:Strike+1","alterego_mod:Strike+1","alterego_mod:Defend+1","alterego_mod:Defend+1","alterego_mod:Defend+1","alterego_mod:Defend+1","alterego_mod:Impale","alterego_mod:BigMeatyClaws","alterego_mod:BrynhildrsRune","alterego_mod:Support","alterego_mod:IndependentAction","alterego_mod:Weigh+1","alterego_mod:Nekomimi+1","alterego_mod:BiFurious","alterego_mod:DeftHands","alterego_mod:Exercise","alterego_mod:Palingenesis","alterego_mod:DeftHands+1","alterego_mod:Clones","alterego_mod:1TonWallop","alterego_mod:Rip","alterego_mod:SakuraFive","Flash of Steel"],"relics":["alterego_mod:MasochisticConstitution","NlothsMask","TungstenRod","Sundial","SacredBark","Red Mask","Frozen Eye","Lizard Tail","Meat on the Bone","Mercury Hourglass"],"acts_visited":["Exordium","TheCity"],"potions_floor_usage":[10,16,20,28,28],"damage_taken":[{"damage":5,"enemies":"2 Louse","floor":1,"turns":6},{"damage":6,"enemies":"Cultist","floor":3,"turns":5},{"damage":6,"enemies":"Small Slimes","floor":5,"turns":4},{"damage":13,"enemies":"Gremlin Nob","floor":10,"turns":3},{"damage":7,"enemies":"Blue Slaver","floor":13,"turns":3},{"damage":4,"enemies":"Looter","floor":14,"turns":3},{"damage":31,"enemies":"Hexaghost","floor":16,"turns":8},{"damage":8,"enemies":"Chosen","floor":18,"turns":4},{"damage":47,"enemies":"Masked Bandits","floor":20,"turns":5},{"damage":10,"enemies":"Shell Parasite","floor":22,"turns":8},{"damage":20,"enemies":"Centurion and Healer","floor":24,"turns":7},{"damage":29,"enemies":"Colosseum Slavers","floor":28,"turns":3},{"damage":33,"enemies":"Colosseum Nobs","floor":28,"turns":4},{"damage":87,"enemies":"Collector","floor":33,"turns":6}],"seed_played":"3260637610486491757","potions_obtained":[{"floor":1,"key":"DuplicationPotion"},{"floor":10,"key":"Dexterity Potion"},{"floor":16,"key":"PowerPotion"},{"floor":18,"key":"Fire Potion"},{"floor":22,"key":"Energy Potion"}],"is_trial":false,"path_per_floor":["M","?","M","$","M","?","R","$","T","E","R","?","M","M","R","B",null,"M","?","?","$","M","R","M","R","T","R","?","?","$","?","R","B"],"character_chosen":"The_Alterego","items_purchased":["TungstenRod","alterego_mod:Nekomimi","Frozen Eye","Flash of Steel"],"campfire_rested":4,"item_purchase_floors":[4,8,21,30],"current_hp_per_floor":[64,64,59,59,54,54,54,54,54,42,42,42,36,40,40,10,70,63,63,24,24,15,36,24,46,46,68,8,8,8,8,30,0,0],"gold":14,"neow_bonus":"TWO_FIFTY_GOLD","is_daily":false,"chose_seed":false,"campfire_upgraded":2,"win_rate":0.0,"timestamp":1613202454,"path_taken":["M","?","M","$","?","?","R","$","T","E","R","?","M","M","R","BOSS","M","?","?","?","M","R","M","R","T","R","?","?","$","?","R","BOSS"],"items_purchased_type":["Relic","Card","Relic","Card"],"build_version":"2020-12-22","purchased_purges":0,"victory":false,"max_hp_per_floor":[64,64,65,65,66,66,66,66,66,67,67,67,68,69,69,70,70,71,71,72,72,73,73,74,74,74,74,76,76,76,76,76,76,76],"relic_stats":{"Lizard Tail":38,"counters":[14,69],"Sundial":[4],"obtain_stats":[{"Frozen Eye":21,"alterego_mod:MasochisticConstitution":0,"Lizard Tail":28,"Sundial":10,"SacredBark":17,"Red Mask":20,"TungstenRod":4,"NlothsMask":2,"Meat on the Bone":28,"Mercury Hourglass":29},{"Frozen Eye":9,"alterego_mod:MasochisticConstitution":0,"Lizard Tail":13,"Sundial":4,"SacredBark":7,"Red Mask":9,"TungstenRod":2,"NlothsMask":1,"Meat on the Bone":13,"Mercury Hourglass":13},{"Frozen Eye":41,"alterego_mod:MasochisticConstitution":0,"Lizard Tail":63,"Sundial":18,"SacredBark":32,"Red Mask":41,"TungstenRod":11,"NlothsMask":6,"Meat on the Bone":63,"Mercury Hourglass":63}],"TungstenRod":49,"Meat on the Bone":0,"Mercury Hourglass":[35]},"card_choices":[{"not_picked":["alterego_mod:PurpleHair","alterego_mod:GoddessCore"],"picked":"alterego_mod:Support","floor":1},{"not_picked":["alterego_mod:Jiggle","alterego_mod:DiscoLights"],"picked":"alterego_mod:IndependentAction","floor":3},{"not_picked":["alterego_mod:ChallengeComplete","alterego_mod:TrashNCrash"],"picked":"alterego_mod:Weigh","floor":5},{"not_picked":["alterego_mod:Belts","alterego_mod:HighServant"],"picked":"alterego_mod:BiFurious","floor":10},{"not_picked":["alterego_mod:Cooking","alterego_mod:GachaTicket"],"picked":"alterego_mod:DeftHands","floor":13},{"not_picked":["alterego_mod:PerceptionDisorder","alterego_mod:DiscoLights"],"picked":"alterego_mod:Exercise","floor":14},{"not_picked":["alterego_mod:Weigh","alterego_mod:Valkyrie"],"picked":"alterego_mod:Palingenesis","floor":16},{"not_picked":["alterego_mod:Smother","alterego_mod:MaintainEyeContact+1"],"picked":"alterego_mod:DeftHands+1","floor":18},{"not_picked":["alterego_mod:Complex","alterego_mod:Cycle"],"picked":"alterego_mod:Clones","floor":20},{"not_picked":["alterego_mod:TrashNCrash","alterego_mod:DestructionOfProperty"],"picked":"alterego_mod:1TonWallop","floor":22},{"not_picked":["alterego_mod:PresenceConcealment","alterego_mod:SakuraPetals"],"picked":"alterego_mod:Rip","floor":24},{"not_picked":["alterego_mod:1TonWallop","alterego_mod:Cycle"],"picked":"alterego_mod:SakuraFive","floor":28}],"player_experience":83319,"relics_obtained":[{"floor":10,"key":"Sundial"},{"floor":20,"key":"Red Mask"},{"floor":28,"key":"Lizard Tail"},{"floor":28,"key":"Meat on the Bone"}],"event_choices":[{"damage_healed":0,"gold_gain":0,"player_choice":"Trade","damage_taken":0,"relics_obtained":["NlothsMask"],"max_hp_gain":0,"max_hp_loss":0,"event_name":"FaceTrader","floor":2,"gold_loss":0},{"damage_healed":0,"gold_gain":0,"player_choice":"Leave","damage_taken":0,"max_hp_gain":0,"max_hp_loss":0,"event_name":"The Cleric","floor":6,"gold_loss":0},{"damage_healed":0,"gold_gain":0,"player_choice":"Ignored","damage_taken":0,"max_hp_gain":0,"max_hp_loss":0,"event_name":"Golden Wing","floor":12,"gold_loss":0},{"damage_healed":0,"gold_gain":0,"player_choice":"Ignored","damage_taken":0,"max_hp_gain":0,"max_hp_loss":0,"event_name":"Ghosts","floor":19,"gold_loss":0},{"damage_healed":0,"gold_gain":0,"player_choice":"Fought Bandits","damage_taken":0,"max_hp_gain":0,"max_hp_loss":0,"event_name":"Masked Bandits","floor":20,"gold_loss":0},{"damage_healed":0,"gold_gain":0,"player_choice":"Fight","damage_taken":0,"max_hp_gain":0,"max_hp_loss":0,"event_name":"Colosseum","floor":28,"gold_loss":0},{"damage_healed":0,"gold_gain":0,"player_choice":"Fought Nobs","damage_taken":0,"max_hp_gain":0,"max_hp_loss":0,"event_name":"Colosseum","floor":28,"gold_loss":0},{"damage_healed":0,"gold_gain":0,"player_choice":"Obtained Relic","damage_taken":0,"relics_obtained":["Mercury Hourglass"],"max_hp_gain":0,"max_hp_loss":0,"event_name":"Addict","floor":29,"gold_loss":85},{"damage_healed":0,"gold_gain":0,"player_choice":"Simplicity","damage_taken":0,"max_hp_gain":0,"max_hp_loss":8,"event_name":"betterThird:BetterWriting","floor":31,"gold_loss":0}],"is_beta":false,"boss_relics":[{"not_picked":["Velvet Choker","Empty Cage"],"picked":"SacredBark"}],"items_purged_floors":[],"is_endless":false,"potions_floor_spawned":[1,10,16,18,22,28],"killed_by":"Collector","ascension_level":1}}