{"host":"zx10cf1fsoa3eqiy","time":1613190793,"event":{"mods":["BaseMod","Colored Powertips","Downfall","Highlight Path","Minty Spire (QoL Compilation)","Quick Restart","Replay The Spire","Shop Mod","StSLib","Td1madao Mod","The Servant 0.9.4","Yuri Mod"],"gold_per_floor":[99,109,126,146,157,169,251,251,263,296,296,505,505,517,531,531,531,531],"floor_reached":16,"language":"ZHS","playtime":1317,"items_purged":[],"score":111,"play_id":"770f12af-645a-4d4b-afec-6ff03e8a5da9","local_time":"20210213123313","is_ascension_mode":true,"campfire_choices":[{"floor":8,"key":"REST"},{"floor":13,"key":"REST"}],"circlet_count":0,"master_deck":["bronze:Strike","bronze:Strike","bronze:Strike","bronze:Defend","bronze:Defend","bronze:Defend","bronze:Defend","bronze:Replicate","bronze:Goto","bronze:Constructor","bronze:DarkDash","bronze:DarkDash","bronze:BronzeOrb","bronze:WildBeam+1","bronze:Safeguard","bronze:ShipIt","ReplayTheSpireMod:Splinters","bronze:WildBeam","bronze:Safeguard","bronze:BronzeOrb"],"relics":["bronze:BronzeCore","yuri:PortableGlitches","Girya"],"acts_visited":["Exordium"],"potions_floor_usage":[],"damage_taken":[{"damage":0,"enemies":"Cultist","floor":2,"turns":3},{"damage":12,"enemies":"Jaw Worm","floor":3,"turns":4},{"damage":7,"enemies":"2 Louse","floor":4,"turns":2},{"damage":7,"enemies":"Exordium Thugs","floor":5,"turns":5},{"damage":5,"enemies":"Blue Slaver","floor":6,"turns":4},{"damage":0,"enemies":"2 Fungi Beasts","floor":9,"turns":2},{"damage":63,"enemies":"Lagavulin","floor":10,"turns":9},{"damage":6,"enemies":"Exordium Wildlife","floor":14,"turns":5},{"damage":22,"enemies":"Exordium Thugs","floor":15,"turns":6},{"damage":1,"enemies":"SI_SHIV_ARCHETYPE","floor":16,"turns":3}],"seed_played":"-4626393557686817432","potions_obtained":[{"floor":3,"key":"Fruit Juice"},{"floor":4,"key":"Weak Potion"},{"floor":9,"key":"SkillPotion"},{"floor":10,"key":"Dexterity Potion"}],"is_trial":false,"path_per_floor":["R","M","M","M","M","M","T","R","M","E","?","?","R","M","M","B"],"character_chosen":"THE_AUTOMATON","items_purchased":[],"campfire_rested":2,"item_purchase_floors":[],"current_hp_per_floor":[77,77,65,58,51,46,46,69,69,6,6,6,29,23,1,0,0,0],"gold":531,"neow_bonus":"TEN_PERCENT_HP_BONUS","is_daily":false,"chose_seed":false,"campfire_upgraded":0,"win_rate":0.0,"timestamp":1613190793,"path_taken":["R","M","?","M","M","M","T","R","M","E","?","?","R","?","M","BOSS"],"items_purchased_type":[],"build_version":"2020-12-22","purchased_purges":0,"victory":false,"max_hp_per_floor":[77,77,77,77,77,77,77,77,77,77,77,77,77,77,77,77,77,77],"card_choices":[{"not_picked":["bronze:CutThrough","bronze:BugBarrage"],"picked":"bronze:DarkDash","floor":2},{"not_picked":["bronze:WhirlingStrike","bronze:Turbo"],"picked":"bronze:DarkDash","floor":3},{"not_picked":["bronze:ThunderWave","bronze:Backtrace"],"picked":"bronze:BronzeOrb","floor":4},{"not_picked":["bronze:Frontload","bronze:BuggyMess"],"picked":"bronze:WildBeam","floor":5},{"not_picked":["bronze:BugBarrage","bronze:Separator","bronze:Constructor"],"picked":"SKIP","floor":6},{"not_picked":["bronze:Refactor","bronze:DelayedGuard"],"picked":"bronze:Safeguard","floor":9},{"not_picked":["bronze:Refactor","bronze:ChildClass"],"picked":"bronze:ShipIt","floor":10},{"not_picked":["bronze:CutThrough","bronze:ClassDefault"],"picked":"bronze:WildBeam","floor":12},{"not_picked":["bronze:Separator","bronze:BugBarrage"],"picked":"bronze:Safeguard","floor":14},{"not_picked":["bronze:ChosenStrike","bronze:DigitalCarnage"],"picked":"bronze:BronzeOrb","floor":15}],"player_experience":334556,"relics_obtained":[{"floor":7,"key":"yuri:PortableGlitches"},{"floor":10,"key":"Girya"}],"event_choices":[],"is_beta":false,"boss_relics":[],"items_purged_floors":[],"is_endless":false,"potions_floor_spawned":[3,4,9,10,14],"killed_by":"SI_SHIV_ARCHETYPE","ascension_level":1}}