{"host":"c0rqchpxu0yjpthq","time":1613228050,"event":{"mods":["100% Spire Juice","BaseMod","Challenge The Spire","Conspire","Downfall","HololiveMod","Minty Spire (QoL Compilation)","Reimu£®≤©¿ˆ¡È√Œ£©","Relic Stats","Reliquary","Spicy Shops","StSLib","Wide Potions","[GremlinLeader]The Maniac"],"gold_per_floor":[66,83838,83856,82270,82270,82281,82308,82308,82370,81083,81083,81109,79748,79787,79807,79912,79912,79712,79712,79728,79728,79578,79006,79032,79061,78961,78426,78451,78451,78451,78510,78531,78644,78644,78644,78680,78702,78720,78752,78088,78088,77422,77457,77457,77529,77529,77557,76883,76912,76934,76934,76979,76023,76023,76047,76057],"floor_reached":57,"language":"ZHS","playtime":4264,"items_purged":["Hololive_Strike","downfall:Malfunctioning","Hololive_Defend+1","Hololive_LuckPotion","Hololive_Recruit+1","expansioncontent:StudyTheSpire+1","Hololive_LuckPotion+1","Hololive_RecruitS+1","Hololive_CallSpadeEcho+1"],"score":1851,"play_id":"b0aa26ef-2b3e-493b-9ea5-76f6635c27c2","local_time":"20210213225410","is_ascension_mode":true,"campfire_choices":[{"floor":1.0,"key":"RECALL"},{"data":"Hololive_IdolExercise","floor":18.0,"key":"SMITH"},{"data":"Hololive_DDD","floor":26.0,"key":"SMITH"},{"data":"Hololive_Recruit","floor":30.0,"key":"SMITH"},{"data":"Hololive_RecruitS","floor":35.0,"key":"SMITH"},{"data":"Offering","floor":54.0,"key":"SMITH"}],"circlet_count":0,"master_deck":["Hololive_RecruitS+1","Hololive_RecruitS+1","Hololive_RecruitS+1","Hololive_DDD+1","Hololive_IdolExercise+1","Hololive_CallSpadeEcho+1","Offering+1","DependentForm:ReiMu+1","Hololive_Yoholoon+1","Hololive_Drill+1"],"relics":["Hololive_TheStar","Hololive_YagooBigFamily","reliquary:HotPoker","Cauldron","OrangePellets","Nunchaku","conspire:GlowingRock","Unceasing Top","Kunai","Chemical X","conspire:TreasureMap","reliquary:QuartzCube","Toy Ornithopter","Ornamental Fan","Whetstone","Question Card","Mercury Hourglass","Frozen Egg 2","reliquary:PrincelyHelmet","HornCleat","HandDrill","Pear","reliquary:WritOfMandamus","downfall:HeartBlessingRed","downfall:HeartBlessingBlue","conspire:DeflatedDodgeball","Membership Card","TheAbacus","Molten Egg 2","White Beast Statue","Hololive_FriedShrimpLion","Oddly Smooth Stone","Blood Vial","downfall:HeartBlessingGreen","PrismaticShard","conspire:DecoderRing","Happy Flower","reliquary:JackalopeAntler","reliquary:TatteredRug","Lee\u0027s Waffle","reliquary:ExpiredCoupon","Black Star","Sling","ClockworkSouvenir","Bronze Scales","Sundial","Anchor","reliquary:TuningFork","reliquary:Boomerang","Pantograph","reliquary:NewFriend","Omamori","reliquary:PartyBalloon","Bag of Marbles","Torii","conspire:Boomerang","Meat on the Bone","Red Mask","downfall:RedIOUUpgrade","Pocketwatch","reliquary:RoseTintedGlasses","Boot","RuthlessExorcism:ReiMu","conspire:Dentures","reliquary:IridiumChain","reliquary:Sideboard","Letter Opener","reliquary:PorcupineQuills","Vajra","StoneCalendar","InkBottle","conspire:TopHat","PureWhite:ReiMu","Bottled Tornado"],"acts_visited":["Exordium","TheCity","TheBeyond","TheEnding"],"potions_floor_usage":[],"damage_taken":[{"damage":0.0,"enemies":"Cultist","floor":2.0,"turns":3.0},{"damage":0.0,"enemies":"Jaw Worm","floor":3.0,"turns":3.0},{"damage":0.0,"enemies":"downfall:FleeingMerchant","floor":4.0,"turns":4.0},{"damage":0.0,"enemies":"2 Louse","floor":6.0,"turns":3.0},{"damage":0.0,"enemies":"Lagavulin Event","floor":9.0,"turns":4.0},{"damage":0.0,"enemies":"downfall:FleeingMerchant","floor":10.0,"turns":4.0},{"damage":8.0,"enemies":"Lagavulin","floor":12.0,"turns":7.0},{"damage":0.0,"enemies":"downfall:FleeingMerchant","floor":13.0,"turns":5.0},{"damage":0.0,"enemies":"3 Sentries","floor":14.0,"turns":3.0},{"damage":0.0,"enemies":"downfall:LooterAlt","floor":15.0,"turns":3.0},{"damage":0.0,"enemies":"SI_SHIV_ARCHETYPE","floor":16.0,"turns":5.0},{"damage":0.0,"enemies":"Chosen","floor":19.0,"turns":1.0},{"damage":0.0,"enemies":"Shell Parasite","floor":20.0,"turns":3.0},{"damage":0.0,"enemies":"downfall:FleeingMerchant","floor":23.0,"turns":2.0},{"damage":0.0,"enemies":"Gremlin Leader","floor":25.0,"turns":4.0},{"damage":0.0,"enemies":"Cultist and Chosen","floor":28.0,"turns":3.0},{"damage":0.0,"enemies":"conspire:Head Lice","floor":31.0,"turns":6.0},{"damage":0.0,"enemies":"Snake Plant","floor":32.0,"turns":3.0},{"damage":0.0,"enemies":"IC_MUSHROOM_ARCHETYPE","floor":33.0,"turns":5.0},{"damage":0.0,"enemies":"3 Darklings","floor":36.0,"turns":3.0},{"damage":0.0,"enemies":"Orb Walker","floor":37.0,"turns":2.0},{"damage":0.0,"enemies":"Writhing Mass","floor":38.0,"turns":3.0},{"damage":0.0,"enemies":"Maw","floor":39.0,"turns":5.0},{"damage":0.0,"enemies":"Reptomancer","floor":43.0,"turns":3.0},{"damage":0.0,"enemies":"Reptomancer","floor":45.0,"turns":4.0},{"damage":0.0,"enemies":"Sphere and 2 Shapes","floor":47.0,"turns":3.0},{"damage":0.0,"enemies":"4 Shapes","floor":49.0,"turns":3.0},{"damage":0.0,"enemies":"DF_ARCHETYPE_ORBS","floor":50.0,"turns":4.0},{"damage":5.0,"enemies":"downfall:CharBossMerchant","floor":52.0,"turns":6.0},{"damage":0,"enemies":"downfall:NeowBoss","floor":55,"turns":7},{"damage":0,"enemies":"downfall:NeowBossFinal","floor":56,"turns":6}],"seed_played":"7569818841413782655","potions_obtained":[{"floor":12.0,"key":"ColorlessPotion"},{"floor":14.0,"key":"Ancient Potion"},{"floor":20.0,"key":"FairyPotion"},{"floor":28.0,"key":"conspire:TimeTravelPotion"},{"floor":32.0,"key":"FairyPotion"}],"is_trial":false,"path_per_floor":["R","M","M","$","?","M","T","?","?","$","?","E","$","E","M","B",null,"R","M","M","?","?","$","T","E","R","$","M","?","R","E","M","B",null,"R","M","M","M","M","$","T","$","E","?","?","?","M","$","M","B",null,"E","$","R","B","B",null],"character_chosen":"Hololive_HololiveCharacter","items_purchased":["reliquary:HotPoker","Cauldron","OrangePellets","Nunchaku","conspire:GlowingRock","Unceasing Top","SkillPotion","Explosive Potion","FearPotion","Chemical X","conspire:TreasureMap","reliquary:QuartzCube","Toy Ornithopter","Ornamental Fan","Whetstone","Mercury Hourglass","Frozen Egg 2","reliquary:PrincelyHelmet","HornCleat","HandDrill","Hololive_CallSpadeEcho+1","Energy Potion","Dexterity Potion","Membership Card","TheAbacus","Molten Egg 2","White Beast Statue","Hololive_FriedShrimpLion","Regal Pillow","FairyPotion","expansioncontent:StudyTheSpire","PrismaticShard","conspire:DecoderRing","Happy Flower","reliquary:JackalopeAntler","reliquary:TatteredRug","Lee\u0027s Waffle","Fire Potion","Block Potion","Sling","ClockworkSouvenir","Bronze Scales","Sundial","Anchor","reliquary:TuningFork","Hololive_Psychosis+1","Pantograph","reliquary:NewFriend","Omamori","reliquary:PartyBalloon","Bag of Marbles","Torii","reliquary:RoseTintedGlasses","Boot","RuthlessExorcism:ReiMu","conspire:Dentures","reliquary:IridiumChain","reliquary:Sideboard","Hololive_Yoholoon+1","Vajra","StoneCalendar","InkBottle","conspire:TopHat","PureWhite:ReiMu","Hololive_Drill+1","Bottled Tornado"],"campfire_rested":0,"item_purchase_floors":[4,4,4,4,4,4,4,4,4,10,10,10,10,10,10,13,13,13,13,13,13,13,13,23,23,23,23,23,23,23,23,27,27,27,27,27,27,27,27,40,40,40,40,40,40,40,42,42,42,42,42,42,48,48,48,48,48,48,48,53,53,53,53,53,53,53],"current_hp_per_floor":[38,38,38,38,38,38,38,38,38,38,38,30,35,48,48,48,48,58,58,58,58,68,68,68,68,68,75,75,75,75,75,75,75,75,75,75,75,75,75,75,75,75,75,75,75,75,75,75,75,75,75,75,75,75,75,75],"gold":76057,"neow_bonus":"TEN_PERCENT_HP_BONUS","is_daily":false,"chose_seed":false,"campfire_upgraded":5,"win_rate":0.0,"timestamp":1613228050,"path_taken":["R","M","M","$","?","M","T","?","?","$","?","E","$","E","M","BOSS","R","M","M","?","?","$","T","E","R","$","?","?","R","E","M","BOSS","R","M","M","M","M","$","T","$","E","?","?","?","?","$","M","BOSS","E","$","R","BOSS","BOSS"],"items_purchased_type":["Relic","Relic","Relic","Relic","Relic","Relic","Potion","Potion","Potion","Relic","Relic","Relic","Relic","Relic","Relic","Relic","Relic","Relic","Relic","Relic","Card","Potion","Potion","Relic","Relic","Relic","Relic","Relic","Relic","Potion","Card","Relic","Relic","Relic","Relic","Relic","Relic","Potion","Potion","Relic","Relic","Relic","Relic","Relic","Relic","Card","Relic","Relic","Relic","Relic","Relic","Relic","Relic","Relic","Relic","Relic","Relic","Relic","Card","Relic","Relic","Relic","Relic","Relic","Card","Relic"],"build_version":"2020-12-22","purchased_purges":9,"victory":true,"max_hp_per_floor":[38,38,38,38,38,38,38,38,38,38,38,38,38,48,48,48,48,58,58,58,58,68,68,68,68,68,75,75,75,75,75,75,75,75,75,75,75,75,75,75,75,75,75,75,75,75,75,75,75,75,75,75,75,75,75,75],"relic_stats":{"Torii":0,"StoneCalendar":[0],"Whetstone":[],"Boot":[27],"Blood Vial":0,"Nunchaku":[3],"TheAbacus":[822],"Sundial":[64],"Pantograph":0,"HandDrill":[62],"Kunai":[2],"Chemical X":[1],"InkBottle":[5],"Lee\u0027s Waffle":7,"Happy Flower":[22],"counters":[31,120],"Letter Opener":[40],"Question Card":21,"Mercury Hourglass":[308],"OrangePellets":[8],"Ornamental Fan":[8],"Bronze Scales":[54],"Black Star":2,"obtain_stats":[{"reliquary:PartyBalloon":42,"Vajra":53,"downfall:HeartBlessingGreen":26,"Whetstone":10,"Bottled Tornado":53,"reliquary:QuartzCube":10,"Sling":40,"Boot":48,"Blood Vial":25,"conspire:GlowingRock":4,"downfall:BrokenWingStatue":5,"HornCleat":13,"Sundial":40,"conspire:DecoderRing":27,"Hololive_YagooBigFamily":0,"downfall:RedIOU":29,"HandDrill":13,"Kunai":9,"conspire:Dentures":48,"conspire:TreasureMap":10,"Pear":14,"Happy Flower":27,"reliquary:Sideboard":48,"Oddly Smooth Stone":24,"reliquary:TatteredRug":27,"conspire:Boomerang":43,"Letter Opener":52,"Question Card":12,"reliquary:JackalopeAntler":27,"OrangePellets":4,"reliquary:PorcupineQuills":52,"Bronze Scales":40,"Hololive_TheStar":0,"Molten Egg 2":23,"Black Star":34,"reliquary:WritOfMandamus":17,"Unceasing Top":4,"Meat on the Bone":43,"Pocketwatch":45,"downfall:RedIOUUpgrade":44,"Regal Pillow":23,"reliquary:Boomerang":41,"Torii":42,"reliquary:PrincelyHelmet":13,"StoneCalendar":53,"PrismaticShard":27,"conspire:TopHat":53,"ClockworkSouvenir":40,"reliquary:HotPoker":4,"Nunchaku":4,"TheAbacus":23,"downfall:HeartBlessingBlue":18,"Pantograph":42,"reliquary:NewFriend":42,"reliquary:RoseTintedGlasses":48,"Red Mask":44,"Chemical X":10,"InkBottle":53,"Lee\u0027s Waffle":27,"downfall:HeartBlessingRed":18,"Omamori":42,"Frozen Egg 2":13,"White Beast Statue":23,"reliquary:IridiumChain":48,"Mercury Hourglass":13,"Cauldron":4,"reliquary:ExpiredCoupon":31,"Anchor":40,"PureWhite:ReiMu":53,"Ornamental Fan":10,"Hololive_FriedShrimpLion":23,"reliquary:TuningFork":40,"Bag of Marbles":42,"Membership Card":23,"conspire:DeflatedDodgeball":21,"Toy Ornithopter":10,"RuthlessExorcism:ReiMu":48},{"reliquary:PartyBalloon":23,"Vajra":29,"downfall:HeartBlessingGreen":15,"Whetstone":6,"Bottled Tornado":29,"reliquary:QuartzCube":6,"Sling":23,"Boot":26,"Blood Vial":15,"conspire:GlowingRock":3,"downfall:BrokenWingStatue":3,"HornCleat":8,"Sundial":23,"conspire:DecoderRing":15,"Hololive_YagooBigFamily":0,"downfall:RedIOU":16,"HandDrill":8,"Kunai":4,"conspire:Dentures":26,"conspire:TreasureMap":6,"Pear":9,"Happy Flower":15,"reliquary:Sideboard":26,"Oddly Smooth Stone":14,"reliquary:TatteredRug":15,"conspire:Boomerang":24,"Letter Opener":29,"Question Card":7,"reliquary:JackalopeAntler":15,"OrangePellets":3,"reliquary:PorcupineQuills":29,"Bronze Scales":23,"Hololive_TheStar":0,"Molten Egg 2":14,"Black Star":19,"reliquary:WritOfMandamus":11,"Unceasing Top":3,"Meat on the Bone":24,"Pocketwatch":25,"downfall:RedIOUUpgrade":24,"Regal Pillow":14,"reliquary:Boomerang":23,"Torii":23,"reliquary:PrincelyHelmet":8,"StoneCalendar":29,"PrismaticShard":15,"conspire:TopHat":29,"ClockworkSouvenir":23,"reliquary:HotPoker":3,"Nunchaku":3,"TheAbacus":14,"downfall:HeartBlessingBlue":11,"Pantograph":23,"reliquary:NewFriend":23,"reliquary:RoseTintedGlasses":26,"Red Mask":24,"Chemical X":6,"InkBottle":29,"Lee\u0027s Waffle":15,"downfall:HeartBlessingRed":11,"Omamori":23,"Frozen Egg 2":8,"White Beast Statue":14,"reliquary:IridiumChain":26,"Mercury Hourglass":8,"Cauldron":3,"reliquary:ExpiredCoupon":17,"Anchor":23,"PureWhite:ReiMu":29,"Ornamental Fan":6,"Hololive_FriedShrimpLion":14,"reliquary:TuningFork":23,"Bag of Marbles":23,"Membership Card":14,"conspire:DeflatedDodgeball":13,"Toy Ornithopter":6,"RuthlessExorcism:ReiMu":26},{"reliquary:PartyBalloon":84,"Vajra":107,"downfall:HeartBlessingGreen":54,"Whetstone":21,"Bottled Tornado":107,"reliquary:QuartzCube":21,"Sling":84,"Boot":94,"Blood Vial":54,"conspire:GlowingRock":10,"downfall:BrokenWingStatue":10,"HornCleat":33,"Sundial":84,"conspire:DecoderRing":54,"Hololive_YagooBigFamily":0,"downfall:RedIOU":57,"HandDrill":33,"Kunai":13,"conspire:Dentures":94,"conspire:TreasureMap":21,"Pear":36,"Happy Flower":54,"reliquary:Sideboard":94,"Oddly Smooth Stone":50,"reliquary:TatteredRug":54,"conspire:Boomerang":87,"Letter Opener":107,"Question Card":28,"reliquary:JackalopeAntler":54,"OrangePellets":10,"reliquary:PorcupineQuills":107,"Bronze Scales":84,"Hololive_TheStar":0,"Molten Egg 2":50,"Black Star":71,"reliquary:WritOfMandamus":44,"Unceasing Top":10,"Meat on the Bone":87,"Pocketwatch":91,"downfall:RedIOUUpgrade":87,"Regal Pillow":50,"reliquary:Boomerang":84,"Torii":84,"reliquary:PrincelyHelmet":33,"StoneCalendar":107,"PrismaticShard":54,"conspire:TopHat":107,"ClockworkSouvenir":84,"reliquary:HotPoker":10,"Nunchaku":10,"TheAbacus":50,"downfall:HeartBlessingBlue":44,"Pantograph":84,"reliquary:NewFriend":84,"reliquary:RoseTintedGlasses":94,"Red Mask":87,"Chemical X":21,"InkBottle":107,"Lee\u0027s Waffle":54,"downfall:HeartBlessingRed":44,"Omamori":84,"Frozen Egg 2":33,"White Beast Statue":50,"reliquary:IridiumChain":94,"Mercury Hourglass":33,"Cauldron":10,"reliquary:ExpiredCoupon":63,"Anchor":84,"PureWhite:ReiMu":107,"Ornamental Fan":21,"Hololive_FriedShrimpLion":50,"reliquary:TuningFork":84,"Bag of Marbles":84,"Membership Card":50,"conspire:DeflatedDodgeball":48,"Toy Ornithopter":21,"RuthlessExorcism:ReiMu":94}],"Unceasing Top":[81],"Toy Ornithopter":0,"Meat on the Bone":0,"Pocketwatch":[1]},"card_choices":[{"not_picked":["Hololive_CallHoshimachiSuisei","Hololive_LuckPotion","Hololive_HuntDinosaur","Hololive_RevenueBasedLive"],"picked":"SKIP","floor":2.0},{"not_picked":["Hololive_RevenueBasedLive","Hololive_ILoveYou","Hololive_HuntDinosaur","Hololive_Breathe"],"picked":"SKIP","floor":3.0},{"not_picked":["Hololive_HuntDinosaur","Hololive_Rebound","Hololive_Drill","Hololive_CallShirakamiFubuki"],"picked":"SKIP","floor":4.0},{"not_picked":["Hololive_FlyingPonyTail","Hololive_StrengthChampion","Hololive_CocoNews","Hololive_Psychosis"],"picked":"SKIP","floor":6.0},{"not_picked":["Hololive_CallManoAloe","Hololive_OvertimeWork","Hololive_CallYogiri"],"picked":"Hololive_DDD","floor":10.0},{"not_picked":["Hololive_ManjiGathering","Hololive_Sequa","Hololive_DevilCharm","Hololive_Breathe"],"picked":"SKIP","floor":12.0},{"not_picked":["Hololive_Rebound","Hololive_StrengthChampion","Hololive_OvertimeWork","Hololive_FlyingPonyTail","Hololive_LuckPotion"],"picked":"SKIP","floor":13.0},{"not_picked":["Hololive_BeCareful","Hololive_HuntDinosaur","Hololive_HighAtkLowDef","Hololive_OvertimeWork","Hololive_StrengthChampion"],"picked":"SKIP","floor":14.0},{"not_picked":["Hololive_CallYozoraMel+1","Hololive_CallAmaneKanata+1","Hololive_Drill","Hololive_Trident"],"picked":"Hololive_LuckPotion","floor":15.0},{"not_picked":["Hololive_FlareMind","Hololive_DiamondStrike","Hololive_DDD","Hololive_DurableLive"],"picked":"Hololive_IdolExercise","floor":16.0},{"not_picked":["Hololive_CallAkiRosenthal+1","Hololive_OvertimeWork","Hololive_Drill","Hololive_CocoNews+1"],"picked":"Hololive_CallSpadeEcho+1","floor":19.0},{"not_picked":["Hololive_Watashimo","Hololive_Sequa+1","Hololive_StrengthChampion","Hololive_Psychosis"],"picked":"Hololive_LuckPotion+1","floor":20.0},{"not_picked":["Hololive_CallOzoraSubaru+1","Hololive_CallRoboco+1","Hololive_StrengthChampion","Hololive_ScarfAndHalo","Hololive_RevenueBasedLive+1"],"picked":"SKIP","floor":23.0},{"not_picked":["Hololive_Psychosis+1","Hololive_StrengthChampion+1","Hololive_AWSL","Hololive_HuntDinosaur"],"picked":"Hololive_Recruit","floor":25.0},{"not_picked":["bronze:Philosophize","sneckomod:CheapStock+1","Hololive_CocoNews+1","hexamod:GhostLash+1","Hololive_Trident+1"],"picked":"SKIP","floor":28.0},{"not_picked":["sneckomod:DiceBlock","champ:PerfectedStrike+1","Enchanting:ReiMu","Prepared","maniac:ShelteringEdge+1"],"picked":"SKIP","floor":31.0},{"not_picked":["sneckomod:UnknownDraw","bronze:CutThrough+1","sneckomod:UnknownClassPossessed+1","Shrug It Off+1"],"picked":"Offering","floor":32.0},{"not_picked":["sneckomod:UnknownRareAttack+1","Hololive_MaximGun+1","Shading:ReiMu","hexamod:SearingWound"],"picked":"DependentForm:ReiMu+1","floor":33.0},{"not_picked":["Sucker Punch+1","maniac:Refine+1","sneckomod:WideSting+1","bronze:FineTuning","Hololive_LuckPotion+1"],"picked":"SKIP","floor":36.0},{"not_picked":["champ:Haymaker+1","Slimebound:ItLooksTasty+1","hexamod:BurningTouch","champ:BerserkersShout+1","sneckomod:SerpentIdol"],"picked":"SKIP","floor":37.0},{"not_picked":["bronze:WildBeam+1","hexamod:HeatMetal+1","Enchanting:ReiMu+1","sneckomod:UnknownClassTHE_BRONZE_AUTOMATON","champ:BladeFlurry+1"],"picked":"SKIP","floor":38.0},{"not_picked":["Guardian:SpikerProtocol+1","FineLineFantasy:ReiMu+1","sneckomod:UnknownBlock+1","bronze:Invalidate","champ:PerfectedStrike+1"],"picked":"SKIP","floor":39.0},{"not_picked":["Moonworks:EvilSpyWorkPreparation+1","hexamod:ForkedFlame+1","sneckomod:Nope+1","PathToVictory","Coolheaded"],"picked":"SKIP","floor":43.0},{"not_picked":["Anger+1","Moonworks:MixPhenomenon","Slimebound:SplitMire+1","bronze:DelayedSlice+1","Hololive_CallNakiriAyame+1"],"picked":"SKIP","floor":47.0},{"not_picked":["maniac:PerceiveDanger","hexamod:BacktrackSmack+1","Barrage+1","Hololive_StrengthChampion+1","Power Through+1"],"picked":"SKIP","floor":49.0},{"not_picked":["maniac:Retrospect+1","Slice+1","Hololive_CallMomosuzuNene+1","sneckomod:UnknownCommonSkill","champ:StrikeOfGenius+1"],"picked":"SKIP","floor":52.0}],"player_experience":60888,"relics_obtained":[{"floor":12.0,"key":"Question Card"},{"floor":14.0,"key":"Pear"},{"floor":24.0,"key":"Oddly Smooth Stone"},{"floor":25.0,"key":"Blood Vial"},{"floor":31.0,"key":"reliquary:ExpiredCoupon"},{"floor":41.0,"key":"reliquary:Boomerang"},{"floor":43.0,"key":"conspire:Boomerang"},{"floor":43.0,"key":"Meat on the Bone"},{"floor":45.0,"key":"Pocketwatch"},{"floor":52.0,"key":"Letter Opener"},{"floor":52.0,"key":"reliquary:PorcupineQuills"}],"event_choices":[{"damage_healed":0.0,"max_hp_gain":0.0,"max_hp_loss":0.0,"gold_gain":0.0,"event_name":"conspire:Investor","player_choice":"Leave","floor":11.0,"gold_loss":0.0,"damage_taken":0.0}],"is_beta":false,"boss_relics":[{"not_picked":["Velvet Choker","bronze:MakeshiftBattery"],"picked":"reliquary:WritOfMandamus"},{"not_picked":["Runic Pyramid","SacredBark"],"picked":"Black Star"}],"items_purged_floors":[4,10,10,23,40,42,48,53,53],"is_endless":false,"potions_floor_spawned":[9,12,14,15,20,25,28,31,32,33,36,37,38,39,43,45,47,49,52],"ascension_level":2}}