{"host":"qgrlfjrqk9z96gfi","time":1613238952,"event":{"mods":["BaseMod","Block Reminder","Colored Map","Custom Start","DeckTracker","Minty Spire (QoL Compilation)"],"gold_per_floor":[209,226,13,13,13,45,45,64,112,112,112],"floor_reached":10,"language":"ENG","playtime":290,"items_purged":["Strike_G"],"score":132,"play_id":"c09d12ba-af65-4e6d-ab40-0e5af144fa6e","local_time":"20210213075552","is_ascension_mode":true,"campfire_choices":[{"floor":7,"key":"REST"}],"circlet_count":0,"master_deck":["AscendersBane","Strike_G","Strike_G+1","Strike_G","Strike_G+1","Defend_G","Defend_G","Defend_G","Defend_G","Defend_G","Survivor","Neutralize","Blade Dance","Riddle With Holes","Footwork+1","Dagger Spray","Wraith Form v2"],"relics":["Ring of the Snake","Smiling Mask","Nunchaku"],"acts_visited":["Exordium"],"potions_floor_usage":[10],"damage_taken":[{"damage":1,"enemies":"2 Louse","floor":1,"turns":4},{"damage":1,"enemies":"Jaw Worm","floor":2,"turns":3},{"damage":36,"enemies":"3 Sentries","floor":6,"turns":8},{"damage":1,"enemies":"Small Slimes","floor":8,"turns":3},{"damage":33,"enemies":"Lagavulin","floor":10,"turns":10}],"seed_played":"-7943257714440203559","potions_obtained":[{"floor":2,"key":"FearPotion"}],"is_trial":false,"path_per_floor":["M","M","$","?","?","E","R","M","T","E"],"character_chosen":"THE_SILENT","items_purchased":["Footwork","Dagger Spray"],"campfire_rested":1,"item_purchase_floors":[3,3],"current_hp_per_floor":[58,57,57,57,37,1,20,19,19,0,0],"gold":112,"neow_bonus":"HUNDRED_GOLD","is_daily":false,"chose_seed":false,"campfire_upgraded":0,"win_rate":0.0,"timestamp":1613238952,"path_taken":["M","M","$","?","?","E","R","?","T","E"],"items_purchased_type":["Card","Card"],"build_version":"2020-12-22","purchased_purges":1,"victory":false,"max_hp_per_floor":[66,66,66,66,66,66,66,66,66,66,66],"card_choices":[{"not_picked":["Dagger Spray","Escape Plan"],"picked":"Blade Dance","floor":1},{"not_picked":["PiercingWail","Backflip"],"picked":"Riddle With Holes","floor":2},{"not_picked":["Deadly Poison","Sucker Punch"],"picked":"Wraith Form v2","floor":6},{"not_picked":["Prepared","Dagger Spray","Slice"],"picked":"SKIP","floor":8}],"player_experience":1132969,"relics_obtained":[{"floor":6,"key":"Smiling Mask"},{"floor":9,"key":"Nunchaku"}],"event_choices":[{"damage_healed":0,"gold_gain":0,"player_choice":"Grow","damage_taken":0,"max_hp_gain":0,"max_hp_loss":0,"event_name":"Living Wall","floor":4,"gold_loss":0,"cards_upgraded":["Footwork"]},{"damage_healed":0,"gold_gain":0,"player_choice":"Entered Light","damage_taken":20,"max_hp_gain":0,"max_hp_loss":0,"event_name":"Shining Light","floor":5,"gold_loss":0,"cards_upgraded":["Strike_G","Strike_G"]}],"is_beta":false,"boss_relics":[],"items_purged_floors":[3],"is_endless":false,"potions_floor_spawned":[2],"killed_by":"Lagavulin","ascension_level":20}}