{"host":"7qoz5gmva6til3yp","time":1613236651,"event":{"mods":["2.2 Compatiblity","Astrologer","BaseMod","Minty Spire (QoL Compilation)","StSLib","SuperFastMode"],"gold_per_floor":[112,112,112,135,135,170,95,120,146,146,168,211,235,268,268,268,268],"floor_reached":16,"language":"KOR","playtime":456,"items_purged":["Strike_G"],"score":232,"play_id":"4a3efe64-0dc6-4868-9707-0f6c6d531c98","local_time":"20210214021731","is_ascension_mode":true,"campfire_choices":[{"data":"Skewer","floor":10,"key":"SMITH"},{"floor":15,"key":"REST"}],"circlet_count":0,"master_deck":["AscendersBane","Strike_G+1","Strike_G","Strike_G","Defend_G","Defend_G","Defend_G+1","Defend_G","Defend_G","Survivor","Neutralize","PiercingWail","Skewer+1","Masterful Stab","Dagger Spray","Blur","Malaise"],"relics":["Ring of the Snake","NeowsBlessing","Golden Idol","Toy Ornithopter","CeramicFish","Blue Candle","Happy Flower"],"acts_visited":["Exordium"],"potions_floor_usage":[12,12,16],"damage_taken":[{"damage":0,"enemies":"Jaw Worm","floor":1,"turns":1},{"damage":0,"enemies":"Small Slimes","floor":4,"turns":1},{"damage":0,"enemies":"Lagavulin","floor":6,"turns":1},{"damage":0,"enemies":"2 Louse","floor":8,"turns":4},{"damage":3,"enemies":"Red Slaver","floor":11,"turns":5},{"damage":6,"enemies":"Gremlin Nob","floor":12,"turns":3},{"damage":0,"enemies":"Blue Slaver","floor":13,"turns":4},{"damage":17,"enemies":"3 Sentries","floor":14,"turns":8},{"damage":43,"enemies":"Hexaghost","floor":16,"turns":16}],"seed_played":"-6051204746422977090","potions_obtained":[{"floor":4,"key":"Explosive Potion"},{"floor":6,"key":"CunningPotion"},{"floor":13,"key":"Dexterity Potion"}],"is_trial":false,"path_per_floor":["M","?","?","M","?","E","$","M","T","R","M","E","M","E","R","B"],"character_chosen":"THE_SILENT","items_purchased":[],"campfire_rested":1,"item_purchase_floors":[],"current_hp_per_floor":[63,49,32,32,32,32,32,32,32,32,29,33,33,16,37,0,0],"gold":268,"neow_bonus":"THREE_ENEMY_KILL","is_daily":false,"chose_seed":false,"campfire_upgraded":1,"win_rate":0.0,"timestamp":1613236651,"path_taken":["M","?","?","M","?","E","$","M","T","R","M","E","?","E","R","BOSS"],"items_purchased_type":[],"build_version":"2020-12-22","purchased_purges":1,"victory":false,"max_hp_per_floor":[70,70,70,70,70,70,70,70,70,70,70,70,70,70,70,70,70],"card_choices":[{"not_picked":["Prepared","Bane"],"picked":"PiercingWail","floor":1},{"not_picked":["Distraction","Infinite Blades","PiercingWail"],"picked":"SKIP","floor":4},{"not_picked":["Outmaneuver","Footwork"],"picked":"Skewer","floor":6},{"not_picked":["Prepared","Dagger Throw"],"picked":"Masterful Stab","floor":8},{"not_picked":["Flechettes","Endless Agony"],"picked":"Dagger Spray","floor":11},{"not_picked":["Cloak And Dagger","Infinite Blades"],"picked":"Blur","floor":12},{"not_picked":["Deflect","Flying Knee"],"picked":"Malaise","floor":13},{"not_picked":["Underhanded Strike","Riddle With Holes","Reflex"],"picked":"SKIP","floor":14}],"player_experience":497788,"relics_obtained":[{"floor":6,"key":"Toy Ornithopter"},{"floor":9,"key":"CeramicFish"},{"floor":12,"key":"Blue Candle"},{"floor":14,"key":"Happy Flower"}],"event_choices":[{"damage_healed":0,"gold_gain":0,"player_choice":"Entered Light","damage_taken":14,"max_hp_gain":0,"max_hp_loss":0,"event_name":"Shining Light","floor":2,"gold_loss":0,"cards_upgraded":["Defend_G","Strike_G"]},{"damage_healed":0,"gold_gain":0,"player_choice":"Take Damage","damage_taken":17,"relics_obtained":["Golden Idol"],"max_hp_gain":0,"max_hp_loss":0,"event_name":"Golden Idol","floor":3,"gold_loss":0},{"cards_removed":["Strike_G"],"damage_healed":0,"gold_gain":0,"player_choice":"Purged","damage_taken":0,"max_hp_gain":0,"max_hp_loss":0,"event_name":"Purifier","floor":5,"gold_loss":0}],"is_beta":false,"boss_relics":[],"items_purged_floors":[7],"is_endless":false,"potions_floor_spawned":[4,6,13],"killed_by":"Hexaghost","ascension_level":12}}