{"host":"vyjryxuuuxkt43k4","time":1613217526,"event":{"mods":["AchievementEnabler","BaseMod","Colored Map","DeckTracker","Keyboard Shortcuts","Minty Spire (QoL Compilation)","Permanent Neow","Quick Restart","Rare Cards Sparkle","StSLib","SuperFastMode","everything is the same but u backflip on backflip"],"gold_per_floor":[114,134,209,209,227,227,67,67,117,135,150,167,167,193,193,267,267,279,147,147,70,86,86,96,96,175,15,15,65,85,10,10,84,84,95,17,32,32,32],"floor_reached":38,"language":"KOR","playtime":1551,"items_purged":["Pain"],"score":898,"play_id":"6c1b3cb3-a683-41b5-9866-d4de71c1a7b1","local_time":"20210213205846","is_ascension_mode":true,"campfire_choices":[{"data":"Neutralize","floor":6.0,"key":"SMITH"},{"data":"Adrenaline","floor":8.0,"key":"SMITH"},{"data":"Prepared","floor":13.0,"key":"SMITH"},{"data":"Well Laid Plans","floor":15.0,"key":"SMITH"},{"data":"Metamorphosis","floor":23.0,"key":"SMITH"},{"floor":25.0,"key":"REST"},{"data":"Venomology","floor":28.0,"key":"SMITH"},{"floor":32.0,"key":"REST"}],"circlet_count":0,"master_deck":["AscendersBane","Strike_G","Strike_G","Strike_G","Strike_G","Defend_G","Defend_G","Defend_G","Defend_G","Defend_G","Survivor","Neutralize+1","Metamorphosis+1","Well Laid Plans+1","Acrobatics","Adrenaline+1","Prepared+1","PiercingWail","Calculated Gamble","Corpse Explosion","Dodge and Roll+1","Predator","Backflip","Footwork","Footwork","Crippling Poison","Venomology+1","Deadly Poison+1","Acrobatics","Grand Finale","Concentrate"],"relics":["Ring of the Snake","WarpedTongs","Lee\u0027s Waffle","Blood Vial","Bottled Tornado","HoveringKite","Question Card","Orrery","Busted Crown"],"acts_visited":["Exordium","TheCity","TheBeyond"],"potions_floor_usage":[33,33,33,35,35,38,38],"damage_taken":[{"damage":5.0,"enemies":"Small Slimes","floor":1.0,"turns":5.0},{"damage":0.0,"enemies":"Cultist","floor":2.0,"turns":4.0},{"damage":3.0,"enemies":"2 Louse","floor":5.0,"turns":3.0},{"damage":7.0,"enemies":"Large Slime","floor":10.0,"turns":4.0},{"damage":1.0,"enemies":"3 Louse","floor":11.0,"turns":3.0},{"damage":12.0,"enemies":"2 Fungi Beasts","floor":12.0,"turns":4.0},{"damage":3.0,"enemies":"Gremlin Nob","floor":14.0,"turns":2.0},{"damage":4.0,"enemies":"Slime Boss","floor":16.0,"turns":3.0},{"damage":19.0,"enemies":"Shell Parasite","floor":18.0,"turns":5.0},{"damage":18.0,"enemies":"Chosen","floor":22.0,"turns":5.0},{"damage":27.0,"enemies":"Sentry and Sphere","floor":24.0,"turns":5.0},{"damage":0.0,"enemies":"Centurion and Healer","floor":30.0,"turns":6.0},{"damage":13,"enemies":"Automaton","floor":33,"turns":9},{"damage":8,"enemies":"Orb Walker","floor":35,"turns":4},{"damage":26,"enemies":"3 Darklings","floor":37,"turns":3},{"damage":47,"enemies":"Jaw Worm Horde","floor":38,"turns":3}],"seed_played":"-7072400223620231697","potions_obtained":[{"floor":2.0,"key":"BlessingOfTheForge"},{"floor":5.0,"key":"Strength Potion"},{"floor":14.0,"key":"SkillPotion"},{"floor":18.0,"key":"SkillPotion"},{"floor":20.0,"key":"PowerPotion"},{"floor":20.0,"key":"DuplicationPotion"},{"floor":33,"key":"DistilledChaos"}],"is_trial":false,"path_per_floor":["M","M","?","?","M","R","$","R","T","M","M","M","R","E","R","B",null,"M","$","?","$","M","R","M","R","T","$","R","?","M","?","R","B",null,"M","$","M","M"],"character_chosen":"THE_SILENT","items_purchased":["Lee\u0027s Waffle","SteroidPotion","Predator","Orrery","Concentrate"],"campfire_rested":2,"item_purchase_floors":[7,19,21,27,36],"current_hp_per_floor":[54,54,43,43,40,40,67,67,67,60,61,51,51,50,50,48,62,45,45,45,45,29,29,4,24,24,24,24,24,26,26,46,35,59,53,53,29,0,0],"gold":32,"neow_bonus":"RANDOM_COLORLESS_2","is_daily":false,"chose_seed":false,"campfire_upgraded":6,"win_rate":0.0,"timestamp":1613217526,"path_taken":["M","M","?","?","M","R","$","R","T","M","M","M","R","E","R","BOSS","M","$","?","$","?","R","M","R","T","?","R","?","M","?","R","BOSS","M","$","M","M"],"items_purchased_type":["Relic","Potion","Card","Relic","Card"],"build_version":"2020-12-22","purchased_purges":1,"victory":false,"max_hp_per_floor":[60,60,60,60,60,60,67,67,67,67,67,67,67,67,67,67,67,67,67,67,67,67,67,67,67,67,67,67,67,67,67,67,67,67,67,67,67,67,67],"card_choices":[{"not_picked":["Chrysalis","Master of Strategy"],"picked":"Metamorphosis","floor":0.0},{"not_picked":["Slice","Acrobatics"],"picked":"Well Laid Plans","floor":1.0},{"not_picked":["Prepared","Cloak And Dagger"],"picked":"Acrobatics","floor":2.0},{"not_picked":["Dagger Throw","Dagger Spray"],"picked":"Adrenaline","floor":5.0},{"not_picked":["Flying Knee","Outmaneuver"],"picked":"Prepared","floor":10.0},{"not_picked":["Cloak And Dagger","Sucker Punch","Poisoned Stab"],"picked":"SKIP","floor":11.0},{"not_picked":["Underhanded Strike","Noxious Fumes"],"picked":"PiercingWail","floor":12.0},{"not_picked":["Distraction","Bouncing Flask"],"picked":"Calculated Gamble","floor":14.0},{"not_picked":["Phantasmal Killer","Storm of Steel"],"picked":"Corpse Explosion","floor":16.0},{"not_picked":["Backstab","Well Laid Plans"],"picked":"Dodge and Roll+1","floor":18.0},{"not_picked":["Bouncing Flask","Caltrops","Finisher+1"],"picked":"SKIP","floor":22.0},{"not_picked":["Acrobatics","Bane"],"picked":"Backflip","floor":24.0},{"not_picked":["Setup","Backflip","Quick Slash"],"picked":"Footwork","floor":27.0},{"not_picked":["Well Laid Plans","Slice","Outmaneuver"],"picked":"Footwork","floor":27.0},{"not_picked":["Endless Agony","Blur","Tools of the Trade"],"picked":"Crippling Poison","floor":27.0},{"not_picked":["Acrobatics","Leg Sweep","Deflect"],"picked":"Venomology","floor":27.0},{"not_picked":["Terror","Blade Dance","Sucker Punch"],"picked":"Deadly Poison+1","floor":27.0},{"not_picked":["Outmaneuver","Distraction","Prepared"],"picked":"Acrobatics","floor":30.0},{"not_picked":["Night Terror","Burst","Wraith Form v2"],"picked":"Grand Finale","floor":33},{"not_picked":["Noxious Fumes","Sucker Punch"],"picked":"SKIP","floor":35},{"not_picked":["Blade Dance","Heel Hook"],"picked":"SKIP","floor":37}],"player_experience":978458,"relics_obtained":[{"floor":9.0,"key":"Blood Vial"},{"floor":14.0,"key":"Bottled Tornado"},{"floor":26.0,"key":"Question Card"}],"event_choices":[{"damage_healed":0.0,"max_hp_gain":0.0,"max_hp_loss":0.0,"gold_gain":75.0,"event_name":"World of Goop","player_choice":"Gather Gold","floor":3.0,"gold_loss":0.0,"damage_taken":11.0},{"damage_healed":0.0,"max_hp_gain":0.0,"max_hp_loss":0.0,"gold_gain":0.0,"event_name":"Accursed Blacksmith","player_choice":"Rummage","floor":4.0,"gold_loss":0.0,"damage_taken":0.0,"relics_obtained":["WarpedTongs"],"cards_obtained":["Pain"]},{"damage_healed":0.0,"max_hp_gain":0.0,"max_hp_loss":0.0,"gold_gain":0.0,"event_name":"Lab","player_choice":"Got Potions","floor":20.0,"gold_loss":0.0,"damage_taken":0.0},{"damage_healed":0.0,"max_hp_gain":0.0,"max_hp_loss":0.0,"gold_gain":50.0,"event_name":"Nest","player_choice":"Stole From Cult","floor":29.0,"gold_loss":0.0,"damage_taken":0.0},{"cards_removed":["Strike_G"],"damage_healed":0.0,"max_hp_gain":0.0,"max_hp_loss":0.0,"gold_gain":0.0,"event_name":"Beggar","player_choice":"Gave Gold","floor":31.0,"gold_loss":75.0,"damage_taken":0.0}],"is_beta":false,"boss_relics":[{"not_picked":["Philosopher\u0027s Stone","Cursed Key"],"picked":"HoveringKite"},{"not_picked":["Velvet Choker","Empty Cage"],"picked":"Busted Crown"}],"items_purged_floors":[19],"is_endless":false,"potions_floor_spawned":[2,5,14,18,33],"killed_by":"Jaw Worm Horde","ascension_level":20}}