{"host":"hszimsrtxxc2k25w","time":1613241133,"event":{"mods":["AchievementEnabler","BaseMod","Colored Map","DeckTracker","Minty Spire (QoL Compilation)","Rare Cards Sparkle","SuperFastMode"],"gold_per_floor":[116,134,149,5,17,17,45,45,69,99,122,140,160,178,178,276,276,288,188,203,203,78,78,97,115,169,269,282,292,337,357,357,453,453,463,463,463,480,500,527,270,270,339,339,368,208,208,58,58,58,58,58,58,91,91,91],"floor_reached":55,"language":"KOR","playtime":1387,"items_purged":["Strike_P","Strike_P","Defend_P","SignatureMove","Defend_P","Defend_P"],"score":1342,"play_id":"428fb730-5d84-4111-84bf-1bab52fdbca3","local_time":"20210214033213","is_ascension_mode":true,"campfire_choices":[{"data":"Eruption","floor":6.0,"key":"SMITH"},{"data":"Adaptation","floor":8.0,"key":"SMITH"},{"floor":15.0,"key":"REST"},{"data":"ConjureBlade","floor":23.0,"key":"SMITH"},{"data":"Adaptation","floor":32.0,"key":"SMITH"},{"floor":42.0,"key":"RECALL"}],"circlet_count":0,"master_deck":["AscendersBane","Defend_P","Eruption+1","Vigilance","CrushJoints","MentalFortress","Adaptation+1","DeusExMachina","EmptyMind","ConjureBlade+1","Adaptation+1","Vault","TalkToTheHand","MentalFortress"],"relics":["PureWater","NeowsBlessing","Strawberry","Whetstone","Anchor","Blood Vial","Coffee Dripper","Pen Nib","Damaru","Fusion Hammer","Omamori","Membership Card","Incense Burner","Potion Belt","MealTicket","Art of War"],"acts_visited":["Exordium","TheCity","TheBeyond","TheEnding"],"potions_floor_usage":[55],"damage_taken":[{"damage":0.0,"enemies":"Cultist","floor":1.0,"turns":1.0},{"damage":0.0,"enemies":"2 Louse","floor":2.0,"turns":1.0},{"damage":0.0,"enemies":"Jaw Worm","floor":3.0,"turns":1.0},{"damage":14.0,"enemies":"3 Louse","floor":5.0,"turns":2.0},{"damage":37.0,"enemies":"3 Sentries","floor":7.0,"turns":6.0},{"damage":0.0,"enemies":"Gremlin Nob","floor":10.0,"turns":2.0},{"damage":11.0,"enemies":"Exordium Wildlife","floor":12.0,"turns":3.0},{"damage":3.0,"enemies":"Blue Slaver","floor":13.0,"turns":2.0},{"damage":0.0,"enemies":"3 Louse","floor":14.0,"turns":3.0},{"damage":0.0,"enemies":"Slime Boss","floor":16.0,"turns":5.0},{"damage":0.0,"enemies":"Shell Parasite","floor":18.0,"turns":3.0},{"damage":2.0,"enemies":"3 Byrds","floor":20.0,"turns":4.0},{"damage":0.0,"enemies":"Snecko","floor":24.0,"turns":2.0},{"damage":0.0,"enemies":"3 Cultists","floor":25.0,"turns":4.0},{"damage":13.0,"enemies":"Sentry and Sphere","floor":28.0,"turns":5.0},{"damage":0.0,"enemies":"Snake Plant","floor":29.0,"turns":1.0},{"damage":1.0,"enemies":"Chosen and Byrds","floor":31.0,"turns":4.0},{"damage":0.0,"enemies":"Champ","floor":33.0,"turns":6.0},{"damage":0.0,"enemies":"3 Shapes","floor":35.0,"turns":3.0},{"damage":0.0,"enemies":"Orb Walker","floor":38.0,"turns":2.0},{"damage":17.0,"enemies":"Writhing Mass","floor":39.0,"turns":6.0},{"damage":8.0,"enemies":"Giant Head","floor":40.0,"turns":6.0},{"damage":41.0,"enemies":"Nemesis","floor":45.0,"turns":4.0},{"damage":12.0,"enemies":"Awakened One","floor":50.0,"turns":5.0},{"damage":0.0,"enemies":"Shield and Spear","floor":54.0,"turns":4.0},{"damage":76,"enemies":"The Heart","floor":55,"turns":4}],"seed_played":"2426607446599203242","potions_obtained":[{"floor":5.0,"key":"PowerPotion"},{"floor":10.0,"key":"LiquidBronze"},{"floor":13.0,"key":"EntropicBrew"},{"floor":20.0,"key":"Energy Potion"},{"floor":33.0,"key":"ColorlessPotion"},{"floor":39.0,"key":"CultistPotion"},{"floor":45.0,"key":"Dexterity Potion"},{"floor":54.0,"key":"Swift Potion"}],"is_trial":false,"path_per_floor":["M","M","M","$","M","R","E","R","T","E","T","M","M","M","R","B",null,"M","$","M","?","$","R","M","M","T","?","M","M","T","M","R","B",null,"M","?","?","M","M","E","$","R","T","T","E","$","?","$","R","B",null,"R","$","E","B"],"character_chosen":"WATCHER","items_purchased":["Adaptation","Membership Card","MentalFortress","MealTicket","Block Potion","BlessingOfTheForge"],"campfire_rested":1,"item_purchase_floors":[4,41,41,46,48,48],"current_hp_per_floor":[65,65,65,65,51,51,21,21,21,21,21,12,11,13,36,38,69,71,71,71,71,71,71,73,75,75,75,64,66,66,67,67,69,77,79,79,79,79,62,56,56,56,56,56,17,17,17,32,32,22,62,62,75,75,0,0],"gold":91,"neow_bonus":"THREE_ENEMY_KILL","is_daily":false,"chose_seed":false,"campfire_upgraded":4,"win_rate":0.0,"timestamp":1613241133,"path_taken":["M","?","M","$","M","R","E","R","T","E","?","M","M","M","R","BOSS","M","$","M","?","$","R","M","M","T","?","M","?","?","M","R","BOSS","M","?","?","M","M","E","$","R","T","?","E","$","?","?","R","BOSS","R","$","E","BOSS"],"items_purchased_type":["Card","Relic","Card","Relic","Potion","Potion"],"build_version":"2020-12-22","purchased_purges":6,"victory":false,"max_hp_per_floor":[72,72,72,72,72,72,79,79,79,79,79,79,79,79,79,79,79,79,79,79,79,79,79,79,79,79,79,79,79,79,79,79,79,79,79,79,79,79,79,79,79,79,79,79,79,79,75,75,75,75,75,75,75,75,75,75],"card_choices":[{"not_picked":["SashWhip","Halt"],"picked":"CrushJoints","floor":1.0},{"not_picked":["Halt","Establishment"],"picked":"SignatureMove","floor":2.0},{"not_picked":["SashWhip","CrushJoints"],"picked":"MentalFortress","floor":3.0},{"not_picked":["FollowUp","SashWhip","SignatureMove"],"picked":"SKIP","floor":5.0},{"not_picked":["Blasphemy","PathToVictory","EmptyFist"],"picked":"SKIP","floor":7.0},{"not_picked":["ClearTheMind","SandsOfTime"],"picked":"DeusExMachina","floor":10.0},{"not_picked":["WaveOfTheHand","ForeignInfluence","Wallop"],"picked":"SKIP","floor":12.0},{"not_picked":["Consecrate","Collect","Wireheading"],"picked":"SKIP","floor":13.0},{"not_picked":["FollowUp","EmptyBody"],"picked":"EmptyMind","floor":14.0},{"not_picked":["Devotion","DevaForm"],"picked":"ConjureBlade","floor":16.0},{"not_picked":["CarveReality","ClearTheMind","EmptyBody+1"],"picked":"SKIP","floor":18.0},{"not_picked":["ReachHeaven","EmptyBody","FollowUp"],"picked":"SKIP","floor":20.0},{"not_picked":["Vengeance+1","Collect","Crescendo"],"picked":"SKIP","floor":24.0},{"not_picked":["Study","Fasting2","Prostrate"],"picked":"SKIP","floor":25.0},{"not_picked":["Vengeance","Evaluate+1","DeceiveReality"],"picked":"SKIP","floor":28.0},{"not_picked":["CutThroughFate","JustLucky+1","Wallop"],"picked":"SKIP","floor":29.0},{"not_picked":["Prostrate","JustLucky"],"picked":"Adaptation","floor":31.0},{"not_picked":["Establishment","SpiritShield"],"picked":"Vault","floor":33.0},{"not_picked":["Collect","EmptyBody","CutThroughFate"],"picked":"SKIP","floor":35.0},{"not_picked":["Protect+1","Evaluate"],"picked":"TalkToTheHand","floor":38.0},{"not_picked":["Consecrate+1","ThirdEye","JustLucky"],"picked":"SKIP","floor":39.0},{"not_picked":["Collect","MentalFortress","WaveOfTheHand"],"picked":"SKIP","floor":40.0},{"not_picked":["PathToVictory+1","FlyingSleeves","EmptyMind"],"picked":"SKIP","floor":45.0},{"not_picked":["Weave+1","CarveReality","Indignation"],"picked":"SKIP","floor":54.0}],"player_experience":680533,"relics_obtained":[{"floor":7.0,"key":"Strawberry"},{"floor":9.0,"key":"Whetstone"},{"floor":10.0,"key":"Anchor"},{"floor":11.0,"key":"Blood Vial"},{"floor":26.0,"key":"Pen Nib"},{"floor":30.0,"key":"Damaru"},{"floor":40.0,"key":"Omamori"},{"floor":44.0,"key":"Incense Burner"},{"floor":45.0,"key":"Potion Belt"},{"floor":54.0,"key":"Art of War"}],"event_choices":[{"cards_removed":["Strike_P"],"damage_healed":0.0,"max_hp_gain":0.0,"max_hp_loss":0.0,"gold_gain":0.0,"event_name":"Back to Basics","player_choice":"Elegance","floor":21.0,"gold_loss":0.0,"damage_taken":0.0},{"damage_healed":0.0,"max_hp_gain":0.0,"max_hp_loss":0.0,"gold_gain":100.0,"event_name":"Golden Shrine","player_choice":"Pray","floor":27.0,"gold_loss":0.0,"damage_taken":0.0},{"cards_removed":["Strike_P"],"damage_healed":0.0,"max_hp_gain":0.0,"max_hp_loss":0.0,"gold_gain":0.0,"event_name":"Falling","player_choice":"Removed Attack","floor":36.0,"gold_loss":0.0,"damage_taken":0.0},{"damage_healed":0.0,"max_hp_gain":0.0,"max_hp_loss":0.0,"gold_gain":0.0,"event_name":"Tomb of Lord Red Mask","player_choice":"Ignored","floor":37.0,"gold_loss":0.0,"damage_taken":0.0},{"damage_healed":0.0,"max_hp_gain":0.0,"max_hp_loss":4.0,"gold_gain":0.0,"event_name":"Winding Halls","player_choice":"Max HP","floor":47.0,"gold_loss":0.0,"damage_taken":0.0}],"is_beta":false,"boss_relics":[{"not_picked":["SacredBark","Pandora\u0027s Box"],"picked":"Coffee Dripper"},{"not_picked":["Philosopher\u0027s Stone","Velvet Choker"],"picked":"Fusion Hammer"}],"items_purged_floors":[4,19,22,41,46,48],"is_endless":false,"potions_floor_spawned":[5,10,12,13,20,25,33,39,40,45,54],"killed_by":"The Heart","ascension_level":12}}