{"host":"f9ztaq6figs4snwj","time":1613237472,"event":{"mods":["BaseMod","Bestiary","Colored Map","Colored Powertips","Curses Come First","DeckTracker","Minty Spire (QoL Compilation)","Quick Restart","StSLib"],"gold_per_floor":[111,111,386,402,416,416,428,428,428,441,441,541,541,559,559,659,659,669,744,354,364,47,73,89,89,112,112,127,127,127],"floor_reached":29,"language":"ENG","playtime":1736,"items_purged":["Regret","Redo"],"score":294,"play_id":"ad1725c1-bc8f-40c4-90ce-b88c4052045a","local_time":"20210213183112","is_ascension_mode":true,"campfire_choices":[{"data":"White Noise","floor":6,"key":"SMITH"},{"data":"Zap","floor":8,"key":"SMITH"},{"data":"Conserve Battery","floor":11,"key":"SMITH"},{"data":"Dualcast","floor":13,"key":"SMITH"},{"data":"FTL","floor":15,"key":"SMITH"},{"floor":25,"key":"REST"},{"data":"White Noise","floor":27,"key":"SMITH"}],"circlet_count":0,"master_deck":["Zap+1","Dualcast+1","Conserve Battery+1","White Noise+1","Beam Cell","FTL+1","Hyperbeam","Reboot","Blizzard","Melter","Chill","Sunder","Lockon","Barrage","Hyperbeam","White Noise+1","FTL","Panache","Steam+1"],"relics":["Cracked Core","Pocketwatch","Torii","Pandora\u0027s Box","Sundial","Turnip","Smiling Mask"],"acts_visited":["Exordium","TheCity"],"potions_floor_usage":[16,28,29,29],"damage_taken":[{"damage":1,"enemies":"Cultist","floor":1,"turns":3},{"damage":6,"enemies":"2 Louse","floor":4,"turns":4},{"damage":0,"enemies":"Jaw Worm","floor":5,"turns":3},{"damage":11,"enemies":"Exordium Thugs","floor":7,"turns":4},{"damage":0,"enemies":"2 Fungi Beasts","floor":10,"turns":4},{"damage":1,"enemies":"Looter","floor":14,"turns":2},{"damage":26,"enemies":"Slime Boss","floor":16,"turns":9},{"damage":10,"enemies":"Shell Parasite","floor":18,"turns":3},{"damage":6,"enemies":"Spheric Guardian","floor":21,"turns":3},{"damage":22,"enemies":"Slavers","floor":23,"turns":2},{"damage":12,"enemies":"Cultist and Chosen","floor":24,"turns":3},{"damage":25,"enemies":"Snecko","floor":28,"turns":4},{"damage":2,"enemies":"Book of Stabbing","floor":29,"turns":2}],"seed_played":"107439023693325576","potions_obtained":[{"floor":5,"key":"GamblersBrew"},{"floor":10,"key":"SpeedPotion"},{"floor":14,"key":"SteroidPotion"},{"floor":16,"key":"Dexterity Potion"},{"floor":23,"key":"DuplicationPotion"},{"floor":28,"key":"DuplicationPotion"}],"is_trial":false,"path_per_floor":["M","?","?","M","M","R","M","R","T","M","R","?","R","M","R","B",null,"M","?","$","M","$","E","M","R","T","R","M","E"],"character_chosen":"DEFECT","items_purchased":["Hyperbeam","Sundial","FTL","Panache"],"campfire_rested":1,"item_purchase_floors":[20,20,22,22],"current_hp_per_floor":[74,67,67,61,61,61,50,50,50,50,50,50,50,49,49,23,62,52,45,45,39,39,17,5,27,27,27,2,0,0],"gold":127,"neow_bonus":"ONE_RARE_RELIC","is_daily":false,"chose_seed":false,"campfire_upgraded":6,"win_rate":0.0,"timestamp":1613237472,"path_taken":["M","?","?","?","M","R","M","R","T","M","R","?","R","M","R","BOSS","M","?","$","M","$","E","M","R","T","R","M","E"],"items_purchased_type":["Card","Relic","Card","Card"],"build_version":"2020-12-22","purchased_purges":2,"victory":false,"max_hp_per_floor":[75,75,75,75,75,75,75,75,75,75,75,75,75,75,75,75,75,75,75,75,75,75,75,75,75,75,75,75,75,75],"card_choices":[{"not_picked":["Beam Cell","Turbo"],"picked":"Conserve Battery","floor":1},{"not_picked":["Gash","Defragment"],"picked":"White Noise","floor":4},{"not_picked":["Steam","Skim","Redo"],"picked":"SKIP","floor":5},{"not_picked":["Auto Shields","Consume","Coolheaded"],"picked":"SKIP","floor":7},{"not_picked":["Turbo","Sweeping Beam"],"picked":"Beam Cell","floor":10},{"not_picked":["Chaos","Go for the Eyes"],"picked":"FTL","floor":14},{"not_picked":["Rainbow","Echo Form"],"picked":"Hyperbeam","floor":16},{"not_picked":["Rip and Tear","Barrage","Streamline+1"],"picked":"SKIP","floor":18},{"not_picked":["Doom and Gloom","Chill"],"picked":"White Noise","floor":21},{"not_picked":["Sweeping Beam","Steam Power","Rebound"],"picked":"SKIP","floor":23},{"not_picked":["Hologram","Skim"],"picked":"Steam+1","floor":24},{"not_picked":["Coolheaded","Reprogram+1","Streamline"],"picked":"SKIP","floor":28}],"player_experience":408031,"relics_obtained":[{"floor":9,"key":"Torii"},{"floor":23,"key":"Turnip"},{"floor":26,"key":"Smiling Mask"}],"event_choices":[{"cards_removed":["Doubt"],"damage_healed":0,"gold_gain":0,"player_choice":"Card Removal","damage_taken":7,"max_hp_gain":0,"max_hp_loss":0,"event_name":"Golden Wing","floor":2,"gold_loss":0},{"damage_healed":0,"gold_gain":275,"player_choice":"Desecrate","damage_taken":0,"max_hp_gain":0,"max_hp_loss":0,"event_name":"Golden Shrine","floor":3,"gold_loss":0,"cards_obtained":["Regret"]},{"damage_healed":0,"gold_gain":100,"player_choice":"Gold","damage_taken":0,"max_hp_gain":0,"max_hp_loss":0,"event_name":"Wheel of Change","floor":12,"gold_loss":0},{"damage_healed":0,"gold_gain":75,"player_choice":"Touch","damage_taken":7,"max_hp_gain":0,"max_hp_loss":0,"event_name":"FaceTrader","floor":19,"gold_loss":0}],"is_beta":false,"boss_relics":[{"not_picked":["Calling Bell","Runic Pyramid"],"picked":"Pandora\u0027s Box"}],"items_purged_floors":[20,22],"is_endless":false,"potions_floor_spawned":[5,10,14,16,23,28],"killed_by":"Book of Stabbing","ascension_level":5}}