{"host":"c97twqu0op5dg8i4","time":1613178040,"event":{"mods":["AchievementEnabler","BaseMod","Colored Map","Minty Spire (QoL Compilation)","Permanent Neow"],"gold_per_floor":[109,126,143,143,143,143,167,167,215,215,239,239,262,276,276,276,401,401,422,437,536,461,155,194,194,233,233,233,233,233,233,65,80,26,26,155,155,170,1169,1169,1188,720,720,758,773,773,798,798,818,818,516,529,529,529,529,529],"floor_reached":55,"language":"ENG","playtime":1358,"items_purged":["Strike_B","Normality","Defend_B"],"score":945,"play_id":"9d34fe99-81c8-4d61-a878-810fdcb389c3","local_time":"20210212200040","is_ascension_mode":true,"campfire_choices":[{"data":"Defragment","floor":6,"key":"SMITH"},{"data":"Electrodynamics","floor":10,"key":"SMITH"},{"data":"Self Repair","floor":12,"key":"SMITH"},{"floor":15,"key":"REST"},{"data":"Zap","floor":16,"key":"SMITH"},{"floor":25,"key":"REST"},{"data":"Fission","floor":29,"key":"SMITH"},{"data":"Redo","floor":35,"key":"SMITH"},{"data":"Defragment","floor":43,"key":"SMITH"},{"floor":54,"key":"RECALL"}],"circlet_count":0,"master_deck":["AscendersBane","Defend_B","Defend_B","Defend_B","Zap+1","Dualcast","Electrodynamics+1","Defragment+1","Ball Lightning","Self Repair+1","Coolheaded+1","Core Surge","Ball Lightning+1","Conserve Battery","Tempest+1","Fission+1","Self Repair","Redo+1","Turbo","Leap","Electrodynamics","Glacier","Hologram","Defragment+1","Leap","Conserve Battery+1","Coolheaded","Leap","Creative AI"],"relics":["Cracked Core","Golden Idol","Tiny Chest","Inserter","Symbiotic Virus","Pen Nib","Eternal Feather","Matryoshka","Art of War","Happy Flower","Oddly Smooth Stone","Strawberry","FossilizedHelix","Black Star","HornCleat","Membership Card","PreservedInsect","Lantern","Omamori","War Paint","Bronze Scales","Emotion Chip","Chemical X","InkBottle"],"acts_visited":["Exordium","TheCity","TheBeyond"],"potions_floor_usage":[24,36,36,45,55],"damage_taken":[{"damage":0,"enemies":"2 Louse","floor":1,"turns":2},{"damage":2,"enemies":"Jaw Worm","floor":2,"turns":3},{"damage":8,"enemies":"Small Slimes","floor":3,"turns":2},{"damage":0,"enemies":"Exordium Thugs","floor":7,"turns":2},{"damage":5,"enemies":"3 Louse","floor":11,"turns":3},{"damage":12,"enemies":"Large Slime","floor":13,"turns":3},{"damage":11,"enemies":"Blue Slaver","floor":14,"turns":3},{"damage":18,"enemies":"The Guardian","floor":17,"turns":11},{"damage":34,"enemies":"2 Thieves","floor":19,"turns":3},{"damage":18,"enemies":"3 Byrds","floor":20,"turns":2},{"damage":34,"enemies":"Slavers","floor":24,"turns":3},{"damage":13,"enemies":"Book of Stabbing","floor":26,"turns":2},{"damage":12,"enemies":"3 Cultists","floor":33,"turns":3},{"damage":78,"enemies":"Automaton","floor":36,"turns":8},{"damage":11,"enemies":"3 Darklings","floor":38,"turns":4},{"damage":0,"enemies":"Orb Walker","floor":41,"turns":3},{"damage":0,"enemies":"Reptomancer","floor":44,"turns":4},{"damage":30,"enemies":"Writhing Mass","floor":45,"turns":5},{"damage":27,"enemies":"Transient","floor":49,"turns":5},{"damage":14,"enemies":"Maw","floor":52,"turns":6},{"damage":76,"enemies":"Donu and Deca","floor":55,"turns":6}],"seed_played":"-4971656231221711684","potions_obtained":[{"floor":1,"key":"Ancient Potion"},{"floor":3,"key":"PotionOfCapacity"},{"floor":20,"key":"Regen Potion"},{"floor":33,"key":"Explosive Potion"},{"floor":41,"key":"SkillPotion"},{"floor":45,"key":"FocusPotion"},{"floor":52,"key":"Ancient Potion"}],"is_trial":false,"path_per_floor":["M","M","M","?","?","R","M","$","T","R","M","R","M","M","R","R","B",null,"M","M","?","?","$","E","R","E","T","T","R","?","T","$","M","$","R","B",null,"M","?","T","M","$","R","E","M","?","T","T","M","?","$","M","T","R","B"],"character_chosen":"DEFECT","items_purchased":["Symbiotic Virus","Conserve Battery","Self Repair","Redo","Leap","Membership Card","Defragment","PreservedInsect","Leap","Conserve Battery","Lantern","Emotion Chip","Chemical X","Leap"],"campfire_rested":2,"item_purchase_floors":[23,23,32,32,34,42,42,42,42,42,42,51,51,51],"current_hp_per_floor":[68,66,58,51,51,51,51,51,51,51,53,53,51,50,69,69,61,67,43,35,35,35,35,20,40,27,27,27,36,36,43,43,48,48,60,39,67,63,63,63,70,70,76,76,63,63,63,63,53,72,72,75,75,76,0,0],"gold":529,"neow_bonus":"TRANSFORM_CARD","is_daily":false,"chose_seed":false,"campfire_upgraded":7,"win_rate":0.0,"timestamp":1613178040,"path_taken":["M","M","M","?","?","R","M","$","T","R","M","R","M","M","R","R","BOSS","M","M","?","?","$","E","R","E","T","T","R","?","?","$","?","?","R","BOSS","M","?","?","M","$","R","E","M","?","T","T","?","?","$","M","?","R","BOSS"],"items_purchased_type":["Relic","Card","Card","Card","Card","Relic","Card","Relic","Card","Card","Relic","Relic","Relic","Card"],"build_version":"2020-12-22","purchased_purges":3,"victory":false,"max_hp_per_floor":[75,75,75,75,69,69,69,69,69,69,69,69,69,69,69,69,69,69,69,69,69,69,69,69,69,69,69,69,69,69,76,76,76,76,76,76,76,76,76,76,76,76,76,76,76,76,76,76,76,76,76,76,76,76,76,76],"card_choices":[{"not_picked":["Conserve Battery","Steam"],"picked":"Defragment","floor":1},{"not_picked":["Reinforced Body","Sweeping Beam"],"picked":"Ball Lightning","floor":2},{"not_picked":["Go for the Eyes","Barrage","Streamline"],"picked":"SKIP","floor":3},{"not_picked":["FTL","Redo"],"picked":"Self Repair","floor":7},{"not_picked":["Reinforced Body","Seek"],"picked":"Coolheaded","floor":11},{"not_picked":["Double Energy","Turbo","Steam"],"picked":"SKIP","floor":13},{"not_picked":["Reprogram","Compile Driver","Hello World"],"picked":"SKIP","floor":14},{"not_picked":["Multi-Cast","All For One"],"picked":"Core Surge","floor":17},{"not_picked":["Compile Driver+1","Fusion","Genetic Algorithm"],"picked":"SKIP","floor":19},{"not_picked":["Reprogram","Beam Cell"],"picked":"Ball Lightning+1","floor":20},{"not_picked":["Scrape","Redo+1"],"picked":"Tempest+1","floor":24},{"not_picked":["Self Repair","Chill"],"picked":"Fission","floor":26},{"not_picked":["Double Energy","Beam Cell"],"picked":"Turbo","floor":33},{"not_picked":["Reboot","Multi-Cast"],"picked":"Electrodynamics","floor":36},{"not_picked":["Gash","Scrape+1"],"picked":"Glacier","floor":38},{"not_picked":["Steam Power","Stack+1"],"picked":"Hologram","floor":41},{"not_picked":["Blizzard","Reprogram","Ball Lightning"],"picked":"SKIP","floor":44},{"not_picked":["Steam","Undo","Compile Driver+1"],"picked":"SKIP","floor":45},{"not_picked":["Reprogram","Beam Cell"],"picked":"Coolheaded","floor":49},{"not_picked":["Coolheaded","Turbo"],"picked":"Creative AI","floor":52}],"player_experience":396784,"relics_obtained":[{"floor":9,"key":"Tiny Chest"},{"floor":24,"key":"Pen Nib"},{"floor":26,"key":"Eternal Feather"},{"floor":27,"key":"Matryoshka"},{"floor":28,"key":"Art of War"},{"floor":28,"key":"Happy Flower"},{"floor":31,"key":"Strawberry"},{"floor":31,"key":"FossilizedHelix"},{"floor":40,"key":"HornCleat"},{"floor":44,"key":"Omamori"},{"floor":44,"key":"War Paint"},{"floor":48,"key":"Bronze Scales"},{"floor":53,"key":"InkBottle"}],"event_choices":[{"cards_removed":["Strike_B"],"damage_healed":0,"gold_gain":0,"player_choice":"Card Removal","damage_taken":7,"max_hp_gain":0,"max_hp_loss":0,"event_name":"Golden Wing","floor":4,"gold_loss":0},{"damage_healed":0,"gold_gain":0,"player_choice":"Lose Max HP","damage_taken":0,"relics_obtained":["Golden Idol"],"max_hp_gain":0,"max_hp_loss":6,"event_name":"Golden Idol","floor":5,"gold_loss":0},{"damage_healed":0,"gold_gain":99,"player_choice":"Stole From Cult","damage_taken":0,"max_hp_gain":0,"max_hp_loss":0,"event_name":"Nest","floor":21,"gold_loss":0},{"cards_removed":["Strike_B"],"damage_healed":0,"gold_gain":0,"player_choice":"Gave Gold","damage_taken":0,"max_hp_gain":0,"max_hp_loss":0,"event_name":"Beggar","floor":22,"gold_loss":75},{"damage_healed":0,"gold_gain":0,"player_choice":"Opened","damage_taken":0,"relics_obtained":["Oddly Smooth Stone"],"max_hp_gain":0,"max_hp_loss":0,"event_name":"The Mausoleum","floor":30,"gold_loss":0},{"damage_healed":0,"gold_gain":999,"player_choice":"Gold","damage_taken":0,"max_hp_gain":0,"max_hp_loss":0,"event_name":"MindBloom","floor":39,"gold_loss":0,"cards_obtained":["Normality","Normality"]},{"cards_removed":["Normality"],"damage_healed":0,"gold_gain":0,"player_choice":"Removed Curses","damage_taken":0,"max_hp_gain":0,"max_hp_loss":0,"event_name":"Fountain of Cleansing","floor":46,"gold_loss":0},{"damage_healed":19,"gold_gain":0,"player_choice":"Writhe","damage_taken":0,"max_hp_gain":0,"max_hp_loss":0,"event_name":"Winding Halls","floor":50,"gold_loss":0,"cards_obtained":["Writhe"]}],"is_beta":false,"boss_relics":[{"not_picked":["Tiny House","Snecko Eye"],"picked":"Inserter"},{"not_picked":["Nuclear Battery","Astrolabe"],"picked":"Black Star"}],"items_purged_floors":[32,42,51],"is_endless":false,"potions_floor_spawned":[1,3,13,17,19,20,33,41,45,52],"killed_by":"Donu and Deca","ascension_level":12}}