{"host":"prxrhpgaxnj4om9r","time":1613223423,"event":{"mods":["AchievementEnabler","BaseMod","DeckTracker","Minty Spire (QoL Compilation)"],"gold_per_floor":[109,124,135,135,148,173,184,204,204,204,214,24,24,34,34,139,189,203,203,203,108,128,160,160,171,171,171,196,207,207,222,222,318,318,335,384,384,384],"floor_reached":37,"language":"KOR","playtime":2255,"items_purged":[],"score":413,"play_id":"8d4ae5c2-d5c3-4dc8-9063-6544e6a4e9d4","local_time":"20210213223703","is_ascension_mode":false,"campfire_choices":[{"floor":10,"key":"REST"},{"data":"Zap","floor":13,"key":"SMITH"},{"data":"Darkness","floor":15,"key":"SMITH"},{"floor":27,"key":"REST"},{"floor":30,"key":"REST"},{"floor":32,"key":"REST"}],"circlet_count":0,"master_deck":["Strike_B+1","Strike_B+1","Strike_B+1","Defend_B+1","Defend_B+1","Defend_B+1","Zap+1","Dualcast","Hologram","Doom and Gloom","Stack","Buffer","Sweeping Beam","BootSequence","Steam","Streamline","Go for the Eyes","Darkness+1","Creative AI","Redo","Steam+1","Turbo+1","Gash+1","Aggregate","Beam Cell+1","Defragment+1","Core Surge","Streamline+1"],"relics":["Cracked Core","Toy Ornithopter","Bird Faced Urn","Whetstone","Tiny House","Nilry\u0027s Codex","Peace Pipe","Sundial","Smiling Mask","Nuclear Battery","Ginger"],"acts_visited":["Exordium","TheCity","TheBeyond"],"potions_floor_usage":[3,16,22,23,25,33],"damage_taken":[{"damage":0,"enemies":"Small Slimes","floor":1,"turns":3},{"damage":6,"enemies":"Cultist","floor":2,"turns":3},{"damage":1,"enemies":"Jaw Worm","floor":3,"turns":3},{"damage":10,"enemies":"Large Slime","floor":5,"turns":7},{"damage":26,"enemies":"Lagavulin","floor":6,"turns":6},{"damage":8,"enemies":"Exordium Thugs","floor":7,"turns":3},{"damage":0,"enemies":"3 Louse","floor":8,"turns":2},{"damage":8,"enemies":"Gremlin Gang","floor":11,"turns":5},{"damage":0,"enemies":"2 Fungi Beasts","floor":14,"turns":3},{"damage":38,"enemies":"Slime Boss","floor":16,"turns":7},{"damage":21,"enemies":"Shell Parasite","floor":18,"turns":5},{"damage":10,"enemies":"Spheric Guardian","floor":22,"turns":4},{"damage":39,"enemies":"Book of Stabbing","floor":23,"turns":6},{"damage":8,"enemies":"Snecko","floor":25,"turns":5},{"damage":23,"enemies":"Gremlin Leader","floor":28,"turns":8},{"damage":14,"enemies":"Chosen and Byrds","floor":29,"turns":8},{"damage":5,"enemies":"Snake Plant","floor":31,"turns":4},{"damage":104,"enemies":"Collector","floor":33,"turns":11},{"damage":10,"enemies":"3 Shapes","floor":35,"turns":6},{"damage":76,"enemies":"2 Orb Walkers","floor":36,"turns":7},{"damage":22,"enemies":"Orb Walker","floor":37,"turns":3}],"seed_played":"1280730957751215131","potions_obtained":[{"floor":2,"key":"Block Potion"},{"floor":7,"key":"LiquidBronze"},{"floor":8,"key":"SpeedPotion"},{"floor":17,"key":"Strength Potion"},{"floor":18,"key":"SkillPotion"},{"floor":23,"key":"LiquidMemories"},{"floor":31,"key":"AttackPotion"}],"is_trial":false,"path_per_floor":["M","M","M","?","M","E","M","M","T","R","M","$","R","M","R","B",null,"M","?","?","$","M","E","?","M","T","R","E","M","R","M","R","B",null,"M","?","M"],"character_chosen":"DEFECT","items_purchased":["Whetstone","Go for the Eyes","FairyPotion"],"campfire_rested":4,"item_purchase_floors":[12,12,21],"current_hp_per_floor":[75,69,73,73,63,37,29,29,29,51,43,43,43,43,43,10,80,65,49,49,49,46,16,16,15,15,39,16,8,32,29,53,4,80,76,6,0,0],"gold":384,"neow_bonus":"RANDOM_COMMON_RELIC","is_daily":false,"chose_seed":false,"campfire_upgraded":2,"win_rate":0.0,"timestamp":1613223423,"path_taken":["M","M","M","?","M","E","M","M","T","R","M","?","R","M","R","BOSS","M","?","?","$","M","E","?","?","T","R","E","M","R","M","R","BOSS","M","?","M"],"items_purchased_type":["Relic","Card","Potion"],"build_version":"2020-12-22","purchased_purges":0,"victory":false,"max_hp_per_floor":[75,75,75,75,75,75,75,75,75,75,75,75,75,75,75,75,80,80,80,80,80,80,80,80,80,80,80,80,80,80,80,80,80,80,80,80,80,80],"card_choices":[{"not_picked":["BootSequence","Compile Driver"],"picked":"Hologram","floor":1},{"not_picked":["Go for the Eyes","Stack"],"picked":"Doom and Gloom","floor":2},{"not_picked":["Rip and Tear","Coolheaded"],"picked":"Stack","floor":3},{"not_picked":["Conserve Battery","Redo"],"picked":"Sweeping Beam","floor":5},{"not_picked":["Steam Power","Compile Driver"],"picked":"BootSequence","floor":6},{"not_picked":["FTL","Leap"],"picked":"Steam","floor":7},{"not_picked":["Leap","Reprogram","Steam"],"picked":"SKIP","floor":8},{"not_picked":["Reprogram","Rip and Tear"],"picked":"Streamline","floor":11},{"not_picked":["Chaos","Hello World"],"picked":"Darkness","floor":14},{"not_picked":["Fission","Buffer"],"picked":"Creative AI","floor":16},{"not_picked":["Compile Driver","Ball Lightning"],"picked":"Redo","floor":17},{"not_picked":["Turbo","Sweeping Beam"],"picked":"Steam+1","floor":18},{"not_picked":["Echo Form","Beam Cell"],"picked":"Turbo+1","floor":22},{"not_picked":["Ball Lightning","Beam Cell","Skim"],"picked":"SKIP","floor":23},{"not_picked":["Aggregate","Coolheaded"],"picked":"Gash+1","floor":25},{"not_picked":["Amplify","Reprogram"],"picked":"Aggregate","floor":28},{"not_picked":["Streamline","Double Energy"],"picked":"Beam Cell+1","floor":29},{"not_picked":["Ball Lightning+1","Fusion"],"picked":"Defragment+1","floor":31},{"not_picked":["Machine Learning","All For One"],"picked":"Core Surge","floor":33},{"not_picked":["Glacier","Ball Lightning","Stack"],"picked":"SKIP","floor":35},{"not_picked":["Fusion+1","Skim"],"picked":"Streamline+1","floor":36}],"player_experience":432244,"relics_obtained":[{"floor":6,"key":"Bird Faced Urn"},{"floor":19,"key":"Nilry\u0027s Codex"},{"floor":23,"key":"Peace Pipe"},{"floor":26,"key":"Sundial"},{"floor":28,"key":"Smiling Mask"},{"floor":36,"key":"Ginger"}],"event_choices":[{"damage_healed":0,"gold_gain":0,"cards_transformed":["Defend_B"],"player_choice":"Transformed","damage_taken":0,"max_hp_gain":0,"max_hp_loss":0,"event_name":"Transmorgrifier","floor":4,"gold_loss":0,"cards_obtained":["Buffer"]},{"damage_healed":0,"gold_gain":0,"player_choice":"Obtained Book","damage_taken":16,"max_hp_gain":0,"max_hp_loss":0,"event_name":"Cursed Tome","floor":19,"gold_loss":0},{"damage_healed":0,"gold_gain":0,"player_choice":"Simplicity","damage_taken":0,"max_hp_gain":0,"max_hp_loss":0,"event_name":"Back to Basics","floor":20,"gold_loss":0,"cards_upgraded":["Strike_B","Strike_B","Defend_B","Defend_B"]},{"cards_removed":["Strike_B"],"damage_healed":0,"gold_gain":0,"player_choice":"Purged","damage_taken":0,"max_hp_gain":0,"max_hp_loss":0,"event_name":"Purifier","floor":24,"gold_loss":0},{"damage_healed":0,"gold_gain":0,"player_choice":"Fight","damage_taken":0,"max_hp_gain":0,"max_hp_loss":0,"event_name":"Mysterious Sphere","floor":36,"gold_loss":0}],"is_beta":false,"boss_relics":[{"not_picked":["Busted Crown","SlaversCollar"],"picked":"Tiny House"},{"not_picked":["Coffee Dripper","FrozenCore"],"picked":"Nuclear Battery"}],"items_purged_floors":[],"is_endless":false,"potions_floor_spawned":[2,7,8,18,23,31],"killed_by":"Orb Walker","ascension_level":0}}