{"host":"lyo9h96uobfb5wm4","time":1613183603,"event":{"mods":["Aspiration","BaseMod","Beaked The Cultist","Colored Powertips","Conspire","DeckTracker","Downfall","Googly Eyes","Highlight Path","Minty Spire (QoL Compilation)","Quick Restart","StSLib","SuperFastMode","The Mystic"],"gold_per_floor":[116,116,116,86,104,131,142,142,142,142,161,178,197,225,225,225,225],"floor_reached":16,"language":"ENG","playtime":1020,"items_purged":[],"score":136,"play_id":"3567e70e-a96d-484f-8b6d-7a170e0ab4df","local_time":"20210212203323","is_ascension_mode":false,"campfire_choices":[{"data":"mysticmod:Flurry","floor":10,"key":"SMITH"},{"floor":15,"key":"REST"}],"circlet_count":0,"master_deck":["mysticmod:Strike_Mystic","mysticmod:Strike_Mystic","mysticmod:Strike_Mystic","mysticmod:Strike_Mystic","mysticmod:Defend_Mystic","mysticmod:Defend_Mystic","mysticmod:Defend_Mystic","mysticmod:Defend_Mystic","mysticmod:ArcaneDodge","mysticmod:ShockingGrasp+1","mysticmod:Snowball","mysticmod:Flurry+1","mysticmod:ArcaneAccuracy+1","mysticmod:ArcaneAccuracy+1","mysticmod:PureInstinct","mysticmod:Probe","mysticmod:Daze"],"relics":["mysticmod:SpellBook","NeowsBlessing","Frozen Egg 2","Bottled Flame","Spirit Poop","Bottled Tornado","Unceasing Top"],"acts_visited":["Exordium"],"potions_floor_usage":[14,14,14],"damage_taken":[{"damage":0,"enemies":"Small Slimes","floor":1,"turns":1},{"damage":0,"enemies":"2 Louse","floor":5,"turns":1},{"damage":0,"enemies":"3 Sentries","floor":6,"turns":2},{"damage":4,"enemies":"Jaw Worm","floor":7,"turns":5},{"damage":7,"enemies":"3 Louse","floor":11,"turns":3},{"damage":15,"enemies":"Lots of Slimes","floor":12,"turns":5},{"damage":4,"enemies":"conspire:2 RoseBushes","floor":13,"turns":4},{"damage":39,"enemies":"Gremlin Nob","floor":14,"turns":5},{"damage":31,"enemies":"Hexaghost","floor":16,"turns":10}],"seed_played":"-4706009856683875148","potions_obtained":[{"floor":4,"key":"AttackPotion"},{"floor":4,"key":"Slimebound:ThreeZeroPotion"},{"floor":7,"key":"Energy Potion"},{"floor":11,"key":"Slimebound:ThreeZeroPotion"}],"is_trial":false,"path_per_floor":["M","?","?","?","M","E","M","?","T","R","M","M","M","E","R","B"],"character_chosen":"MYSTIC_CLASS","items_purchased":[],"campfire_rested":1,"item_purchase_floors":[],"current_hp_per_floor":[77,77,77,77,77,77,73,73,73,73,66,51,47,8,31,0,0],"gold":225,"neow_bonus":"THREE_ENEMY_KILL","is_daily":false,"chose_seed":false,"campfire_upgraded":1,"win_rate":0.0,"timestamp":1613183603,"path_taken":["M","?","?","?","M","E","?","?","T","R","M","M","M","E","R","BOSS"],"items_purchased_type":[],"build_version":"2020-12-22","purchased_purges":0,"victory":false,"max_hp_per_floor":[77,77,77,77,77,77,77,77,77,77,77,77,77,77,77,77,77],"card_choices":[{"not_picked":["mysticmod:Snowball","mysticmod:Daze","mysticmod:BulkUp"],"picked":"SKIP","floor":1},{"not_picked":["mysticmod:PureInstinct","mysticmod:KeenEdge"],"picked":"mysticmod:Snowball","floor":5},{"not_picked":["mysticmod:DiviningBlow","mysticmod:CorrosiveTouch"],"picked":"mysticmod:Flurry","floor":6},{"not_picked":["mysticmod:DiviningBlow","mysticmod:LightningBolt"],"picked":"mysticmod:ArcaneAccuracy+1","floor":7},{"not_picked":["mysticmod:Shield","mysticmod:Feint"],"picked":"mysticmod:ArcaneAccuracy+1","floor":11},{"not_picked":["mysticmod:Stoneskin","mysticmod:EnergizedRift"],"picked":"mysticmod:PureInstinct","floor":12},{"not_picked":["mysticmod:Sideswipe","mysticmod:CorrosiveTouch"],"picked":"mysticmod:Probe","floor":13},{"not_picked":["mysticmod:Riposte","mysticmod:ObscuringMist"],"picked":"mysticmod:Daze","floor":14}],"player_experience":4333,"relics_obtained":[{"floor":6,"key":"Bottled Flame"},{"floor":9,"key":"Bottled Tornado"},{"floor":14,"key":"Unceasing Top"}],"event_choices":[{"damage_healed":0,"gold_gain":0,"player_choice":"Grow","damage_taken":0,"max_hp_gain":0,"max_hp_loss":0,"event_name":"Living Wall","floor":3,"gold_loss":0,"cards_upgraded":["mysticmod:ShockingGrasp"]},{"damage_healed":0,"gold_gain":0,"player_choice":"Bought 2 Potions","damage_taken":0,"max_hp_gain":0,"max_hp_loss":0,"event_name":"The Woman in Blue","floor":4,"gold_loss":0},{"cards_removed":["Injury"],"damage_healed":0,"gold_gain":0,"player_choice":"Offered Curse","damage_taken":0,"relics_obtained":["Spirit Poop"],"max_hp_gain":0,"max_hp_loss":0,"event_name":"Bonfire Elementals","floor":8,"gold_loss":0}],"is_beta":false,"boss_relics":[],"items_purged_floors":[],"is_endless":false,"potions_floor_spawned":[7,11,12],"killed_by":"Hexaghost","ascension_level":0}}