{"host":"soyfmymeou4emntr","time":1613258648,"event":{"mods":["BaseMod","Minty Spire (QoL Compilation)","Permanent Neow","Relic Sorter","Relic Stats","StSLib"],"gold_per_floor":[114,169,179,17,33,65,65,98,98,98,110,135,151,151,151,229,229,249,263,333,347,18,18,44,44,69,98,98,148,211,246,246,319,319,332,348,398,473,484,484,484,534,534,594,619,619,372,383,383,383,383],"floor_reached":50,"language":"ENG","playtime":3872,"items_purged":["Strike_R"],"score":1235,"play_id":"8c6331d2-3df9-43a8-b38d-81490aa95c96","local_time":"20210213162408","is_ascension_mode":true,"campfire_choices":[{"data":"Bash","floor":7.0,"key":"SMITH"},{"floor":10.0,"key":"REST"},{"floor":15.0,"key":"REST"},{"floor":23.0,"key":"REST"},{"floor":25.0,"key":"REST"},{"floor":28.0,"key":"REST"},{"floor":32.0,"key":"REST"},{"floor":40.0,"key":"REST"},{"floor":46.0,"key":"REST"},{"floor":49,"key":"RECALL"}],"circlet_count":0,"master_deck":["AscendersBane","Strike_R","Strike_R","Strike_R","Strike_R","Defend_R","Defend_R+1","Defend_R","Defend_R","Bash+1","Clothesline","Headbutt","True Grit","Burning Pact","Impervious+1","Heavy Blade","Fiend Fire","Anger","Combust+1","Spot Weakness+1","Wild Strike+1","Feed","Impervious","Heavy Blade+1","Power Through","Sword Boomerang+1","Reaper+1","Dark Embrace","Uppercut+1","Hemokinesis+1"],"relics":["Black Blood","Red Skull","Art of War","Kunai","Akabeko","Gremlin Horn","SsserpentHead","Black Star","Gambling Chip","Strawberry","Dead Branch","War Paint","PreservedInsect","Self Forming Clay","Molten Egg 2","Sundial","Ice Cream","Toy Ornithopter","Smiling Mask"],"acts_visited":["Exordium","TheCity","TheBeyond"],"potions_floor_usage":[48],"damage_taken":[{"damage":18.0,"enemies":"Small Slimes","floor":1.0,"turns":6.0},{"damage":6.0,"enemies":"2 Louse","floor":3.0,"turns":3.0},{"damage":4.0,"enemies":"Cultist","floor":5.0,"turns":4.0},{"damage":37.0,"enemies":"3 Sentries","floor":6.0,"turns":12.0},{"damage":18.0,"enemies":"Lagavulin","floor":8.0,"turns":7.0},{"damage":11.0,"enemies":"2 Fungi Beasts","floor":11.0,"turns":3.0},{"damage":22.0,"enemies":"Gremlin Nob","floor":12.0,"turns":5.0},{"damage":0.0,"enemies":"Red Slaver","floor":13.0,"turns":1.0},{"damage":7.0,"enemies":"Slime Boss","floor":16.0,"turns":9.0},{"damage":32.0,"enemies":"Shell Parasite","floor":18.0,"turns":6.0},{"damage":0.0,"enemies":"Spheric Guardian","floor":19.0,"turns":1.0},{"damage":27.0,"enemies":"Shelled Parasite and Fungi","floor":20.0,"turns":5.0},{"damage":23.0,"enemies":"Centurion and Healer","floor":21.0,"turns":7.0},{"damage":52.0,"enemies":"Book of Stabbing","floor":24.0,"turns":5.0},{"damage":13.0,"enemies":"Slavers","floor":27.0,"turns":4.0},{"damage":17.0,"enemies":"Sentry and Sphere","floor":30.0,"turns":5.0},{"damage":29.0,"enemies":"Gremlin Leader","floor":31.0,"turns":4.0},{"damage":50.0,"enemies":"Collector","floor":33.0,"turns":9.0},{"damage":8.0,"enemies":"3 Shapes","floor":35.0,"turns":6.0},{"damage":19.0,"enemies":"Orb Walker","floor":36.0,"turns":4.0},{"damage":24.0,"enemies":"Mind Bloom Boss Battle","floor":38.0,"turns":7.0},{"damage":57.0,"enemies":"Maw","floor":39.0,"turns":7.0},{"damage":0.0,"enemies":"Giant Head","floor":41.0,"turns":1.0},{"damage":10.0,"enemies":"4 Shapes","floor":44.0,"turns":6.0},{"damage":69.0,"enemies":"Nemesis","floor":45.0,"turns":9.0},{"damage":33,"enemies":"Transient","floor":48,"turns":6},{"damage":78,"enemies":"Awakened One","floor":50,"turns":5}],"seed_played":"2157081930639264952","potions_obtained":[{"floor":3.0,"key":"Dexterity Potion"},{"floor":6.0,"key":"EssenceOfSteel"},{"floor":12.0,"key":"SteroidPotion"},{"floor":19.0,"key":"Block Potion"},{"floor":24.0,"key":"SmokeBomb"},{"floor":27.0,"key":"DistilledChaos"},{"floor":31.0,"key":"CultistPotion"},{"floor":38.0,"key":"ElixirPotion"},{"floor":44.0,"key":"Energy Potion"},{"floor":45.0,"key":"CultistPotion"}],"is_trial":false,"path_per_floor":["M","?","M","$","M","E","R","E","T","R","M","E","M","?","R","B",null,"M","M","M","M","$","R","E","R","T","E","R","?","M","E","R","B",null,"M","M","?","?","M","R","E","?","T","M","E","R","$","M","R","B"],"character_chosen":"IRONCLAD","items_purchased":["Red Skull","Gambling Chip","Dark Embrace","Uppercut+1","Hemokinesis+1"],"campfire_rested":8,"item_purchase_floors":[4,22,47,47,47],"current_hp_per_floor":[63,63,63,63,65,34,34,22,22,46,41,25,31,31,55,54,75,52,58,40,26,26,53,14,43,43,39,69,69,58,35,65,21,81,91,84,84,72,30,63,75,75,75,80,23,55,55,39,39,0,0],"gold":383,"neow_bonus":"TEN_PERCENT_HP_BONUS","is_daily":false,"chose_seed":false,"campfire_upgraded":1,"win_rate":0.0,"timestamp":1613258648,"path_taken":["M","?","M","$","M","E","R","E","T","R","M","E","M","?","R","BOSS","M","M","?","M","$","R","E","R","T","E","R","?","?","E","R","BOSS","M","M","?","?","M","R","E","?","T","?","E","R","$","M","R","BOSS"],"items_purchased_type":["Relic","Relic","Card","Card","Card"],"build_version":"2020-12-22","purchased_purges":1,"victory":false,"max_hp_per_floor":[82,82,82,82,82,82,82,82,82,82,82,82,82,82,82,82,82,85,85,88,91,91,91,98,98,98,101,101,101,101,101,101,101,101,107,107,107,107,110,110,110,104,104,107,107,107,107,107,107,110,110],"relic_stats":{"Gremlin Horn":[19,19],"counters":[27,147],"Self Forming Clay":[204],"Dead Branch":[104],"Black Blood":204,"PreservedInsect":226,"War Paint":["Defend_R","Spot Weakness"],"Smiling Mask":25,"SsserpentHead":350,"Sundial":[4],"Gambling Chip":[30],"Art of War":[17],"Black Star":5,"Kunai":[25],"obtain_stats":[{"Ice Cream":38,"Gremlin Horn":12,"Self Forming Clay":27,"Dead Branch":24,"Black Blood":34,"PreservedInsect":27,"War Paint":26,"Smiling Mask":45,"Burning Blood":0,"Akabeko":9,"SsserpentHead":14,"Sundial":31,"Gambling Chip":22,"Strawberry":24,"Molten Egg 2":31,"Art of War":6,"Black Star":17,"Kunai":8,"Red Skull":4,"Toy Ornithopter":45},{"Ice Cream":21,"Gremlin Horn":7,"Self Forming Clay":15,"Dead Branch":14,"Black Blood":18,"PreservedInsect":15,"War Paint":14,"Smiling Mask":25,"Burning Blood":0,"Akabeko":5,"SsserpentHead":8,"Sundial":17,"Gambling Chip":13,"Strawberry":14,"Molten Egg 2":17,"Art of War":4,"Black Star":9,"Kunai":5,"Red Skull":2,"Toy Ornithopter":25},{"Ice Cream":113,"Gremlin Horn":40,"Self Forming Clay":78,"Dead Branch":74,"Black Blood":96,"PreservedInsect":78,"War Paint":74,"Smiling Mask":136,"Burning Blood":0,"Akabeko":32,"SsserpentHead":41,"Sundial":87,"Gambling Chip":69,"Strawberry":74,"Molten Egg 2":87,"Art of War":25,"Black Star":50,"Kunai":32,"Red Skull":9,"Toy Ornithopter":136}],"Toy Ornithopter":5},"card_choices":[{"not_picked":["Shrug It Off","Heavy Blade"],"picked":"Clothesline","floor":1.0},{"not_picked":["Warcry","Wild Strike"],"picked":"Headbutt","floor":3.0},{"not_picked":["Havoc","Ghostly Armor"],"picked":"True Grit","floor":5.0},{"not_picked":["Perfected Strike","Rage"],"picked":"Burning Pact","floor":6.0},{"not_picked":["Twin Strike","Armaments"],"picked":"Impervious","floor":8.0},{"not_picked":["Body Slam","Anger"],"picked":"Heavy Blade","floor":11.0},{"not_picked":["Twin Strike","Pommel Strike"],"picked":"Fiend Fire","floor":12.0},{"not_picked":["Armaments","Shrug It Off"],"picked":"Anger","floor":13.0},{"not_picked":["Immolate","Fiend Fire"],"picked":"Feed","floor":16.0},{"not_picked":["Havoc","Inflame"],"picked":"Combust+1","floor":18.0},{"not_picked":["Whirlwind","Havoc"],"picked":"Spot Weakness","floor":19.0},{"not_picked":["Hemokinesis","Clothesline","Sentinel"],"picked":"SKIP","floor":20.0},{"not_picked":["Clash","Heavy Blade"],"picked":"Wild Strike+1","floor":21.0},{"not_picked":["Sever Soul+1","Wild Strike"],"picked":"Feed","floor":24.0},{"not_picked":["Rampage","Flex","Clash"],"picked":"SKIP","floor":27.0},{"not_picked":["True Grit","Headbutt","Havoc"],"picked":"SKIP","floor":30.0},{"not_picked":["Cleave+1","Havoc","Twin Strike+1"],"picked":"SKIP","floor":31.0},{"not_picked":["Juggernaut","Berserk"],"picked":"Impervious","floor":33.0},{"not_picked":["Disarm","Havoc"],"picked":"Heavy Blade+1","floor":35.0},{"not_picked":["Blood for Blood+1","Shrug It Off","Heavy Blade+1"],"picked":"SKIP","floor":36.0},{"not_picked":["Perfected Strike+1","Flex+1"],"picked":"Power Through","floor":39.0},{"not_picked":["Headbutt+1","Second Wind+1"],"picked":"Sword Boomerang+1","floor":44.0},{"not_picked":["Sever Soul+1","Perfected Strike+1"],"picked":"Reaper+1","floor":45.0},{"not_picked":["Clothesline+1","Heavy Blade+1","Intimidate"],"picked":"SKIP","floor":48}],"player_experience":3282498,"relics_obtained":[{"floor":6.0,"key":"Art of War"},{"floor":8.0,"key":"Kunai"},{"floor":9.0,"key":"Akabeko"},{"floor":12.0,"key":"Gremlin Horn"},{"floor":24.0,"key":"Strawberry"},{"floor":24.0,"key":"Dead Branch"},{"floor":26.0,"key":"War Paint"},{"floor":27.0,"key":"PreservedInsect"},{"floor":27.0,"key":"Self Forming Clay"},{"floor":31.0,"key":"Molten Egg 2"},{"floor":31.0,"key":"Sundial"},{"floor":38.0,"key":"Ice Cream"},{"floor":45.0,"key":"Toy Ornithopter"},{"floor":45.0,"key":"Smiling Mask"}],"event_choices":[{"damage_healed":0.0,"max_hp_gain":0.0,"max_hp_loss":0.0,"gold_gain":55.0,"event_name":"Golden Wing","player_choice":"Gained Gold","floor":2.0,"gold_loss":0.0,"damage_taken":0.0},{"damage_healed":0.0,"max_hp_gain":0.0,"max_hp_loss":0.0,"gold_gain":0.0,"event_name":"FaceTrader","player_choice":"Trade","floor":14.0,"gold_loss":0.0,"damage_taken":0.0,"relics_obtained":["SsserpentHead"]},{"damage_healed":0.0,"max_hp_gain":0.0,"max_hp_loss":0.0,"gold_gain":0.0,"event_name":"Upgrade Shrine","player_choice":"Upgraded","floor":29.0,"gold_loss":0.0,"damage_taken":0.0,"cards_upgraded":["Impervious"]},{"cards_removed":["Feed"],"damage_healed":0.0,"max_hp_gain":0.0,"max_hp_loss":0.0,"gold_gain":0.0,"event_name":"Falling","player_choice":"Removed Attack","floor":37.0,"gold_loss":0.0,"damage_taken":0.0},{"damage_healed":0.0,"max_hp_gain":0.0,"max_hp_loss":0.0,"gold_gain":0.0,"event_name":"MindBloom","player_choice":"Fight","floor":38.0,"gold_loss":0.0,"damage_taken":0.0},{"damage_healed":0.0,"max_hp_gain":0.0,"max_hp_loss":6.0,"gold_gain":0.0,"event_name":"Winding Halls","player_choice":"Max HP","floor":42.0,"gold_loss":0.0,"damage_taken":0.0}],"is_beta":false,"boss_relics":[{"not_picked":["Calling Bell","Empty Cage"],"picked":"Black Star"},{"not_picked":["Tiny House","Mark of Pain"],"picked":"Black Blood"}],"items_purged_floors":[47],"is_endless":false,"potions_floor_spawned":[3,6,12,19,24,27,31,38,44,45],"killed_by":"Awakened One","ascension_level":20}}