{"host":"2yqfi47fogfu1ic4","time":1613225070,"event":{"mods":["AchievementEnabler","BaseMod","Colored Map","Colored Powertips","Highlight Path","Minty Spire (QoL Compilation)","Permanent Neow","Relic Stats","StSLib"],"gold_per_floor":[117,117,128,128,139,139,172,172,172,203,216,250,262,284,296,308,308],"floor_reached":16,"language":"DEU","playtime":1127,"items_purged":[],"score":340,"play_id":"890821a6-8f1e-4807-b9a8-cb4a9577ebdf","local_time":"20210213150430","is_ascension_mode":true,"campfire_choices":[{"data":"Footwork","floor":6,"key":"SMITH"},{"floor":8,"key":"REST"},{"data":"Finisher","floor":13,"key":"SMITH"},{"data":"Blade Dance","floor":15,"key":"SMITH"}],"circlet_count":0,"master_deck":["AscendersBane","Strike_G","Strike_G","Strike_G","Strike_G","Strike_G+1","Defend_G","Defend_G","Defend_G+1","Defend_G+1","Defend_G","Survivor","Neutralize","Backstab+1","Footwork+1","Blur+1","Finisher+1","Slice","Well Laid Plans","Blade Dance+1","Deflect"],"relics":["Black Star","Juzu Bracelet","Ninja Scroll","Mummified Hand","War Paint","MawBank","Oddly Smooth Stone"],"acts_visited":["Exordium"],"potions_floor_usage":[10,12],"damage_taken":[{"damage":5,"enemies":"Cultist","floor":1,"turns":5},{"damage":7,"enemies":"Jaw Worm","floor":3,"turns":5},{"damage":0,"enemies":"Small Slimes","floor":5,"turns":3},{"damage":27,"enemies":"3 Sentries","floor":7,"turns":17},{"damage":0,"enemies":"Gremlin Nob","floor":10,"turns":1},{"damage":0,"enemies":"2 Fungi Beasts","floor":11,"turns":1},{"damage":0,"enemies":"Lagavulin","floor":12,"turns":8},{"damage":0,"enemies":"Gremlin Gang","floor":14,"turns":6},{"damage":38,"enemies":"Slime Boss","floor":16,"turns":11}],"seed_played":"-805251105658894256","potions_obtained":[{"floor":1,"key":"FairyPotion"},{"floor":7,"key":"FearPotion"},{"floor":10,"key":"Ancient Potion"},{"floor":11,"key":"EssenceOfSteel"}],"is_trial":false,"path_per_floor":["M","?","M","?","M","R","E","R","T","E","M","E","R","M","R","B"],"character_chosen":"THE_SILENT","items_purchased":[],"campfire_rested":1,"item_purchase_floors":[],"current_hp_per_floor":[54,34,27,27,27,27,19,38,38,38,38,38,38,38,38,0,0],"gold":308,"neow_bonus":"BOSS_RELIC","is_daily":false,"chose_seed":false,"campfire_upgraded":3,"win_rate":0.0,"timestamp":1613225070,"path_taken":["M","?","M","?","?","R","E","R","T","E","M","E","R","M","R","BOSS"],"items_purchased_type":[],"build_version":"2020-12-22","purchased_purges":0,"victory":false,"max_hp_per_floor":[66,66,66,66,66,66,66,66,66,66,66,66,66,66,66,66,66],"relic_stats":{"counters":[9,57],"Mummified Hand":[6],"Black Star":3,"Juzu Bracelet":0,"War Paint":["Defend_G","Blur"],"MawBank":48,"obtain_stats":[{"Ninja Scroll":9,"Mummified Hand":10,"Oddly Smooth Stone":12,"Black Star":0,"Juzu Bracelet":7,"War Paint":10,"MawBank":12,"Ring of the Snake":0},{"Ninja Scroll":4,"Mummified Hand":5,"Oddly Smooth Stone":7,"Black Star":0,"Juzu Bracelet":4,"War Paint":5,"MawBank":7,"Ring of the Snake":0},{"Ninja Scroll":30,"Mummified Hand":31,"Oddly Smooth Stone":40,"Black Star":0,"Juzu Bracelet":30,"War Paint":31,"MawBank":40,"Ring of the Snake":0}]},"card_choices":[{"not_picked":["Acrobatics","Prepared"],"picked":"Backstab","floor":1},{"not_picked":["PiercingWail","Tactician"],"picked":"Footwork","floor":3},{"not_picked":["Backflip","Tactician"],"picked":"Blur","floor":5},{"not_picked":["Deadly Poison","Envenom"],"picked":"Finisher","floor":7},{"not_picked":["Crippling Poison","Eviscerate"],"picked":"Slice","floor":10},{"not_picked":["Deadly Poison","PiercingWail"],"picked":"Well Laid Plans","floor":11},{"not_picked":["Infinite Blades","Slice"],"picked":"Blade Dance","floor":12},{"not_picked":["Finisher","Deadly Poison"],"picked":"Deflect","floor":14}],"player_experience":1810180,"relics_obtained":[{"floor":7,"key":"Juzu Bracelet"},{"floor":9,"key":"Ninja Scroll"},{"floor":10,"key":"Mummified Hand"},{"floor":10,"key":"War Paint"},{"floor":12,"key":"MawBank"},{"floor":12,"key":"Oddly Smooth Stone"}],"event_choices":[{"damage_healed":0,"gold_gain":0,"player_choice":"Entered Light","damage_taken":20,"max_hp_gain":0,"max_hp_loss":0,"event_name":"Shining Light","floor":2,"gold_loss":0,"cards_upgraded":["Defend_G","Strike_G"]},{"damage_healed":0,"gold_gain":0,"player_choice":"Forge","damage_taken":0,"max_hp_gain":0,"max_hp_loss":0,"event_name":"Accursed Blacksmith","floor":4,"gold_loss":0,"cards_upgraded":["Backstab"]}],"is_beta":false,"boss_relics":[],"items_purged_floors":[],"is_endless":false,"potions_floor_spawned":[1,7,10,11],"killed_by":"Slime Boss","ascension_level":20}}