{"host":"d6ni0fvdmr494qs7","time":1613228186,"event":{"mods":["ATMod(°¢èªMod)","BaseMod","Colored Powertips","Minty Spire (QoL Compilation)","Replay The Spire","Spicy Shops","StSLib","The Blue Laboratory","¡¾ÒÅÎï¿¨ÅÆ¡¿REMEMod"],"gold_per_floor":[114,124,49,49,49,65,103,124,124,24,24,24,24,65,65,194,194,209,124,64,64,98,98,148,148,148,148,222,222,262,276,276,404,404,428,437,466,24,33,33,52,90,141,168,52,52,102,102,102,102,102,102,89,129,129,129],"floor_reached":55,"language":"ZHS","playtime":3215,"items_purged":["AT_RealFormLess","Crescendo","Pain","ReplayTheSpireMod:Doomed","Spreading Infection"],"score":933,"play_id":"810ffa5e-a83a-492b-a6d5-9d9a6c439d5b","local_time":"20210213225626","is_ascension_mode":true,"campfire_choices":[{"data":"BattleHymn","floor":11.0,"key":"SMITH"},{"data":"Secret Weapon","floor":13.0,"key":"SMITH"},{"data":"Vigilance","floor":15.0,"key":"SMITH"},{"floor":23.0,"key":"DIG"},{"floor":25.0,"key":"DIG"},{"data":"1","floor":27.0,"key":"LIFT"},{"data":"2","floor":32.0,"key":"LIFT"},{"data":"3","floor":40.0,"key":"LIFT"},{"floor":46.0,"key":"RECALL"},{"floor":49.0,"key":"REST"},{"floor":52.0,"key":"DIG"}],"circlet_count":0,"master_deck":["Strike_P+1","Strike_P+1","Strike_P+1","Defend_P+1","Defend_P+1","Defend_P+1","Defend_P+1","Vigilance+1","Secret Weapon+1","AT_OneInchPunch+1","BattleHymn+1","Tantrum","FearNoEvil","REME_EmptyShield+1","CurseOfTheBell","CrushJoints","Replay:Battleflow","Evaluate","Establishment+1","WindmillStrike","Parasite","DeceiveReality","FlyingSleeves+1"],"relics":["PureWater","AT_ATBox","REME_ComplimentaryCards","Golden Idol","Mercury Hourglass","Meat on the Bone","Calling Bell","CeramicFish","Replay:Bottled Flurry","Shovel","TungstenRod","Ornamental Fan","AT_RedTearstoneRing","Girya","Replay:Wax Seal","Smiling Mask","Happy Flower","Fusion Hammer","WarpedTongs","Bottled Flame","Guide Book","ReplayTheSpireMod:Ring of Exchange","Ring of Chaos","ReplayFunnel","Bag of Marbles","Pondfish Scales","Letter Opener","Nunchaku","ReplayTheSpireMod:CursedCoin","Replay:PocketPolymizer"],"acts_visited":["Exordium","TheCity","TheBeyond","TheEnding"],"potions_floor_usage":[55,55],"damage_taken":[{"damage":0.0,"enemies":"Cultist","floor":1.0,"turns":2.0},{"damage":5.0,"enemies":"Small Slimes","floor":2.0,"turns":3.0},{"damage":0.0,"enemies":"2 Louse","floor":6.0,"turns":2.0},{"damage":0.0,"enemies":"Lagavulin","floor":7.0,"turns":4.0},{"damage":6.0,"enemies":"Looter","floor":8.0,"turns":2.0},{"damage":2.0,"enemies":"3 Sentries","floor":14.0,"turns":4.0},{"damage":15.0,"enemies":"The Guardian","floor":16.0,"turns":6.0},{"damage":6.0,"enemies":"Spheric Guardian","floor":18.0,"turns":3.0},{"damage":0.0,"enemies":"2 Thieves","floor":22.0,"turns":3.0},{"damage":2.0,"enemies":"Replay:Snechameleon","floor":24.0,"turns":3.0},{"damage":2.0,"enemies":"Slavers","floor":30.0,"turns":3.0},{"damage":3.0,"enemies":"3 Cultists","floor":31.0,"turns":4.0},{"damage":18.0,"enemies":"Automaton","floor":33.0,"turns":6.0},{"damage":11.0,"enemies":"3 Shapes","floor":35.0,"turns":2.0},{"damage":9.0,"enemies":"3 Darklings","floor":37.0,"turns":3.0},{"damage":27.0,"enemies":"Spire Growth","floor":41.0,"turns":4.0},{"damage":4.0,"enemies":"Giant Head","floor":42.0,"turns":5.0},{"damage":15.0,"enemies":"Writhing Mass","floor":44.0,"turns":3.0},{"damage":1.0,"enemies":"Nemesis","floor":47.0,"turns":3.0},{"damage":33.0,"enemies":"Replay:Hell Engine","floor":50.0,"turns":6.0},{"damage":21.0,"enemies":"Shield and Spear","floor":54.0,"turns":5.0},{"damage":118,"enemies":"The Heart","floor":55,"turns":5}],"seed_played":"-3328788961988792312","potions_obtained":[{"floor":1.0,"key":"Swift Potion"},{"floor":6.0,"key":"Explosive Potion"},{"floor":7.0,"key":"DuplicationPotion"},{"floor":18.0,"key":"blueLaboratory:MidnightOil"},{"floor":22.0,"key":"Dexterity Potion"},{"floor":28.0,"key":"Milkshake"},{"floor":30.0,"key":"FairyPotion"},{"floor":41.0,"key":"GamblersBrew"}],"is_trial":false,"path_per_floor":["M","M","$","?","?","M","E","M","T","$","R","$","R","E","R","B",null,"M","?","?","?","M","R","E","R","T","R","?","?","E","M","R","B",null,"M","?","M","$","?","R","M","E","T","M","$","R","E","?","R","B",null,"R","$","E","B"],"character_chosen":"WATCHER","items_purchased":["Bottled Flame","Guide Book","DeceiveReality","Nunchaku","ReplayTheSpireMod:CursedCoin","BottledMiracle"],"campfire_rested":1,"item_purchase_floors":[38,38,45,53,53,53],"current_hp_per_floor":[65,60,60,60,60,60,60,54,54,54,54,54,54,52,52,37,60,54,54,54,54,54,54,52,52,52,52,37,37,35,44,44,38,60,49,49,40,40,40,40,25,33,33,30,30,30,41,41,61,40,60,60,60,39,0,0],"gold":129,"neow_bonus":"TRANSFORM_CARD","is_daily":false,"chose_seed":false,"campfire_upgraded":3,"win_rate":0.0,"timestamp":1613228186,"path_taken":["M","M","?","?","?","?","E","M","T","$","R","?","R","E","R","BOSS","M","?","?","?","?","R","E","R","T","R","?","?","E","M","R","BOSS","M","?","M","?","?","R","M","E","T","?","$","R","E","?","R","BOSS","R","$","E","BOSS"],"items_purchased_type":["Relic","Relic","Card","Relic","Relic","Potion"],"build_version":"2020-12-22","purchased_purges":5,"victory":false,"max_hp_per_floor":[72,72,72,67,67,67,67,67,67,67,67,67,67,67,67,67,67,67,67,67,67,67,67,67,67,67,67,67,67,67,67,67,67,67,67,67,67,67,67,67,67,67,67,67,67,67,67,67,67,67,67,67,67,67,67,67],"card_choices":[{"not_picked":["PathToVictory","Prostrate"],"picked":"Crescendo","floor":1.0},{"not_picked":["SandsOfTime","CarveReality","PathToVictory"],"picked":"SKIP","floor":2.0},{"not_picked":["ThirdEye","Fasting2","SignatureMove"],"picked":"SKIP","floor":6.0},{"not_picked":["EmptyMind","Wish"],"picked":"BattleHymn","floor":7.0},{"not_picked":["Conclude","CutThroughFate"],"picked":"Tantrum","floor":8.0},{"not_picked":["Collect","PathToVictory"],"picked":"FearNoEvil","floor":14.0},{"not_picked":["SpiritShield","Vault"],"picked":"REME_EmptyShield","floor":16.0},{"not_picked":["Replay:ManipulateFuture","Replay:BluntJabs","SashWhip"],"picked":"SKIP","floor":18.0},{"not_picked":["AT_RealColorLess","FollowUp+1"],"picked":"CrushJoints","floor":22.0},{"not_picked":["CrushJoints+1","PathToVictory"],"picked":"Replay:Battleflow","floor":24.0},{"not_picked":["Vengeance","Replay:ManipulateFuture+1"],"picked":"Evaluate","floor":30.0},{"not_picked":["Replay:Battleflow","Replay:ManipulateFuture","Halt"],"picked":"SKIP","floor":31.0},{"not_picked":["AT_MachinaRedman","Judgement"],"picked":"Establishment","floor":33.0},{"not_picked":["ClearTheMind","Evaluate","CutThroughFate+1"],"picked":"SKIP","floor":35.0},{"not_picked":["Replay:ManipulateFuture+1","EmptyBody+1"],"picked":"WindmillStrike","floor":37.0},{"not_picked":["Evaluate","Tantrum","Fasting2"],"picked":"SKIP","floor":41.0},{"not_picked":["EmptyBody","Prostrate+1","Swivel"],"picked":"SKIP","floor":42.0},{"not_picked":["CrushJoints+1","ThirdEye+1","ReachHeaven+1"],"picked":"SKIP","floor":44.0},{"not_picked":["PathToVictory+1","Ragnarok","FlyingSleeves+1"],"picked":"SKIP","floor":47.0},{"not_picked":["PathToVictory+1","Ragnarok"],"picked":"FlyingSleeves+1","floor":47.0},{"not_picked":["Replay:Anticipation","REME_Repentance","FollowUp"],"picked":"SKIP","floor":54.0}],"player_experience":195378,"relics_obtained":[{"floor":7.0,"key":"Mercury Hourglass"},{"floor":14.0,"key":"Meat on the Bone"},{"floor":17.0,"key":"CeramicFish"},{"floor":17.0,"key":"Replay:Bottled Flurry"},{"floor":17.0,"key":"Shovel"},{"floor":23.0,"key":"Ornamental Fan"},{"floor":24.0,"key":"AT_RedTearstoneRing"},{"floor":25.0,"key":"Girya"},{"floor":26.0,"key":"Replay:Wax Seal"},{"floor":28.0,"key":"Smiling Mask"},{"floor":30.0,"key":"Happy Flower"},{"floor":39.0,"key":"ReplayTheSpireMod:Ring of Exchange"},{"floor":39.0,"key":"Ring of Chaos"},{"floor":42.0,"key":"ReplayFunnel"},{"floor":43.0,"key":"Bag of Marbles"},{"floor":47.0,"key":"Pondfish Scales"},{"floor":52.0,"key":"Letter Opener"},{"floor":54.0,"key":"Replay:PocketPolymizer"}],"event_choices":[{"damage_healed":0.0,"max_hp_gain":0.0,"max_hp_loss":5.0,"gold_gain":0.0,"event_name":"Golden Idol","player_choice":"Lose Max HP","floor":4.0,"gold_loss":0.0,"damage_taken":0.0,"relics_obtained":["Golden Idol"]},{"cards_removed":["Eruption"],"damage_healed":0.0,"max_hp_gain":0.0,"max_hp_loss":0.0,"gold_gain":0.0,"event_name":"Bonfire Elementals","player_choice":"Offered Basic","floor":5.0,"gold_loss":0.0,"damage_taken":0.0},{"damage_healed":0.0,"max_hp_gain":0.0,"max_hp_loss":0.0,"gold_gain":0.0,"event_name":"Addict","player_choice":"Obtained Relic","floor":19.0,"gold_loss":85.0,"damage_taken":0.0,"relics_obtained":["TungstenRod"]},{"damage_healed":0.0,"max_hp_gain":0.0,"max_hp_loss":0.0,"gold_gain":0.0,"event_name":"Upgrade Shrine","player_choice":"Upgraded","floor":21.0,"gold_loss":0.0,"damage_taken":0.0,"cards_upgraded":["AT_OneInchPunch"]},{"damage_healed":0.0,"max_hp_gain":0.0,"max_hp_loss":0.0,"gold_gain":0.0,"event_name":"Back to Basics","player_choice":"Simplicity","floor":29.0,"gold_loss":0.0,"damage_taken":0.0,"cards_upgraded":["Strike_P","Strike_P","Strike_P","Defend_P","Defend_P","Defend_P","Defend_P"]},{"damage_healed":0.0,"max_hp_gain":0.0,"max_hp_loss":0.0,"gold_gain":0.0,"event_name":"Accursed Blacksmith","player_choice":"Rummage","floor":36.0,"gold_loss":0.0,"damage_taken":0.0,"relics_obtained":["WarpedTongs"],"cards_obtained":["Pain"]},{"damage_healed":0.0,"max_hp_gain":0.0,"max_hp_loss":0.0,"gold_gain":0.0,"event_name":"Mysterious Sphere","player_choice":"Ignored","floor":48.0,"gold_loss":0.0,"damage_taken":0.0}],"is_beta":false,"boss_relics":[{"not_picked":["Replay:Wanted Poster","Runic Pyramid"],"picked":"Calling Bell"},{"not_picked":["Pandora\u0027s Box","Abe\u0027s Treasure"],"picked":"Fusion Hammer"}],"items_purged_floors":[3,10,38,45,53],"is_endless":false,"potions_floor_spawned":[1,6,7,18,22,30,41,44],"killed_by":"The Heart","ascension_level":7}}