{"host":"eglukmwb6rueyn6u","time":1613216247,"event":{"mods":["BaseMod","Colored Map","Minty Spire (QoL Compilation)"],"gold_per_floor":[117,136,211,211,228,228,34,69,69,81,94,18,18,38,38,138,138,120,137,39,39,39,39],"floor_reached":22,"language":"ENG","playtime":1414,"items_purged":["Strike_B","Defend_B"],"score":186,"play_id":"e47b93d0-efe6-4b5c-9797-89075ad20e41","local_time":"20210213133727","is_ascension_mode":false,"campfire_choices":[{"data":"Dualcast","floor":6,"key":"SMITH"},{"data":"Loop","floor":13,"key":"SMITH"},{"data":"Hello World","floor":15,"key":"SMITH"}],"circlet_count":0,"master_deck":["Strike_B","Strike_B","Strike_B","Defend_B","Defend_B","Defend_B","Zap+1","Dualcast+1","Sweeping Beam","Ball Lightning","Conserve Battery","Hello World+1","Barrage","Chaos","Beam Cell","Loop+1","Beam Cell","Rainbow","Double Energy+1","Steam+1","Self Repair","Ball Lightning"],"relics":["Cracked Core","NeowsBlessing","Membership Card","Mummified Hand","Gremlin Horn","Black Star"],"acts_visited":["Exordium","TheCity"],"potions_floor_usage":[16,18],"damage_taken":[{"damage":0,"enemies":"Small Slimes","floor":1,"turns":1},{"damage":0,"enemies":"Jaw Worm","floor":2,"turns":1},{"damage":0,"enemies":"2 Louse","floor":5,"turns":1},{"damage":12,"enemies":"Lagavulin","floor":8,"turns":5},{"damage":0,"enemies":"Exordium Wildlife","floor":10,"turns":3},{"damage":5,"enemies":"Large Slime","floor":11,"turns":4},{"damage":5,"enemies":"Lots of Slimes","floor":14,"turns":3},{"damage":11,"enemies":"The Guardian","floor":16,"turns":9},{"damage":26,"enemies":"2 Thieves","floor":18,"turns":4},{"damage":18,"enemies":"Spheric Guardian","floor":19,"turns":4},{"damage":33,"enemies":"Snake Plant","floor":22,"turns":2}],"seed_played":"4579952395702065970","potions_obtained":[{"floor":8,"key":"LiquidMemories"},{"floor":11,"key":"Dexterity Potion"}],"is_trial":false,"path_per_floor":["M","M","?","?","M","R","$","E","T","M","M","$","R","M","R","B",null,"M","M","$","?","M"],"character_chosen":"DEFECT","items_purchased":["Membership Card","Hello World","Barrage","Loop","Self Repair","Ball Lightning"],"campfire_rested":0,"item_purchase_floors":[7,7,7,12,20,20],"current_hp_per_floor":[75,75,64,64,64,64,64,52,52,52,47,47,47,42,42,31,75,49,31,31,31,0,0],"gold":39,"neow_bonus":"THREE_ENEMY_KILL","is_daily":false,"chose_seed":false,"campfire_upgraded":3,"win_rate":0.0,"timestamp":1613216247,"path_taken":["M","M","?","?","M","R","$","E","T","M","M","$","R","M","R","BOSS","M","M","$","?","M"],"items_purchased_type":["Relic","Card","Card","Card","Card","Card"],"build_version":"2020-12-22","purchased_purges":2,"victory":false,"max_hp_per_floor":[75,75,75,75,75,75,75,75,75,75,75,75,75,75,75,75,75,75,75,75,75,75,75],"card_choices":[{"not_picked":["Compile Driver","Leap"],"picked":"Sweeping Beam","floor":1},{"not_picked":["Steam","Compile Driver"],"picked":"Ball Lightning","floor":2},{"not_picked":["Hologram","Steam"],"picked":"Conserve Battery","floor":5},{"not_picked":["Rip and Tear","White Noise"],"picked":"Chaos","floor":8},{"not_picked":["Gash","All For One","Streamline"],"picked":"SKIP","floor":10},{"not_picked":["Go for the Eyes","Sweeping Beam"],"picked":"Beam Cell","floor":11},{"not_picked":["White Noise","Consume"],"picked":"Beam Cell","floor":14},{"not_picked":["Seek","Thunder Strike"],"picked":"Rainbow","floor":16},{"not_picked":["Consume+1","Leap"],"picked":"Double Energy+1","floor":18},{"not_picked":["Redo","Glacier+1"],"picked":"Steam+1","floor":19}],"player_experience":11705,"relics_obtained":[{"floor":8,"key":"Mummified Hand"},{"floor":9,"key":"Gremlin Horn"}],"event_choices":[{"damage_healed":0,"gold_gain":75,"player_choice":"Gather Gold","damage_taken":11,"max_hp_gain":0,"max_hp_loss":0,"event_name":"World of Goop","floor":3,"gold_loss":0},{"damage_healed":0,"gold_gain":0,"player_choice":"Grow","damage_taken":0,"max_hp_gain":0,"max_hp_loss":0,"event_name":"Living Wall","floor":4,"gold_loss":0,"cards_upgraded":["Zap"]},{"damage_healed":0,"gold_gain":0,"player_choice":"Ignored","damage_taken":0,"max_hp_gain":0,"max_hp_loss":0,"event_name":"Vampires","floor":21,"gold_loss":0}],"is_beta":false,"boss_relics":[{"not_picked":["Sozu","Calling Bell"],"picked":"Black Star"}],"items_purged_floors":[12,20],"is_endless":false,"potions_floor_spawned":[8,11],"killed_by":"Snake Plant","ascension_level":0}}