{"host":"kh6fvhxn285ncg0o","time":1613250765,"event":{"mods":["Act Like it!","BaseMod","Colored Map","Friendly Minions","Keyboard Shortcuts","Minty Spire (QoL Compilation)","Quick Restart","Relic Stats","StSLib","SuperFastMode","UnlockEverythingMod"],"gold_per_floor":[116,116,116,129,144,144,173,193,216,48,58,58,58,58],"floor_reached":13,"language":"KOR","playtime":205,"items_purged":[],"score":170,"play_id":"0ded4e6c-4d44-43f4-bc4f-c50f0c0b5c67","local_time":"20210214061245","is_ascension_mode":true,"campfire_choices":[{"data":"Bash","floor":6,"key":"SMITH"},{"floor":12,"key":"REST"}],"circlet_count":0,"master_deck":["AscendersBane","Strike_R","Strike_R","Strike_R","Strike_R","Strike_R","Defend_R","Defend_R","Defend_R","Defend_R","Bash+1","Feel No Pain","Dark Embrace","Fire Breathing","Second Wind"],"relics":["Philosopher\u0027s Stone","Potion Belt","Toy Ornithopter","Centennial Puzzle"],"acts_visited":[],"potions_floor_usage":[5,7,11],"damage_taken":[{"damage":8,"enemies":"Small Slimes","floor":1,"turns":3},{"damage":2,"enemies":"Cultist","floor":4,"turns":4},{"damage":3,"enemies":"Jaw Worm","floor":5,"turns":3},{"damage":31,"enemies":"Gremlin Nob","floor":7,"turns":4},{"damage":13,"enemies":"Exordium Wildlife","floor":8,"turns":6},{"damage":15,"enemies":"Gremlin Gang","floor":11,"turns":4},{"damage":17,"enemies":"Lagavulin","floor":13,"turns":5}],"seed_played":"6970656635213592072","potions_obtained":[{"floor":1,"key":"EssenceOfSteel"},{"floor":4,"key":"DistilledChaos"},{"floor":5,"key":"Strength Potion"}],"is_trial":false,"path_per_floor":["M","?","?","M","M","R","E","M","T","$","M","R","E"],"character_chosen":"IRONCLAD","items_purchased":["Centennial Puzzle"],"campfire_rested":1,"item_purchase_floors":[10],"current_hp_per_floor":[60,65,65,63,60,60,29,16,16,16,6,30,13,13],"gold":58,"neow_bonus":"BOSS_RELIC","is_daily":false,"chose_seed":false,"campfire_upgraded":1,"win_rate":0.0,"timestamp":1613250765,"path_taken":["M","?","?","?","M","R","E","M","T","$","M","R","E"],"items_purchased_type":["Relic"],"build_version":"2020-12-22","purchased_purges":0,"victory":false,"max_hp_per_floor":[75,80,80,80,80,80,80,80,80,80,80,80,80,80],"relic_stats":{"Centennial Puzzle":[6],"counters":[7,29],"obtain_stats":[{"Potion Belt":7,"Centennial Puzzle":10,"Philosopher\u0027s Stone":0,"Burning Blood":0,"Toy Ornithopter":9},{"Potion Belt":4,"Centennial Puzzle":5,"Philosopher\u0027s Stone":0,"Burning Blood":0,"Toy Ornithopter":5},{"Potion Belt":14,"Centennial Puzzle":20,"Philosopher\u0027s Stone":0,"Burning Blood":0,"Toy Ornithopter":20}],"Toy Ornithopter":5},"card_choices":[{"not_picked":["Clash","Perfected Strike"],"picked":"Feel No Pain","floor":1},{"not_picked":["Body Slam","Clothesline"],"picked":"Fire Breathing","floor":4},{"not_picked":["Thunderclap","Shrug It Off"],"picked":"Second Wind","floor":8}],"player_experience":1393950,"relics_obtained":[{"floor":7,"key":"Potion Belt"},{"floor":9,"key":"Toy Ornithopter"}],"event_choices":[{"damage_healed":0,"gold_gain":0,"player_choice":"Donut","damage_taken":0,"max_hp_gain":5,"max_hp_loss":0,"event_name":"Big Fish","floor":2,"gold_loss":0},{"damage_healed":0,"gold_gain":0,"player_choice":"1 cards matched","damage_taken":0,"max_hp_gain":0,"max_hp_loss":0,"event_name":"Match and Keep!","floor":3,"gold_loss":0,"cards_obtained":["Dark Embrace"]}],"is_beta":false,"boss_relics":[],"items_purged_floors":[],"is_endless":false,"potions_floor_spawned":[1,4,5],"killed_by":"Lagavulin","ascension_level":20}}