{"host":"sum4dy402bbv9y4o","time":1613231578,"event":{"mods":["Aspiration","BaseMod","Conspire","Highlight Path","Minty Spire (QoL Compilation)","StSLib"],"gold_per_floor":[118,118,118,135,7,41,41,68,93,93,6,33,48,68,68,139,139,150,181,14,14,26,26,26,26],"floor_reached":24,"language":"ENG","playtime":677,"items_purged":["conspire:GhostlyStrike"],"score":599,"play_id":"a2596c4d-26af-4802-ad31-02bc071ad18e","local_time":"20210213185258","is_ascension_mode":true,"campfire_choices":[{"data":"Eruption","floor":7,"key":"SMITH"},{"data":"MentalFortress","floor":10,"key":"SMITH"},{"data":"Conclude","floor":15,"key":"SMITH"},{"floor":23,"key":"REST"}],"circlet_count":0,"master_deck":["AscendersBane","conspire:GhostlyStrike","conspire:GhostlyStrike+1","conspire:GhostlyStrike","conspire:GhostlyDefend","conspire:GhostlyDefend","conspire:GhostlyDefend+1","conspire:GhostlyDefend","Eruption+1","Vigilance","EmptyFist","BowlingBash","Halt+1","CarveReality","MentalFortress+1","SashWhip","Evaluate+1","SashWhip","InnerPeace","Conclude+1","LessonLearned","CrushJoints","EmptyFist","RitualDagger"],"relics":["PureWater","NeowsBlessing","aspiration:SeaSaltIceCream","PureWater","Ornamental Fan","Nunchaku","conspire:GlowingRock","conspire:SpecialSausage","Red Mask","ClockworkSouvenir"],"acts_visited":["Exordium","TheCity"],"potions_floor_usage":[8,16,24,24],"damage_taken":[{"damage":0,"enemies":"Small Slimes","floor":1,"turns":1},{"damage":0,"enemies":"2 Louse","floor":4,"turns":1},{"damage":0,"enemies":"Lagavulin","floor":6,"turns":1},{"damage":9,"enemies":"3 Sentries","floor":8,"turns":5},{"damage":21,"enemies":"Lagavulin","floor":12,"turns":5},{"damage":0,"enemies":"Jaw Worm","floor":13,"turns":2},{"damage":0,"enemies":"2 Fungi Beasts","floor":14,"turns":2},{"damage":0,"enemies":"Slime Boss","floor":16,"turns":6},{"damage":8,"enemies":"3 Byrds","floor":18,"turns":4},{"damage":26,"enemies":"Masked Bandits","floor":19,"turns":4},{"damage":11,"enemies":"Shell Parasite","floor":22,"turns":2},{"damage":26,"enemies":"Book of Stabbing","floor":24,"turns":3}],"seed_played":"640148747681197455","potions_obtained":[{"floor":6,"key":"SkillPotion"},{"floor":8,"key":"Fire Potion"},{"floor":14,"key":"CultistPotion"},{"floor":19,"key":"Dexterity Potion"}],"is_trial":false,"path_per_floor":["M","?","?","M","$","E","R","E","T","R","$","E","M","M","R","B",null,"M","?","$","?","M","R","E"],"character_chosen":"WATCHER","items_purchased":["Halt","SashWhip","Evaluate","ClockworkSouvenir"],"campfire_rested":1,"item_purchase_floors":[5,11,11,20],"current_hp_per_floor":[61,41,41,41,41,41,41,32,32,32,32,11,11,11,11,11,54,46,20,20,14,3,23,0,0],"gold":26,"neow_bonus":"THREE_ENEMY_KILL","is_daily":false,"chose_seed":false,"campfire_upgraded":3,"win_rate":0.0,"timestamp":1613231578,"path_taken":["M","?","?","M","$","E","R","E","T","R","?","E","M","M","R","BOSS","M","?","$","?","M","R","E"],"items_purchased_type":["Card","Card","Card","Relic"],"build_version":"2020-12-22","purchased_purges":1,"victory":false,"max_hp_per_floor":[68,68,68,68,68,68,68,68,68,68,68,68,68,68,68,68,68,68,68,68,68,68,68,68,68],"card_choices":[{"not_picked":["ThirdEye","InnerPeace"],"picked":"EmptyFist","floor":1},{"not_picked":["PathToVictory","ForeignInfluence"],"picked":"BowlingBash","floor":4},{"not_picked":["CrushJoints","Evaluate"],"picked":"CarveReality","floor":6},{"not_picked":["DeusExMachina","ClearTheMind"],"picked":"MentalFortress","floor":8},{"not_picked":["Crescendo","WaveOfTheHand"],"picked":"SashWhip","floor":12},{"not_picked":["DeceiveReality","Prostrate"],"picked":"InnerPeace","floor":13},{"not_picked":["ForeignInfluence","Protect"],"picked":"Conclude","floor":14},{"not_picked":["Wish","SpiritShield"],"picked":"LessonLearned","floor":16},{"not_picked":["BattleHymn","SashWhip"],"picked":"CrushJoints","floor":18},{"not_picked":["Swivel","Wireheading"],"picked":"EmptyFist","floor":19},{"not_picked":["Swivel","Wireheading","Collect"],"picked":"SKIP","floor":22}],"player_experience":3095918,"relics_obtained":[{"floor":6,"key":"aspiration:SeaSaltIceCream"},{"floor":8,"key":"Ornamental Fan"},{"floor":9,"key":"Nunchaku"},{"floor":12,"key":"conspire:GlowingRock"},{"floor":19,"key":"Red Mask"}],"event_choices":[{"damage_healed":0,"gold_gain":0,"player_choice":"Entered Light","damage_taken":20,"max_hp_gain":0,"max_hp_loss":0,"event_name":"Shining Light","floor":2,"gold_loss":0,"cards_upgraded":["Strike_P","Defend_P"]},{"damage_healed":0,"gold_gain":0,"player_choice":"Agree","damage_taken":0,"max_hp_gain":0,"max_hp_loss":0,"event_name":"conspire:LoneGhost","floor":3,"gold_loss":0},{"damage_healed":0,"gold_gain":0,"player_choice":"Fought Bandits","damage_taken":0,"max_hp_gain":0,"max_hp_loss":0,"event_name":"Masked Bandits","floor":19,"gold_loss":0},{"damage_healed":0,"gold_gain":0,"player_choice":"Joined the Cult","damage_taken":6,"max_hp_gain":0,"max_hp_loss":0,"event_name":"Nest","floor":21,"gold_loss":0,"cards_obtained":["RitualDagger"]}],"is_beta":false,"boss_relics":[{"not_picked":["SlaversCollar","aspiration:RitualDagger"],"picked":"conspire:SpecialSausage"}],"items_purged_floors":[5],"is_endless":false,"potions_floor_spawned":[6,8,14,19,22],"killed_by":"Book of Stabbing","ascension_level":20}}