{"host":"0uumfqrc8aynrssa","time":1613233370,"event":{"mods":["AchievementEnabler","BaseMod","Minty Spire (QoL Compilation)","StSLib","Together in Spire"],"gold_per_floor":[114,133,133,20,35,65,75,107,107,107,62,82,98,131,131,234,234,245,170,170,187,32,32,46,56,110,110,34,0,14,14,14,119,119,134,134,134,150,126,139,165,165,218,218,233,252,252,267,267,267,267,267,71,101,101,101],"floor_reached":55,"language":"ENG","playtime":2881,"items_purged":["Strike_G"],"score":544,"play_id":"931c1be6-1c1c-40de-abb3-7c99be7f56d5","local_time":"20210213112250","is_ascension_mode":false,"campfire_choices":[{"floor":10.0,"key":"RECALL"},{"floor":15.0,"key":"REST"},{"floor":23.0,"key":"REST"},{"floor":27.0,"key":"REST"},{"floor":32.0,"key":"REST"},{"floor":44.0,"key":"REST"},{"floor":47,"key":"REST"},{"floor":49,"key":"REST"},{"floor":52,"key":"REST"}],"circlet_count":0,"master_deck":["Survivor","Neutralize","Poisoned Stab","Bane","Flying Knee","Caltrops","Dagger Spray+1","Backflip","Cloak And Dagger","Envenom+1","Deadly Poison","Dagger Spray","Poisoned Stab+1","Bane","Die Die Die","Poisoned Stab","Dagger Spray","Deadly Poison","Sucker Punch","Bane","Dagger Spray","Burst","Unload","Dodge and Roll+1","Bane","Infinite Blades","Catalyst","Bouncing Flask","Dagger Spray","Adrenaline","Well Laid Plans+1","Poisoned Stab","Backflip+1","Catalyst+1","Distraction+1","Finisher","Dagger Throw","Noxious Fumes"],"relics":["Fusion Hammer","Toy Ornithopter","Ornamental Fan","Letter Opener","Pandora\u0027s Box","Whetstone","MealTicket","SlaversCollar","Juzu Bracelet","Bronze Scales","Vajra","Pear"],"acts_visited":["TheEnding"],"potions_floor_usage":[50,50],"damage_taken":[{"damage":0.0,"enemies":"Cultist","floor":1.0,"turns":3.0},{"damage":3.0,"enemies":"Small Slimes","floor":2.0,"turns":2.0},{"damage":0.0,"enemies":"2 Louse","floor":5.0,"turns":2.0},{"damage":10.0,"enemies":"3 Sentries","floor":6.0,"turns":3.0},{"damage":2.0,"enemies":"Looter","floor":7.0,"turns":2.0},{"damage":0.0,"enemies":"Lagavulin","floor":8.0,"turns":3.0},{"damage":0.0,"enemies":"Exordium Wildlife","floor":12.0,"turns":2.0},{"damage":0.0,"enemies":"Blue Slaver","floor":13.0,"turns":1.0},{"damage":1.0,"enemies":"3 Sentries","floor":14.0,"turns":3.0},{"damage":29.0,"enemies":"The Guardian","floor":16.0,"turns":6.0},{"damage":10.0,"enemies":"Spheric Guardian","floor":18.0,"turns":3.0},{"damage":4.0,"enemies":"Chosen","floor":21.0,"turns":3.0},{"damage":11.0,"enemies":"Snake Plant","floor":24.0,"turns":3.0},{"damage":11.0,"enemies":"3 Cultists","floor":25.0,"turns":4.0},{"damage":1.0,"enemies":"Shelled Parasite and Fungi","floor":30.0,"turns":2.0},{"damage":8.0,"enemies":"Automaton","floor":33.0,"turns":6.0},{"damage":30.0,"enemies":"3 Darklings","floor":35.0,"turns":4.0},{"damage":44.0,"enemies":"3 Shapes","floor":38.0,"turns":5.0},{"damage":16.0,"enemies":"Writhing Mass","floor":40.0,"turns":4.0},{"damage":10.0,"enemies":"Reptomancer","floor":41.0,"turns":3.0},{"damage":12,"enemies":"Maw","floor":45,"turns":4},{"damage":2,"enemies":"Sphere and 2 Shapes","floor":46,"turns":4},{"damage":20,"enemies":"Jaw Worm Horde","floor":48,"turns":3},{"damage":51,"enemies":"Donu and Deca","floor":50,"turns":5},{"damage":54,"enemies":"Shield and Spear","floor":54,"turns":3},{"damage":27,"enemies":"The Heart","floor":55,"turns":2}],"seed_played":"1153084910255061128","potions_obtained":[{"floor":6.0,"key":"ColorlessPotion"},{"floor":7.0,"key":"SneckoOil"},{"floor":12.0,"key":"LiquidMemories"},{"floor":25.0,"key":"Regen Potion"},{"floor":30.0,"key":"Energy Potion"},{"floor":33.0,"key":"Strength Potion"},{"floor":38.0,"key":"Fire Potion"},{"floor":40.0,"key":"Regen Potion"},{"floor":48,"key":"Block Potion"}],"is_trial":false,"path_per_floor":["M","M","?","$","M","E","M","E","T","R","$","M","M","E","R","B",null,"M","?","?","M","$","R","M","M","T","R","$","$","M","?","R","B",null,"M","?","$","M","$","M","E","?","T","R","M","M","R","M","R","B",null,"R","$","E","B"],"character_chosen":"THE_SILENT","items_purchased":["Caltrops","Deadly Poison","Whetstone","Catalyst","Bouncing Flask","Poisoned Stab","Vajra","Dagger Throw"],"campfire_rested":8,"item_purchase_floors":[4,11,22,28,29,39,53,53],"current_hp_per_floor":[70,67,67,67,67,57,55,55,55,55,55,55,55,54,70,46,70,60,60,60,56,56,70,59,53,53,70,70,70,69,69,70,67,70,40,40,55,11,26,15,22,22,22,43,31,29,50,30,51,10,70,70,70,26,0,0],"gold":101,"neow_bonus":"BOSS_RELIC","is_daily":false,"chose_seed":false,"campfire_upgraded":0,"win_rate":0.0,"timestamp":1613233370,"path_taken":["M","?","?","$","M","E","M","E","T","R","?","M","M","E","R","BOSS","M","?","?","M","$","R","M","M","T","R","?","$","M","?","R","BOSS","M","?","$","?","$","M","E","?","T","R","M","M","R","M","R","BOSS","R","$","E","BOSS"],"items_purchased_type":["Card","Card","Relic","Card","Card","Card","Relic","Card"],"build_version":"2020-12-22","purchased_purges":1,"victory":false,"max_hp_per_floor":[70,70,70,70,70,70,70,70,70,70,70,70,70,70,70,70,70,70,70,70,70,70,70,70,70,70,70,70,70,70,70,70,70,70,70,70,70,70,70,70,70,70,70,70,70,70,70,70,70,70,70,70,70,80,80,80],"card_choices":[{"not_picked":["Masterful Stab","Footwork"],"picked":"Poisoned Stab","floor":1.0},{"not_picked":["Distraction","Blur"],"picked":"Bane","floor":2.0},{"not_picked":["Underhanded Strike","Sucker Punch"],"picked":"Dagger Spray","floor":5.0},{"not_picked":["Cloak And Dagger","Slice"],"picked":"Backflip","floor":6.0},{"not_picked":["Acrobatics","Slice"],"picked":"Cloak And Dagger","floor":7.0},{"not_picked":["Die Die Die","Blade Dance"],"picked":"Envenom","floor":8.0},{"not_picked":["Prepared","Underhanded Strike"],"picked":"Dagger Spray","floor":12.0},{"not_picked":["Deadly Poison","Sucker Punch"],"picked":"Poisoned Stab","floor":13.0},{"not_picked":["PiercingWail","Outmaneuver"],"picked":"Bane","floor":14.0},{"not_picked":["Grand Finale","Adrenaline"],"picked":"Die Die Die","floor":16.0},{"not_picked":["Prepared","Deflect+1"],"picked":"Dagger Spray","floor":18.0},{"not_picked":["Tactician","Distraction"],"picked":"Dodge and Roll+1","floor":21.0},{"not_picked":["Prepared","Reflex"],"picked":"Bane","floor":24.0},{"not_picked":["Blur","Calculated Gamble"],"picked":"Infinite Blades","floor":25.0},{"not_picked":["Acrobatics","PiercingWail+1"],"picked":"Dagger Spray","floor":30.0},{"not_picked":["Burst","Venomology"],"picked":"Adrenaline","floor":33.0},{"not_picked":["Backstab+1","Underhanded Strike+1"],"picked":"Well Laid Plans+1","floor":35.0},{"not_picked":["Prepared+1","Flechettes+1","Skewer"],"picked":"SKIP","floor":38.0},{"not_picked":["Acrobatics","Poisoned Stab"],"picked":"Backflip+1","floor":40.0},{"not_picked":["Die Die Die","Adrenaline"],"picked":"Catalyst+1","floor":41.0},{"not_picked":["Poisoned Stab","Masterful Stab+1","Footwork+1"],"picked":"SKIP","floor":45},{"not_picked":["Blur","Bane"],"picked":"Distraction+1","floor":46},{"not_picked":["Quick Slash","Setup+1"],"picked":"Finisher","floor":48},{"not_picked":["Deflect","Finisher"],"picked":"Noxious Fumes","floor":54}],"player_experience":386553,"relics_obtained":[{"floor":6.0,"key":"Toy Ornithopter"},{"floor":8.0,"key":"Ornamental Fan"},{"floor":14.0,"key":"Letter Opener"},{"floor":26.0,"key":"MealTicket"},{"floor":41.0,"key":"Juzu Bracelet"},{"floor":43.0,"key":"Bronze Scales"},{"floor":54,"key":"Pear"}],"event_choices":[{"damage_healed":0.0,"max_hp_gain":0.0,"max_hp_loss":0.0,"gold_gain":0.0,"cards_transformed":["Strike_G"],"event_name":"Transmorgrifier","player_choice":"Transformed","floor":3.0,"gold_loss":0.0,"damage_taken":0.0,"cards_obtained":["Flying Knee"]},{"cards_removed":["Eviscerate"],"damage_healed":0.0,"max_hp_gain":0.0,"max_hp_loss":0.0,"gold_gain":0.0,"event_name":"Beggar","player_choice":"Gave Gold","floor":19.0,"gold_loss":75.0,"damage_taken":0.0},{"damage_healed":0.0,"max_hp_gain":0.0,"max_hp_loss":0.0,"gold_gain":0.0,"cards_transformed":["Underhanded Strike","Dagger Throw"],"event_name":"Drug Dealer","player_choice":"Became Test Subject","floor":20.0,"gold_loss":0.0,"damage_taken":0.0,"cards_obtained":["Burst","Unload"]},{"damage_healed":0.0,"max_hp_gain":0.0,"max_hp_loss":0.0,"gold_gain":0.0,"event_name":"Vampires","player_choice":"Ignored","floor":31.0,"gold_loss":0.0,"damage_taken":0.0},{"damage_healed":0.0,"max_hp_gain":0.0,"max_hp_loss":0.0,"gold_gain":0.0,"event_name":"Upgrade Shrine","player_choice":"Upgraded","floor":36.0,"gold_loss":0.0,"damage_taken":0.0,"cards_upgraded":["Envenom"]},{"damage_healed":0.0,"max_hp_gain":0.0,"max_hp_loss":0.0,"gold_gain":0.0,"event_name":"SensoryStone","player_choice":"Memory 1","floor":42.0,"gold_loss":0.0,"damage_taken":0.0}],"is_beta":false,"boss_relics":[{"not_picked":["Velvet Choker","Runic Dome"],"picked":"Pandora\u0027s Box"},{"not_picked":["Coffee Dripper","HoveringKite"],"picked":"SlaversCollar"}],"items_purged_floors":[4],"is_endless":false,"potions_floor_spawned":[6,7,12,14,25,30,33,38,40,48],"killed_by":"The Heart","ascension_level":0}}