{"host":"kfd0jpqqxt101ydt","time":1613216408,"event":{"mods":["BaseMod","Downfall","Googly Eyes","Highlight Path","Minty Spire (QoL Compilation)","StSLib"],"gold_per_floor":[349,349,369,386,217,217,217,250,250,135,135,120,120,146,160,257,257,257,257,257],"floor_reached":18,"language":"ENG","playtime":797,"items_purged":["Shame","hexamod:Strike"],"score":227,"play_id":"13d00f68-217c-4aa1-bd64-f008b9a64f3c","local_time":"20210213134008","is_ascension_mode":true,"campfire_choices":[{"data":"hexamod:Sear","floor":1.0,"key":"SMITH"},{"data":"hexamod:PowerFromBeyond","floor":9.0,"key":"SMITH"},{"data":"hexamod:Hexaguard","floor":11.0,"key":"SMITH"},{"data":"hexamod:ShieldOfDarkness","floor":13.0,"key":"SMITH"},{"floor":18,"key":"REST"}],"circlet_count":0,"master_deck":["hexamod:Strike","hexamod:Strike","hexamod:Strike","hexamod:Defend","hexamod:Defend","hexamod:Defend","hexamod:Defend+1","hexamod:Sear+1","hexamod:Float+1","hexamod:SwordOfDarkness","hexamod:PowerFromBeyond+1","hexamod:ShieldOfDarkness+1","hexamod:ForkedFlame+1","hexamod:FlamesFromBeyond","hexamod:Hexaguard+1","hexamod:StepThrough","hexamod:FastForward","hexamod:SixthSeal"],"relics":["hexamod:SpiritBrand","Boot","Letter Opener","Orichalcum","Fusion Hammer"],"acts_visited":["Exordium","TheCity"],"potions_floor_usage":[],"damage_taken":[{"damage":0.0,"enemies":"Small Slimes","floor":3.0,"turns":3.0},{"damage":1.0,"enemies":"Cultist","floor":4.0,"turns":3.0},{"damage":0.0,"enemies":"downfall:FleeingMerchant","floor":5.0,"turns":4.0},{"damage":4.0,"enemies":"3 Sentries","floor":8.0,"turns":6.0},{"damage":5.0,"enemies":"downfall:FleeingMerchant","floor":10.0,"turns":4.0},{"damage":3.0,"enemies":"downfall:FleeingMerchant","floor":12.0,"turns":4.0},{"damage":4.0,"enemies":"Lagavulin","floor":14.0,"turns":4.0},{"damage":0.0,"enemies":"Jaw Worm","floor":15.0,"turns":2.0},{"damage":0.0,"enemies":"SI_SHIV_ARCHETYPE","floor":16.0,"turns":5.0}],"seed_played":"3615685898635507059","potions_obtained":[{"floor":8.0,"key":"champ:CounterPotion"},{"floor":14.0,"key":"Fire Potion"}],"is_trial":false,"path_per_floor":["R","?","M","M","$","?","T","E","R","$","R","$","R","E","M","B",null,"R"],"character_chosen":"THE_SPIRIT","items_purchased":["hexamod:ForkedFlame"],"campfire_rested":1,"item_purchase_floors":[5],"current_hp_per_floor":[49,49,49,48,48,48,48,44,44,39,39,36,36,32,32,32,70,70,70,70],"gold":257,"neow_bonus":"TWO_FIFTY_GOLD","is_daily":false,"chose_seed":false,"campfire_upgraded":4,"win_rate":0.0,"timestamp":1613216408,"path_taken":["R","?","?","?","?","?","T","E","R","?","R","$","R","E","M","BOSS","R"],"items_purchased_type":["Card"],"build_version":"2020-12-22","purchased_purges":2,"victory":false,"max_hp_per_floor":[70,70,70,70,70,70,70,70,70,70,70,70,70,70,70,70,70,70,70,70],"card_choices":[{"not_picked":["hexamod:GhostShield","hexamod:Firestarter"],"picked":"hexamod:SwordOfDarkness","floor":3.0},{"not_picked":["hexamod:HauntingEcho","hexamod:BurningTouch"],"picked":"hexamod:PowerFromBeyond","floor":4.0},{"not_picked":["hexamod:PowerFromBeyond","hexamod:GhostOfSpirePast"],"picked":"hexamod:ShieldOfDarkness","floor":5.0},{"not_picked":["hexamod:Incineration","hexamod:NightmareStrike"],"picked":"hexamod:FlamesFromBeyond","floor":8.0},{"not_picked":["hexamod:HeatMetal","hexamod:SearingWound"],"picked":"hexamod:Hexaguard","floor":10.0},{"not_picked":["hexamod:HeatMetal","hexamod:SpectersWail"],"picked":"hexamod:StepThrough","floor":12.0},{"not_picked":["hexamod:NightmareGuise","hexamod:DynamicBlow","hexamod:BurningTouch"],"picked":"SKIP","floor":14.0},{"not_picked":["hexamod:GhostShield","hexamod:FourthSeal"],"picked":"hexamod:FastForward","floor":15.0},{"not_picked":["hexamod:ParanormalForm","hexamod:TimeOfNeed"],"picked":"hexamod:SixthSeal","floor":16.0}],"player_experience":44467,"relics_obtained":[{"floor":7.0,"key":"Boot"},{"floor":8.0,"key":"Letter Opener"},{"floor":14.0,"key":"Orichalcum"}],"event_choices":[{"damage_healed":0.0,"max_hp_gain":0.0,"max_hp_loss":0.0,"gold_gain":0.0,"event_name":"Living Wall","player_choice":"Grow","floor":6.0,"gold_loss":0.0,"damage_taken":0.0,"cards_upgraded":["hexamod:ForkedFlame"]}],"is_beta":false,"boss_relics":[{"not_picked":["Astrolabe","Coffee Dripper"],"picked":"Fusion Hammer"}],"items_purged_floors":[5,10],"is_endless":false,"potions_floor_spawned":[8,14],"ascension_level":1}}