{"host":"kxs97zan5mba52e6","time":1613177999,"event":{"mods":["100% Spire Juice","A Magickal Journey","BaseMod","Better Third Choice","BetterRewards","Colored Map","Downfall","Energized Spire","GungeonMod","Hermit","Magitek Elite","Marisa????????","Melee Mod","Minty Spire (QoL Compilation)","Shade Mod","StSLib","The Alterego","The Animator","The Bladedancer","The Bug Knight","The Cursed","The Death Knight","The Dragon Tamer","The Forsaken","The Judge","The Necromancer","The Runesmith","The Senshi","The Servant 0.9.4","The Wild Card"],"gold_per_floor":[99,115,131,149,211,211,211,246,257,268,285,285,16,34,53,157,157,157,169,169,226,282,282,282,297,24,24,59,74,74,74,92,188,188,188,244,300,64,64,77,101,101,101,120,188,1,1,35,50,50],"floor_reached":51,"language":"ENG","playtime":5712,"items_purged":[],"score":725,"play_id":"62fee53b-0a6a-4505-81df-fe5c813dabe4","local_time":"20210212195959","is_ascension_mode":false,"campfire_choices":[{"floor":1,"key":"RECALL"},{"floor":12,"key":"REST"},{"data":"Guardian:WalkerClaw","floor":18,"key":"SMITH"},{"floor":27,"key":"REST"},{"data":"Guardian:CrystalBeam","floor":35,"key":"SMITH"}],"circlet_count":0,"master_deck":["Guardian:Defend_Guardian","Guardian:Defend_Guardian","Guardian:Defend_Guardian","Guardian:Defend_Guardian","Guardian:CurlUp","Guardian:TwinSlam","Guardian:PrimingBeam","Guardian:SentryBeam","Guardian:TemporalStrike","Guardian:WalkerClaw+1","Guardian:BronzeOrb","Guardian:ChargeCore","Guardian:MultiBeam","Guardian:EvasiveProtocol","Guardian:ConstructionForm","Guardian:PrimingBeam+1","Guardian:Clone","Guardian:ChargeCore+1","Guardian:Reroute+1","Guardian:BronzeArmor","Guardian:CrystalBeam+1","expansioncontent:AwakenDeath","Guardian:PrismaticBeam","Guardian:Suspension","Bite","Bite","Bite","Bite","Bite","Guardian:TimeBomb","Guardian:AncientConstruct","Guardian:FloatingOrbs+1","Guardian:Incinerate+1","Guardian:CrystalBeam+1","Guardian:MultiBeam","Guardian:FloatingOrbs","Guardian:GuardianWhirl+1","theForsaken:PlagueCurse","Guardian:TimeCapacitor","Guardian:Recover+1","Guardian:Gem_Yellow","Guardian:Gem_Lightblue","Guardian:Gem_Fragmented","Guardian:RefractedBeam"],"relics":["Guardian:ModeShifter","TungstenRod","HollowMod:PaleOreRelic","Toolbox","theForsaken:PaleLantern","downfall:KnowingSkull","HornCleat","DemoMod:PinkGuonStone","Chemical X","DemoMod:PartiallyEatenCheese","SlaversCollar","Guardian:BottledStasis","Incense Burner","Strawberry","theForsaken:PlagueMask","Ornamental Fan","Lee\u0027s Waffle","Guardian:PickAxe","DemoMod:MeltedRock"],"acts_visited":["Exordium","TheCity","TheBeyond"],"potions_floor_usage":[5,8,15,16,16,40,40,46,46,50],"damage_taken":[{"damage":6,"enemies":"2 Louse","floor":2,"turns":2},{"damage":5,"enemies":"Jaw Worm","floor":3,"turns":4},{"damage":1,"enemies":"Cultist","floor":4,"turns":3},{"damage":14,"enemies":"Gremlin Nob","floor":5,"turns":5},{"damage":23,"enemies":"HollowMod:MossKnight","floor":8,"turns":10},{"damage":4,"enemies":"Lots of Slimes","floor":9,"turns":4},{"damage":12,"enemies":"Red Slaver","floor":10,"turns":3},{"damage":0,"enemies":"2 Fungi Beasts","floor":11,"turns":2},{"damage":5,"enemies":"downfall:FleeingMerchant","floor":13,"turns":4},{"damage":10,"enemies":"Exordium Thugs","floor":14,"turns":3},{"damage":7,"enemies":"Large Slime","floor":15,"turns":3},{"damage":17,"enemies":"SI_SHIV_ARCHETYPE","floor":16,"turns":16},{"damage":10,"enemies":"3 Byrds","floor":19,"turns":6},{"damage":18,"enemies":"Snake Plant","floor":21,"turns":5},{"damage":16,"enemies":"Snecko","floor":22,"turns":5},{"damage":0,"enemies":"Centurion and Healer","floor":25,"turns":4},{"damage":2,"enemies":"downfall:FleeingMerchant","floor":26,"turns":4},{"damage":2,"enemies":"HollowMod:Nosk","floor":28,"turns":6},{"damage":0,"enemies":"Cultist and Chosen","floor":29,"turns":6},{"damage":0,"enemies":"3 Cultists","floor":32,"turns":4},{"damage":19,"enemies":"DF_ARCHETYPE_CLAW","floor":33,"turns":6},{"damage":23,"enemies":"3 Shapes","floor":36,"turns":3},{"damage":2,"enemies":"Orb Walker","floor":37,"turns":3},{"damage":3,"enemies":"downfall:FleeingMerchant","floor":38,"turns":4},{"damage":16,"enemies":"Transient","floor":40,"turns":5},{"damage":18,"enemies":"Jaw Worm Horde","floor":44,"turns":3},{"damage":0,"enemies":"downfall:FleeingMerchant","floor":46,"turns":3},{"damage":28,"enemies":"Sphere and 2 Shapes","floor":48,"turns":4},{"damage":31,"enemies":"Spire Growth","floor":49,"turns":5},{"damage":35,"enemies":"WA_ARCHETYPE_DIVINITY","floor":50,"turns":11}],"seed_played":"6012523278068627097","potions_obtained":[{"floor":2,"key":"SpeedPotion"},{"floor":3,"key":"DeathKnight:RimePotion"},{"floor":11,"key":"SteroidPotion"},{"floor":14,"key":"GamblersBrew"},{"floor":15,"key":"Dexterity Potion"},{"floor":25,"key":"sneckomod:MuddlingPotion"},{"floor":29,"key":"Guardian:DefensiveModePotion"},{"floor":32,"key":"Explosive Potion"},{"floor":37,"key":"DemoMod:LeadSkinPotion"},{"floor":44,"key":"Weak Potion"},{"floor":49,"key":"Guardian:AcceleratePotion"}],"is_trial":false,"path_per_floor":["R","M","M","M","?","?","T","E","M","M","M","R","$","M","M","B",null,"R","M","?","M","M","?","T","M","$","R","E","M","?","?","M","B",null,"R","M","M","$","?","M","T","?","?","M","T","$","R","M","M","B",null],"character_chosen":"GUARDIAN","items_purchased":["Guardian:MultiBeam","Toolbox","Guardian:EvasiveProtocol","Chemical X","Guardian:CrystalBeam","expansioncontent:AwakenDeath","Guardian:BottledStasis","Guardian:MultiBeam","Guardian:FloatingOrbs","Lee\u0027s Waffle","Guardian:PickAxe","DemoMod:MeltedRock"],"campfire_rested":2,"item_purchase_floors":[13,13,13,26,26,26,38,38,38,46,46,46],"current_hp_per_floor":[88,82,77,76,62,62,62,39,35,23,23,49,44,34,27,10,88,88,78,71,53,37,37,44,44,42,70,68,68,68,66,66,51,66,66,49,53,54,54,38,45,64,64,48,48,71,71,43,12,24],"gold":50,"neow_bonus":"TEN_PERCENT_HP_BONUS","is_daily":false,"chose_seed":false,"campfire_upgraded":2,"win_rate":0.0,"timestamp":1613177999,"path_taken":["R","M","M","M","?","?","T","E","M","M","M","R","?","?","M","BOSS","R","M","?","M","?","?","T","M","?","R","E","M","?","?","M","BOSS","R","M","M","$","?","M","T","?","?","M","?","?","R","M","M","BOSS"],"items_purchased_type":["Card","Relic","Card","Relic","Card","Card","Relic","Card","Card","Relic","Relic","Relic"],"build_version":"2020-12-22","purchased_purges":0,"victory":true,"max_hp_per_floor":[88,88,88,88,88,88,88,88,88,88,88,88,88,88,88,88,88,88,88,88,88,88,88,95,95,95,95,95,95,95,66,66,66,66,66,66,66,66,66,66,73,64,64,64,64,71,71,71,71,71],"card_choices":[{"not_picked":["Guardian:TemporalShield","Guardian:Reroute"],"picked":"Guardian:PrimingBeam","floor":2},{"not_picked":["Guardian:Gem_Green","Guardian:DonusPower"],"picked":"Guardian:Gem_Red","floor":3},{"not_picked":["Guardian:Gem_Red","Guardian:TemporalShield"],"picked":"Guardian:SentryBeam","floor":4},{"not_picked":["Guardian:Gem_Cyan","Guardian:RevengeProtocol"],"picked":"Guardian:Gem_White","floor":5},{"not_picked":["Guardian:Gem_Red","Guardian:ShieldSpikes"],"picked":"Guardian:TemporalStrike","floor":8},{"not_picked":["Guardian:ShieldCharger","Guardian:PrimingBeam"],"picked":"Guardian:WalkerClaw","floor":9},{"not_picked":["Guardian:Gem_Cyan","Guardian:ChargeCore"],"picked":"Guardian:BronzeOrb","floor":10},{"not_picked":["Guardian:Gem_Green","Guardian:SentryBeam"],"picked":"Guardian:Gem_Purple","floor":11},{"not_picked":["Guardian:TimeBomb","Guardian:PrismaticBeam"],"picked":"Guardian:ChargeCore","floor":13},{"not_picked":["Guardian:TemporalShield","Guardian:Gem_Fragmented"],"picked":"Guardian:Gem_Yellow","floor":14},{"not_picked":["Guardian:Gem_Red","Guardian:TemporalShield"],"picked":"Guardian:Gem_Yellow","floor":15},{"not_picked":["Guardian:StasisStrike","Guardian:SphericShield"],"picked":"Guardian:ConstructionForm","floor":16},{"not_picked":["Guardian:TemporalStrike","Guardian:Gem_Cyan"],"picked":"Guardian:PrimingBeam+1","floor":19},{"not_picked":["Guardian:Gem_Cyan","Guardian:Gem_White"],"picked":"Guardian:Clone","floor":21},{"not_picked":["Guardian:Emergency","Guardian:SentryBeam"],"picked":"Guardian:ChargeCore+1","floor":22},{"not_picked":["Guardian:Gem_Purple","Guardian:VentSteam+1"],"picked":"Guardian:Reroute+1","floor":25},{"not_picked":["Guardian:VentSteam+1","Guardian:ExploitGems"],"picked":"Guardian:BronzeArmor","floor":26},{"not_picked":["Guardian:Harden","Guardian:VentSteam"],"picked":"Guardian:PrismaticBeam","floor":28},{"not_picked":["Guardian:PiercingHide","Guardian:Gem_Cyan"],"picked":"Guardian:Suspension","floor":29},{"not_picked":["Guardian:TemporalShield","Guardian:VentSteam"],"picked":"Guardian:TimeBomb","floor":32},{"not_picked":["Guardian:BaubleBeam","Guardian:ConstructionForm"],"picked":"Guardian:AncientConstruct","floor":33},{"not_picked":["Guardian:RefractedBeam","Guardian:Suspension"],"picked":"Guardian:FloatingOrbs+1","floor":36},{"not_picked":["Guardian:Planning+1","Guardian:TimeCapacitor"],"picked":"Guardian:Incinerate+1","floor":37},{"not_picked":["Guardian:ShieldSpikes+1","Guardian:StasisField"],"picked":"Guardian:CrystalBeam+1","floor":38},{"not_picked":["Guardian:VentSteam+1","Guardian:Gem_Green"],"picked":"Guardian:GuardianWhirl+1","floor":40},{"not_picked":["Guardian:Suspension","Guardian:Repulse"],"picked":"Guardian:TimeCapacitor","floor":44},{"not_picked":["Guardian:PolyBeam","Guardian:Planning+1"],"picked":"Guardian:Recover+1","floor":46},{"not_picked":["Guardian:ChargeCore+1","Guardian:ShieldCharger+1"],"picked":"Guardian:Gem_Fragmented","floor":48},{"not_picked":["Guardian:StasisField","Guardian:ShieldSpikes+1"],"picked":"Guardian:RefractedBeam","floor":49}],"player_experience":37628,"relics_obtained":[{"floor":5,"key":"TungstenRod"},{"floor":8,"key":"HollowMod:PaleOreRelic"},{"floor":24,"key":"DemoMod:PinkGuonStone"},{"floor":28,"key":"DemoMod:PartiallyEatenCheese"},{"floor":39,"key":"Incense Burner"},{"floor":41,"key":"Strawberry"},{"floor":45,"key":"Ornamental Fan"}],"event_choices":[{"damage_healed":0,"gold_gain":0,"player_choice":"Became a vampire","damage_taken":0,"max_hp_gain":0,"max_hp_loss":29,"event_name":"Vampires","floor":31,"gold_loss":0,"cards_obtained":["Bite","Bite","Bite","Bite","Bite"]},{"damage_healed":0,"gold_gain":0,"player_choice":"Obtain Plague Curse","damage_taken":0,"max_hp_gain":0,"max_hp_loss":0,"event_name":"Plague Doctor","floor":43,"gold_loss":0,"cards_obtained":["theForsaken:PlagueCurse"]}],"is_beta":false,"boss_relics":[{"not_picked":["Cursed Key","energizedSpire:MagnifyingGlass"],"picked":"theForsaken:PaleLantern"},{"not_picked":["SacredBark","Astrolabe"],"picked":"SlaversCollar"}],"items_purged_floors":[],"is_endless":false,"potions_floor_spawned":[2,3,11,14,15,25,29,32,37,44,49],"ascension_level":0}}