{"host":"81vb4cbob60wa1na","time":1613189648,"event":{"mods":["BaseMod","Dio Mod","Downfall","GifTheSpireLib","Hermit","Highlight Path","Minty Spire (QoL Compilation)","StSLib","The Bug Knight","The Cursed","The Disciple"],"gold_per_floor":[99,113,130,230,230,246,246,102,102,114,114,145,145,4,20,117,117,117,129,129,16,116,128,175,175,189,204,204,223,223,234,244,244,244,244],"floor_reached":33,"language":"ENG","playtime":1668,"items_purged":[],"score":274,"play_id":"9330eec3-53c9-43f4-8c87-83ab35bb313b","local_time":"20210212231408","is_ascension_mode":false,"campfire_choices":[{"data":"champ:Execute","floor":1,"key":"SMITH"},{"data":"champ:RisingSlash","floor":9,"key":"SMITH"},{"floor":11,"key":"REST"},{"data":"champ:UltimateStance","floor":18,"key":"SMITH"},{"floor":28,"key":"REST"},{"floor":30,"key":"REST"}],"circlet_count":0,"master_deck":["champ:Strike+1","champ:Strike+1","champ:Strike+1","champ:Strike+1","champ:Defend+1","champ:Defend+1","champ:Defend+1","champ:Defend+1","champ:Execute+1","champ:Taunt+1","champ:RisingSlash+1","champ:Haymaker+1","champ:AdrenalArmor","champ:AdrenalArmor","champ:AdrenalArmor","champ:AdrenalArmor","champ:ShieldSlam","champ:ArenaPreparation","champ:BerserkersShout","champ:UltimateStance+1","champ:BerserkersShout","champ:FaceSlap","champ:CalledShot+1","champ:Endure+1","champ:Haymaker+1","champ:CrownThrow+1"],"relics":["champ:ChampionCrownUpgraded","InkBottle","Bottled Lightning","Bag of Marbles","champ:BlackKnightHelmet","Ornamental Fan","Ancient Tea Set"],"acts_visited":["Exordium","TheCity"],"potions_floor_usage":[8,14,16,16,16,22,22,26,27,32],"damage_taken":[{"damage":16,"enemies":"Cultist","floor":2,"turns":3},{"damage":17,"enemies":"Jaw Worm","floor":3,"turns":4},{"damage":3,"enemies":"2 Louse","floor":6,"turns":2},{"damage":55,"enemies":"downfall:FleeingMerchant","floor":8,"turns":4},{"damage":33,"enemies":"2 Fungi Beasts","floor":10,"turns":4},{"damage":43,"enemies":"Gremlin Nob","floor":12,"turns":4},{"damage":41,"enemies":"downfall:FleeingMerchant","floor":14,"turns":4},{"damage":20,"enemies":"Large Slime","floor":15,"turns":2},{"damage":88,"enemies":"WA_ARCHETYPE_RETAIN","floor":16,"turns":5},{"damage":55,"enemies":"Chosen","floor":19,"turns":4},{"damage":40,"enemies":"downfall:FleeingMerchant","floor":21,"turns":4},{"damage":106,"enemies":"downfall:FleeingMerchant","floor":22,"turns":6},{"damage":63,"enemies":"Centurion and Healer","floor":23,"turns":3},{"damage":51,"enemies":"Snake Plant","floor":26,"turns":2},{"damage":50,"enemies":"3 Cultists","floor":27,"turns":4},{"damage":83,"enemies":"Sentry and Sphere","floor":29,"turns":4},{"damage":60,"enemies":"Cultist and Chosen","floor":31,"turns":4},{"damage":99,"enemies":"3 Cultists","floor":32,"turns":7},{"damage":140,"enemies":"IC_MUSHROOM_ARCHETYPE","floor":33,"turns":7}],"seed_played":"4687975810724785786","potions_obtained":[{"floor":6,"key":"FearPotion"},{"floor":10,"key":"Explosive Potion"},{"floor":12,"key":"Dexterity Potion"},{"floor":16,"key":"SteroidPotion"},{"floor":23,"key":"Slimebound:ThreeZeroPotion"},{"floor":26,"key":"DistilledChaos"},{"floor":27,"key":"SkillPotion"}],"is_trial":false,"path_per_floor":["R","M","M","?","?","M","T","$","R","M","R","E","?","$","M","B",null,"R","M","?","$","?","M","T","?","M","M","R","M","R","M","M","B"],"character_chosen":"THE_CHAMP","items_purchased":["champ:AdrenalArmor","LiquidMemories","Strength Potion","LiquidMemories","CultistPotion"],"campfire_rested":3,"item_purchase_floors":[8,8,14,14,21],"current_hp_per_floor":[90,84,82,82,82,79,79,79,79,76,90,67,64,63,63,50,90,90,90,90,80,54,52,52,52,52,52,79,71,90,90,59,0,0,0],"gold":244,"neow_bonus":"UPGRADE_CARD","is_daily":false,"chose_seed":false,"campfire_upgraded":3,"win_rate":0.0,"timestamp":1613189648,"path_taken":["R","M","M","?","?","M","T","?","R","M","R","E","?","$","M","BOSS","R","M","?","$","?","M","T","?","?","M","R","M","R","?","M","BOSS"],"items_purchased_type":["Card","Potion","Potion","Potion","Potion"],"build_version":"2020-12-22","purchased_purges":0,"victory":false,"max_hp_per_floor":[90,90,90,90,90,90,90,90,90,90,90,90,90,90,90,90,90,90,90,90,90,90,90,90,90,90,90,90,90,90,90,90,90,90,90],"card_choices":[{"not_picked":["champ:CrownThrow","champ:Shatter"],"picked":"champ:RisingSlash","floor":2},{"not_picked":["champ:Endure","champ:EndlessRage"],"picked":"champ:Haymaker","floor":3},{"not_picked":["champ:EnGarde","champ:ArenaPreparation"],"picked":"champ:AdrenalArmor","floor":6},{"not_picked":["champ:GutPunch","champ:ArenaPreparation"],"picked":"champ:AdrenalArmor","floor":8},{"not_picked":["champ:EnGarde","champ:ShieldWall"],"picked":"champ:AdrenalArmor","floor":10},{"not_picked":["champ:AdrenalArmor","champ:DefensiveStyle"],"picked":"champ:ShieldSlam","floor":12},{"not_picked":["champ:GutPunch","champ:AdrenalArmor"],"picked":"champ:ArenaPreparation","floor":14},{"not_picked":["champ:BringItOn","champ:Haymaker"],"picked":"champ:BerserkersShout","floor":15},{"not_picked":["champ:CheapShot","champ:LastStand"],"picked":"champ:UltimateStance","floor":16},{"not_picked":["champ:CrownThrow","champ:HeartStrike","champ:StanceDance"],"picked":"SKIP","floor":19},{"not_picked":["champ:RageSigil+1","champ:EndlessRage+1"],"picked":"champ:BerserkersShout","floor":21},{"not_picked":["champ:Lariat","champ:Shatter"],"picked":"champ:FaceSlap","floor":23},{"not_picked":["champ:FocusedDefense","champ:FlashCut","champ:EndlessRage"],"picked":"SKIP","floor":26},{"not_picked":["champ:StanceDance","champ:ViciousMockery+1"],"picked":"champ:CalledShot+1","floor":27},{"not_picked":["champ:Encircle","champ:Haymaker"],"picked":"champ:Endure+1","floor":29},{"not_picked":["champ:ShieldWall+1","champ:GutPunch"],"picked":"champ:Haymaker+1","floor":31},{"not_picked":["champ:Haymaker","champ:EnchantSword"],"picked":"champ:CrownThrow+1","floor":32}],"player_experience":313900,"relics_obtained":[{"floor":7,"key":"InkBottle"},{"floor":12,"key":"Bottled Lightning"},{"floor":22,"key":"champ:BlackKnightHelmet"},{"floor":22,"key":"Ornamental Fan"},{"floor":24,"key":"Ancient Tea Set"}],"event_choices":[{"damage_healed":0,"gold_gain":0,"player_choice":"Grow","damage_taken":0,"max_hp_gain":0,"max_hp_loss":0,"event_name":"Living Wall","floor":5,"gold_loss":0,"cards_upgraded":["champ:Haymaker"]},{"damage_healed":0,"gold_gain":0,"player_choice":"Success","damage_taken":3,"relics_obtained":["Bag of Marbles"],"max_hp_gain":0,"max_hp_loss":0,"event_name":"Scrap Ooze","floor":13,"gold_loss":0}],"is_beta":false,"boss_relics":[{"not_picked":["Black Star","Fusion Hammer"],"picked":"champ:ChampionCrownUpgraded"}],"items_purged_floors":[],"is_endless":false,"potions_floor_spawned":[6,10,12,15,16,23,26,27],"killed_by":"IC_MUSHROOM_ARCHETYPE","ascension_level":0}}