{"host":"zsnmfqgcm92hlreo","time":1613195704,"event":{"mods":["AchievementEnabler","BaseMod","Bestiary","Block Reminder","Colored Map","Colored Powertips","Filter the Spire","Minty Spire (QoL Compilation)","Permanent Neow","Quick Restart","Relic Stats","StSLib","Weighted Paths"],"gold_per_floor":[113,126,201,213,213,213,243,243,243,271,286,286,286,305,305,379,379,397,672,687,399,142,171,171,196,196,213,230,245,245,263,263,336,336,356,356,356,356],"floor_reached":37,"language":"ENG","playtime":1694,"items_purged":[],"score":1038,"play_id":"7439934c-44e0-479d-ada7-686fe13056a3","local_time":"20210212235504","is_ascension_mode":true,"campfire_choices":[{"data":"Scrawl","floor":6.0,"key":"SMITH"},{"data":"TalkToTheHand","floor":8.0,"key":"SMITH"},{"data":"Vigilance","floor":12.0,"key":"SMITH"},{"floor":15.0,"key":"REST"},{"floor":24,"key":"DIG"},{"floor":30,"key":"REST"},{"floor":32,"key":"REST"}],"circlet_count":0,"master_deck":["AscendersBane","Eruption","Vigilance+1","DeusExMachina+1","Scrawl+1","TalkToTheHand+1","FlurryOfBlows","BowlingBash","WreathOfFlame+1","SashWhip","Ragnarok","Wireheading","FlurryOfBlows","ClearTheMind","Consecrate","Vengeance","Evaluate","Blasphemy+1","CurseOfTheBell","CutThroughFate","TalkToTheHand","ThirdEye","MentalFortress","EmptyBody","Protect","ThirdEye","BowlingBash+1","CrushJoints+1","DevaForm","Crescendo","Devotion","FlurryOfBlows+1"],"relics":["Pandora\u0027s Box","White Beast Statue","War Paint","Damaru","Calling Bell","Omamori","Yang","Prayer Wheel","TeardropLocket","OrangePellets","Shovel","Mummified Hand","Molten Egg 2","The Courier","Cursed Key"],"acts_visited":["Exordium","TheCity","TheBeyond"],"potions_floor_usage":[25,31,33,37,37,37],"damage_taken":[{"damage":0.0,"enemies":"Small Slimes","floor":1.0,"turns":2.0},{"damage":10.0,"enemies":"2 Louse","floor":2.0,"turns":2.0},{"damage":0.0,"enemies":"Cultist","floor":4.0,"turns":2.0},{"damage":0.0,"enemies":"Gremlin Nob","floor":7.0,"turns":2.0},{"damage":12.0,"enemies":"3 Sentries","floor":10.0,"turns":3.0},{"damage":0.0,"enemies":"Blue Slaver","floor":11.0,"turns":2.0},{"damage":14.0,"enemies":"Exordium Thugs","floor":14.0,"turns":3.0},{"damage":0.0,"enemies":"Hexaghost","floor":16.0,"turns":7.0},{"damage":5.0,"enemies":"Chosen","floor":18.0,"turns":6.0},{"damage":16.0,"enemies":"Shell Parasite","floor":20.0,"turns":4.0},{"damage":0,"enemies":"Gremlin Leader","floor":23,"turns":1},{"damage":10,"enemies":"Slavers","floor":25,"turns":2},{"damage":2,"enemies":"Centurion and Healer","floor":27,"turns":6},{"damage":0,"enemies":"3 Cultists","floor":28,"turns":4},{"damage":2,"enemies":"Snecko","floor":29,"turns":4},{"damage":18,"enemies":"Sentry and Sphere","floor":31,"turns":6},{"damage":11,"enemies":"Champ","floor":33,"turns":8},{"damage":19,"enemies":"Orb Walker","floor":35,"turns":4},{"damage":43,"enemies":"3 Darklings","floor":37,"turns":2}],"seed_played":"-6845836780554549559","potions_obtained":[{"floor":1.0,"key":"DistilledChaos"},{"floor":10.0,"key":"FearPotion"},{"floor":11.0,"key":"Regen Potion"},{"floor":14.0,"key":"DistilledChaos"},{"floor":16.0,"key":"Block Potion"},{"floor":18.0,"key":"BlessingOfTheForge"},{"floor":25,"key":"LiquidMemories"},{"floor":31,"key":"LiquidBronze"},{"floor":33,"key":"SpeedPotion"},{"floor":35,"key":"EntropicBrew"}],"is_trial":false,"path_per_floor":["M","M","?","M","?","R","E","R","T","E","M","R","?","M","R","B",null,"M","?","M","$","$","E","R","E","T","M","M","M","R","M","R","B",null,"M","?","M"],"character_chosen":"WATCHER","items_purchased":["TeardropLocket","OrangePellets","MentalFortress"],"campfire_rested":3,"item_purchase_floors":[21,22,22],"current_hp_per_floor":[61,51,40,40,40,40,40,40,40,28,28,28,18,13,33,33,59,54,54,38,38,38,38,38,28,28,26,26,24,44,26,46,35,60,41,41,0,0],"gold":356,"neow_bonus":"BOSS_RELIC","is_daily":false,"chose_seed":false,"campfire_upgraded":3,"win_rate":0.0,"timestamp":1613195704,"path_taken":["M","M","?","M","?","R","E","R","T","E","M","R","?","?","R","BOSS","M","?","M","?","$","E","R","E","T","M","M","M","R","M","R","BOSS","M","?","?"],"items_purchased_type":["Relic","Relic","Card"],"build_version":"2020-12-22","purchased_purges":0,"victory":false,"max_hp_per_floor":[68,68,68,68,68,68,68,68,68,68,68,68,68,68,68,68,68,68,68,68,68,68,68,68,68,68,68,68,68,68,68,68,68,68,68,68,68,68],"relic_stats":{"OrangePellets":[12],"Shovel":1,"counters":[19,70],"Mummified Hand":[15],"Pandora\u0027s Box":["DeusExMachina","Scrawl","TalkToTheHand","FlurryOfBlows","BowlingBash","WreathOfFlame","SashWhip","Ragnarok"],"Yang":[126],"Prayer Wheel":7,"War Paint":["WreathOfFlame","DeusExMachina"],"Cursed Key":0,"obtain_stats":[{"Damaru":10,"Yang":17,"The Courier":26,"Omamori":17,"TeardropLocket":21,"War Paint":9,"Cursed Key":34,"White Beast Statue":7,"Calling Bell":17,"OrangePellets":22,"Shovel":23,"Mummified Hand":24,"Pandora\u0027s Box":0,"Prayer Wheel":17,"Molten Egg 2":25,"PureWater":0},{"Damaru":5,"Yang":8,"The Courier":12,"Omamori":8,"TeardropLocket":10,"War Paint":4,"Cursed Key":17,"White Beast Statue":4,"Calling Bell":8,"OrangePellets":10,"Shovel":11,"Mummified Hand":11,"Pandora\u0027s Box":0,"Prayer Wheel":8,"Molten Egg 2":12,"PureWater":0},{"Damaru":11,"Yang":23,"The Courier":36,"Omamori":23,"TeardropLocket":33,"War Paint":8,"Cursed Key":64,"White Beast Statue":8,"Calling Bell":23,"OrangePellets":33,"Shovel":34,"Mummified Hand":34,"Pandora\u0027s Box":0,"Prayer Wheel":23,"Molten Egg 2":36,"PureWater":0}]},"card_choices":[{"not_picked":["Adaptation","Indignation"],"picked":"Wireheading","floor":1.0},{"not_picked":["ClearTheMind","MentalFortress","CrushJoints"],"picked":"SKIP","floor":2.0},{"not_picked":["JustLucky","Nirvana"],"picked":"FlurryOfBlows","floor":4.0},{"not_picked":["BattleHymn","FlyingSleeves"],"picked":"ClearTheMind","floor":7.0},{"not_picked":["MentalFortress","ReachHeaven"],"picked":"Consecrate","floor":10.0},{"not_picked":["Halt","FlyingSleeves"],"picked":"Vengeance","floor":11.0},{"not_picked":["FollowUp","Consecrate"],"picked":"Evaluate","floor":14.0},{"not_picked":["Alpha","MasterReality"],"picked":"Blasphemy","floor":16.0},{"not_picked":["Protect","SandsOfTime"],"picked":"CutThroughFate","floor":18.0},{"not_picked":["CutThroughFate","FlyingSleeves","CrushJoints"],"picked":"SKIP","floor":18.0},{"not_picked":["Halt","EmptyBody"],"picked":"TalkToTheHand","floor":20.0},{"not_picked":["InnerPeace+1","Adaptation"],"picked":"ThirdEye","floor":20.0},{"not_picked":["ReachHeaven","FollowUp"],"picked":"EmptyBody","floor":23},{"not_picked":["Worship","SashWhip+1"],"picked":"Protect","floor":25},{"not_picked":["Evaluate","Worship"],"picked":"ThirdEye","floor":27},{"not_picked":["ReachHeaven+1","Halt","EmptyMind"],"picked":"SKIP","floor":27},{"not_picked":["ReachHeaven+1","Halt","EmptyMind"],"picked":"SKIP","floor":27},{"not_picked":["EmptyBody","Swivel"],"picked":"BowlingBash+1","floor":28},{"not_picked":["Indignation","ForeignInfluence+1"],"picked":"CrushJoints+1","floor":28},{"not_picked":["Prostrate","ThirdEye"],"picked":"DevaForm","floor":29},{"not_picked":["Halt","ClearTheMind","InnerPeace"],"picked":"SKIP","floor":29},{"not_picked":["Halt","EmptyBody","Omniscience"],"picked":"SKIP","floor":31},{"not_picked":["Crescendo","EmptyBody","EmptyFist+1"],"picked":"SKIP","floor":31},{"not_picked":["EmptyBody","EmptyFist+1"],"picked":"Crescendo","floor":31},{"not_picked":["Halt","EmptyBody","Omniscience"],"picked":"SKIP","floor":31},{"not_picked":["ConjureBlade","MasterReality"],"picked":"Devotion","floor":33},{"not_picked":["Wallop+1","CrushJoints+1"],"picked":"FlurryOfBlows+1","floor":35},{"not_picked":["ClearTheMind+1","FollowUp+1","Evaluate+1"],"picked":"SKIP","floor":35}],"player_experience":1108127,"relics_obtained":[{"floor":7.0,"key":"White Beast Statue"},{"floor":9.0,"key":"War Paint"},{"floor":10.0,"key":"Damaru"},{"floor":17.0,"key":"Omamori"},{"floor":17.0,"key":"Yang"},{"floor":17.0,"key":"Prayer Wheel"},{"floor":23,"key":"Shovel"},{"floor":24,"key":"Mummified Hand"},{"floor":25,"key":"Molten Egg 2"},{"floor":26,"key":"The Courier"}],"event_choices":[{"damage_healed":0.0,"max_hp_gain":0.0,"max_hp_loss":0.0,"gold_gain":75.0,"event_name":"World of Goop","player_choice":"Gather Gold","floor":3.0,"gold_loss":0.0,"damage_taken":11.0},{"damage_healed":0.0,"max_hp_gain":0.0,"max_hp_loss":0.0,"gold_gain":0.0,"event_name":"Golden Wing","player_choice":"Ignored","floor":5.0,"gold_loss":0.0,"damage_taken":0.0},{"damage_healed":0.0,"max_hp_gain":0.0,"max_hp_loss":0.0,"gold_gain":0.0,"event_name":"Wheel of Change","player_choice":"Damaged","floor":13.0,"gold_loss":0.0,"damage_taken":10.0},{"damage_healed":0.0,"max_hp_gain":0.0,"max_hp_loss":0.0,"gold_gain":275.0,"event_name":"Golden Shrine","player_choice":"Desecrate","floor":19.0,"gold_loss":0.0,"damage_taken":0.0,"cards_obtained":["Regret"]},{"damage_healed":0,"gold_gain":0,"player_choice":"Upgraded","damage_taken":0,"max_hp_gain":0,"max_hp_loss":0,"event_name":"Upgrade Shrine","floor":36,"gold_loss":0,"cards_upgraded":["Blasphemy"]}],"is_beta":false,"boss_relics":[{"not_picked":["Velvet Choker","SlaversCollar"],"picked":"Calling Bell"},{"not_picked":["SacredBark","Busted Crown"],"picked":"Cursed Key"}],"items_purged_floors":[],"is_endless":false,"potions_floor_spawned":[1,10,11,14,16,18,20,23,25,27,28,29,31,33,35],"killed_by":"3 Darklings","ascension_level":20}}