{"host":"bakf0s4odzu8z5xt","time":1613259167,"event":{"mods":["2.2 Compatiblity","BaseMod","Downfall","Friendly Minions","Minty Spire (QoL Compilation)","StSLib"],"gold_per_floor":[99,112,22,22,7,7,7,22,47,47,104,116,127,144,163,263,263,263,282,301,401,420,437,460,486,486,486,486],"floor_reached":26,"language":"ENG","playtime":1859,"items_purged":["Guardian:Defend_Guardian"],"score":265,"play_id":"f4d6c00e-bd2a-4917-a991-a8701024fcb3","local_time":"20210213173247","is_ascension_mode":true,"campfire_choices":[{"data":"Guardian:CurlUp","floor":1.0,"key":"SMITH"},{"data":"Guardian:PrismaticBarrier","floor":6.0,"key":"SMITH"},{"floor":10.0,"key":"REST"},{"floor":18.0,"key":"RECALL"}],"circlet_count":0,"master_deck":["Guardian:Strike_Guardian","Guardian:Strike_Guardian","Guardian:Strike_Guardian","Guardian:Defend_Guardian","Guardian:Defend_Guardian","Guardian:Defend_Guardian","Guardian:CurlUp+1","Guardian:TwinSlam","Guardian:PrismaticBarrier+1","Guardian:RollAttack","Guardian:RefractedBeam","Guardian:Gem_Orange","Guardian:Gem_Green","Guardian:Gem_Cyan","Guardian:ShieldSpikes","Guardian:PrismaticBarrier"],"relics":["Guardian:ModeShifter","Nunchaku","Kunai","Coffee Dripper","downfall:GremlinWheel","Darkstone Periapt"],"acts_visited":["Exordium","TheCity"],"potions_floor_usage":[25],"damage_taken":[{"damage":4.0,"enemies":"Small Slimes","floor":2.0,"turns":6.0},{"damage":0.0,"enemies":"downfall:FleeingMerchant","floor":3.0,"turns":4.0},{"damage":10.0,"enemies":"downfall:FleeingMerchant","floor":5.0,"turns":4.0},{"damage":2.0,"enemies":"Jaw Worm","floor":8.0,"turns":3.0},{"damage":15.0,"enemies":"3 Sentries","floor":9.0,"turns":9.0},{"damage":14.0,"enemies":"Gremlin Nob","floor":11.0,"turns":5.0},{"damage":0.0,"enemies":"Cultist","floor":12.0,"turns":2.0},{"damage":0.0,"enemies":"Large Slime","floor":13.0,"turns":4.0},{"damage":0.0,"enemies":"Lots of Slimes","floor":14.0,"turns":1.0},{"damage":1.0,"enemies":"Blue Slaver","floor":15.0,"turns":3.0},{"damage":14.0,"enemies":"DF_ARCHETYPE_STREAMLINE","floor":16.0,"turns":11.0},{"damage":0.0,"enemies":"Shell Parasite","floor":19.0,"turns":4.0},{"damage":0.0,"enemies":"3 Byrds","floor":20.0,"turns":2.0},{"damage":12.0,"enemies":"3 Byrds","floor":21.0,"turns":5.0},{"damage":0.0,"enemies":"Snecko","floor":22.0,"turns":5.0},{"damage":23.0,"enemies":"Centurion and Healer","floor":23.0,"turns":6.0},{"damage":39,"enemies":"Slavers","floor":25,"turns":8},{"damage":8,"enemies":"Shelled Parasite and Fungi","floor":26,"turns":1}],"seed_played":"6329000078991373331","potions_obtained":[{"floor":8.0,"key":"PowerPotion"},{"floor":11.0,"key":"LiquidMemories"},{"floor":12.0,"key":"Energy Potion"},{"floor":14.0,"key":"bronze:BurnAndBuffPotion"},{"floor":15.0,"key":"DistilledChaos"},{"floor":19.0,"key":"LiquidBronze"}],"is_trial":false,"path_per_floor":["R","M","$","?","$","R","T","M","E","R","?","M","M","M","M","B",null,"R","M","M","?","M","M","T","E","M"],"character_chosen":"GUARDIAN","items_purchased":[],"campfire_rested":1,"item_purchase_floors":[],"current_hp_per_floor":[80,76,76,52,42,42,42,40,25,49,35,35,35,35,34,20,80,80,80,80,68,68,45,45,6,0,0,0],"gold":486,"neow_bonus":"TRANSFORM_CARD","is_daily":false,"chose_seed":false,"campfire_upgraded":2,"win_rate":0.0,"timestamp":1613259167,"path_taken":["R","M","$","?","?","R","T","M","E","R","?","M","?","M","M","BOSS","R","M","M","?","M","?","T","E","M"],"items_purchased_type":[],"build_version":"2020-12-22","purchased_purges":1,"victory":false,"max_hp_per_floor":[80,80,80,80,80,80,80,80,80,80,80,80,80,80,80,80,80,80,80,80,80,80,80,80,80,80,80,80],"card_choices":[{"not_picked":["Guardian:Gem_Red","Guardian:PiercingHide"],"picked":"Guardian:Gem_Lightblue","floor":2.0},{"not_picked":["Guardian:Planning","Guardian:Preprogram"],"picked":"Guardian:RollAttack","floor":3.0},{"not_picked":["Guardian:WalkerClaw","Guardian:Recover"],"picked":"Guardian:Gem_White","floor":5.0},{"not_picked":["Guardian:Gem_Yellow","Guardian:MultiBeam","Guardian:ChargeCore"],"picked":"SKIP","floor":8.0},{"not_picked":["Guardian:Recover","Guardian:TimeSifter","Guardian:Suspension"],"picked":"SKIP","floor":9.0},{"not_picked":["Guardian:GuardianWhirl","Guardian:Planning"],"picked":"Guardian:RefractedBeam","floor":11.0},{"not_picked":["Guardian:CrystalBeam","Guardian:Planning","Guardian:Gem_Red"],"picked":"SKIP","floor":12.0},{"not_picked":["Guardian:Emergency","Guardian:BronzeOrb","Guardian:Gem_Yellow"],"picked":"SKIP","floor":13.0},{"not_picked":["Guardian:TimeSifter","Guardian:Gem_Yellow","Guardian:Gem_Lightblue"],"picked":"SKIP","floor":14.0},{"not_picked":["Guardian:Gem_Purple","Guardian:Gem_Red","Guardian:Gem_Lightblue"],"picked":"SKIP","floor":15.0},{"not_picked":["Guardian:StasisField","Guardian:CompilePackage"],"picked":"Guardian:Gem_Orange","floor":16.0},{"not_picked":["Guardian:CrystalBeam","Guardian:ChargeCore+1"],"picked":"Guardian:Gem_Green","floor":19.0},{"not_picked":["Guardian:Recover","Guardian:PrimingBeam"],"picked":"Guardian:Gem_Cyan","floor":20.0},{"not_picked":["Guardian:Gem_Red","Guardian:Gem_Lightblue","Guardian:Recover"],"picked":"SKIP","floor":22.0},{"not_picked":["Guardian:ChargeUp","Guardian:Clone"],"picked":"Guardian:ShieldSpikes","floor":23.0},{"not_picked":["Guardian:ChargeCore","Guardian:Gem_Lightblue"],"picked":"Guardian:PrismaticBarrier","floor":25}],"player_experience":2186470,"relics_obtained":[{"floor":7.0,"key":"Nunchaku"},{"floor":9.0,"key":"Kunai"},{"floor":21.0,"key":"downfall:GremlinWheel"},{"floor":25,"key":"Darkstone Periapt"}],"event_choices":[],"is_beta":false,"boss_relics":[{"not_picked":["Philosopher\u0027s Stone","Runic Dome"],"picked":"Coffee Dripper"}],"items_purged_floors":[3],"is_endless":false,"potions_floor_spawned":[8,11,12,13,14,15,19],"killed_by":"Shelled Parasite and Fungi","ascension_level":3}}