{"host":"8cqz7u612ax6p4mk","time":1613190555,"event":{"mods":["AchievementEnabler","BaseMod","Bestiary","DeckTracker","Minty Spire (QoL Compilation)","Relic Stats","The Servant 0.9.4"],"gold_per_floor":[110,130,130,143,155,189,189,199,199,199,210,220,233,245,245,344,344,364,212,224,71,71,71,71,104,104,131,153,180,80,118,118,224,269,289,334,26,26,26,26,49,77,103,134,134,134,161,181,181,181],"floor_reached":51,"language":"ENG","playtime":3099,"items_purged":["Defend_S","Strike_S","Writhe"],"score":732,"play_id":"01ebe7c0-751a-4d91-bd1c-cb7085df7918","local_time":"20210212232915","is_ascension_mode":true,"campfire_choices":[{"floor":7,"key":"REST"},{"data":"Gouge","floor":10,"key":"SMITH"},{"floor":15,"key":"REST"},{"data":"Comet","floor":23,"key":"SMITH"},{"floor":32,"key":"REST"},{"data":"Starlight","floor":40,"key":"SMITH"},{"floor":45,"key":"REST"},{"floor":49,"key":"REST"}],"circlet_count":0,"master_deck":["KidneyShot+1","Exchange","Starlight+1","FanOfKnives","Gouge+1","Luminosity","Comet+1","GearUp","Dilation","Advance","FastForward","InstantArmor","Misdirection","SilverBlades+1","Rewind","TheWorld","Spin","SpecialFormula","Collapse+1","Alleviate","Misdirection","Gouge+1","BottledTime","Gouge+1","Rearm","Ricochet+1"],"relics":["Uniform","Nunchaku","HornCleat","Philosopher\u0027s Stone","Lantern","Orichalcum","StrikeDummy","Du-Vu Doll","CeramicFish","Shuriken","Pandora\u0027s Box","Calipers","DollysMirror","Ancient Tea Set","Bag of Marbles"],"acts_visited":["Exordium","TheCity","TheBeyond"],"potions_floor_usage":[6,16,31,33,33,33,33,36,36,42,50,50],"damage_taken":[{"damage":4,"enemies":"Jaw Worm","floor":1,"turns":4},{"damage":0,"enemies":"Cultist","floor":2,"turns":3},{"damage":8,"enemies":"2 Louse","floor":4,"turns":3},{"damage":11,"enemies":"Blue Slaver","floor":5,"turns":5},{"damage":36,"enemies":"3 Sentries","floor":6,"turns":11},{"damage":14,"enemies":"Exordium Wildlife","floor":8,"turns":4},{"damage":0,"enemies":"Looter","floor":11,"turns":3},{"damage":0,"enemies":"2 Fungi Beasts","floor":12,"turns":3},{"damage":0,"enemies":"Exordium Wildlife","floor":13,"turns":2},{"damage":3,"enemies":"Gremlin Gang","floor":14,"turns":4},{"damage":13,"enemies":"Slime Boss","floor":16,"turns":7},{"damage":1,"enemies":"Shell Parasite","floor":18,"turns":4},{"damage":6,"enemies":"Spheric Guardian","floor":20,"turns":4},{"damage":11,"enemies":"Book of Stabbing","floor":25,"turns":5},{"damage":0,"enemies":"Snecko","floor":27,"turns":3},{"damage":10,"enemies":"Centurion and Healer","floor":28,"turns":4},{"damage":8,"enemies":"Snake Plant","floor":29,"turns":3},{"damage":4,"enemies":"Slavers","floor":31,"turns":6},{"damage":23,"enemies":"Collector","floor":33,"turns":10},{"damage":9,"enemies":"3 Shapes","floor":35,"turns":2},{"damage":25,"enemies":"2 Orb Walkers","floor":36,"turns":7},{"damage":0,"enemies":"Orb Walker","floor":41,"turns":2},{"damage":0,"enemies":"Transient","floor":42,"turns":5},{"damage":51,"enemies":"Reptomancer","floor":44,"turns":7},{"damage":7,"enemies":"Sphere and 2 Shapes","floor":47,"turns":5},{"damage":0,"enemies":"4 Shapes","floor":48,"turns":2},{"damage":31,"enemies":"Donu and Deca","floor":50,"turns":9}],"seed_played":"7349580650262587830","potions_obtained":[{"floor":4,"key":"Fire Potion"},{"floor":8,"key":"EntropicBrew"},{"floor":13,"key":"DuplicationPotion"},{"floor":14,"key":"BlessingOfTheForge"},{"floor":16,"key":"DuplicationPotion"},{"floor":27,"key":"DuplicationPotion"},{"floor":33,"key":"Energy Potion"},{"floor":35,"key":"DuplicationPotion"},{"floor":36,"key":"DistilledChaos"},{"floor":44,"key":"SteroidPotion"}],"is_trial":false,"path_per_floor":["M","M","?","M","M","E","R","M","T","R","M","M","M","M","R","B",null,"M","$","M","$","?","R","T","E","T","M","M","M","$","E","R","B",null,"M","?","$","?","$","R","M","M","T","E","R","?","M","M","R","B",null],"character_chosen":"THE_SERVANT","items_purchased":["Advance","Lantern","DollysMirror","BottledTime"],"campfire_rested":5,"item_purchase_floors":[19,21,37,37],"current_hp_per_floor":[61,61,61,53,42,6,25,11,11,11,11,11,11,8,27,14,65,64,64,58,58,58,58,58,47,47,47,37,29,29,25,44,21,65,56,31,31,57,57,57,57,57,57,11,28,28,26,26,43,12],"gold":181,"neow_bonus":"UPGRADE_CARD","is_daily":false,"chose_seed":false,"campfire_upgraded":3,"win_rate":0.0,"timestamp":1613190555,"path_taken":["M","M","?","M","M","E","R","M","T","R","M","M","M","M","R","BOSS","M","$","M","?","?","R","?","E","T","M","?","M","$","E","R","BOSS","M","?","$","?","?","R","M","?","T","E","R","?","M","M","R","BOSS"],"items_purchased_type":["Card","Relic","Relic","Card"],"build_version":"2020-12-22","purchased_purges":3,"victory":true,"max_hp_per_floor":[65,65,65,65,65,65,65,65,65,65,65,65,65,65,65,65,65,65,65,65,65,65,65,65,65,65,65,65,65,65,65,65,65,65,65,65,65,57,57,57,57,57,57,57,57,57,57,57,57,57],"relic_stats":{"Nunchaku":[18],"counters":[27,127],"Shuriken":[14],"CeramicFish":135,"Pandora\u0027s Box":["Spin","SpecialFormula","Collapse","Alleviate","Misdirection"],"Orichalcum":[90],"obtain_stats":[{"Lantern":21,"Calipers":36,"CeramicFish":26,"Uniform":0,"Orichalcum":22,"Ancient Tea Set":43,"Du-Vu Doll":25,"Nunchaku":6,"HornCleat":9,"Shuriken":31,"DollysMirror":37,"Philosopher\u0027s Stone":17,"Pandora\u0027s Box":34,"Bag of Marbles":44,"StrikeDummy":24},{"Lantern":13,"Calipers":21,"CeramicFish":14,"Uniform":0,"Orichalcum":13,"Ancient Tea Set":23,"Du-Vu Doll":14,"Nunchaku":5,"HornCleat":6,"Shuriken":18,"DollysMirror":21,"Philosopher\u0027s Stone":11,"Pandora\u0027s Box":19,"Bag of Marbles":24,"StrikeDummy":13},{"Lantern":57,"Calipers":97,"CeramicFish":62,"Uniform":0,"Orichalcum":57,"Ancient Tea Set":104,"Du-Vu Doll":62,"Nunchaku":26,"HornCleat":30,"Shuriken":78,"DollysMirror":97,"Philosopher\u0027s Stone":49,"Pandora\u0027s Box":88,"Bag of Marbles":111,"StrikeDummy":57}]},"card_choices":[{"not_picked":["TimeWarp","Alleviate"],"picked":"Starlight","floor":1},{"not_picked":["Reset","Manipulate","Alleviate"],"picked":"SKIP","floor":2},{"not_picked":["Revamp","Defy"],"picked":"FanOfKnives","floor":4},{"not_picked":["Revamp","Manipulate","Starlight"],"picked":"SKIP","floor":5},{"not_picked":["Embodiment","ShatteredReality"],"picked":"Gouge","floor":6},{"not_picked":["Replace","Reset","FastForward"],"picked":"SKIP","floor":8},{"not_picked":["Alleviate","Contraction"],"picked":"Luminosity","floor":11},{"not_picked":["Shuttle","BottledTime"],"picked":"Comet","floor":12},{"not_picked":["StarChef","Ricochet","Revamp"],"picked":"SKIP","floor":13},{"not_picked":["Advance","BestPractice"],"picked":"GearUp","floor":14},{"not_picked":["TheWorld","LightFlow"],"picked":"Dilation","floor":16},{"not_picked":["Revamp","BestPractice+1","DoubleEdge"],"picked":"SKIP","floor":18},{"not_picked":["FanOfKnives","DoubleEdge","Potential+1"],"picked":"SKIP","floor":20},{"not_picked":["Replace","Unruled"],"picked":"FastForward","floor":25},{"not_picked":["Moonlight+1","Comet"],"picked":"InstantArmor","floor":27},{"not_picked":["Unruled","Ricochet"],"picked":"Misdirection","floor":28},{"not_picked":["MurderousAura","Reset"],"picked":"SilverBlades+1","floor":29},{"not_picked":["Comet","Deny"],"picked":"Rewind","floor":31},{"not_picked":["Initiator","FlawlessForm"],"picked":"TheWorld","floor":33},{"not_picked":["Foresight","FastForward","Potential+1"],"picked":"SKIP","floor":35},{"not_picked":["SurpressingFire","Replace"],"picked":"Gouge+1","floor":41},{"not_picked":["DualDimension","DoubleEdge+1"],"picked":"Rearm","floor":42},{"not_picked":["Alleviate","ShatteredReality","Embodiment"],"picked":"SKIP","floor":44},{"not_picked":["Collapse","Snipe"],"picked":"Ricochet+1","floor":47},{"not_picked":["InstantArmor+1","SpecialFormula+1","Starlight"],"picked":"SKIP","floor":48}],"player_experience":174152,"relics_obtained":[{"floor":6,"key":"Nunchaku"},{"floor":9,"key":"HornCleat"},{"floor":24,"key":"StrikeDummy"},{"floor":25,"key":"Du-Vu Doll"},{"floor":26,"key":"CeramicFish"},{"floor":31,"key":"Shuriken"},{"floor":36,"key":"Calipers"},{"floor":43,"key":"Ancient Tea Set"},{"floor":44,"key":"Bag of Marbles"}],"event_choices":[{"cards_removed":["Strike_S"],"damage_healed":0,"gold_gain":0,"player_choice":"Purged","damage_taken":0,"max_hp_gain":0,"max_hp_loss":0,"event_name":"Purifier","floor":3,"gold_loss":0},{"damage_healed":0,"gold_gain":0,"player_choice":"Opened","damage_taken":0,"relics_obtained":["Orichalcum"],"max_hp_gain":0,"max_hp_loss":0,"event_name":"The Mausoleum","floor":22,"gold_loss":0,"cards_obtained":["Writhe"]},{"damage_healed":0,"gold_gain":0,"player_choice":"Fight","damage_taken":0,"max_hp_gain":0,"max_hp_loss":0,"event_name":"Mysterious Sphere","floor":36,"gold_loss":0},{"damage_healed":57,"gold_gain":0,"player_choice":"Heal","damage_taken":0,"max_hp_gain":0,"max_hp_loss":8,"event_name":"The Moai Head","floor":38,"gold_loss":0},{"damage_healed":0,"gold_gain":0,"player_choice":"Forge","damage_taken":0,"max_hp_gain":0,"max_hp_loss":0,"event_name":"Accursed Blacksmith","floor":46,"gold_loss":0,"cards_upgraded":["Collapse"]}],"is_beta":false,"boss_relics":[{"not_picked":["SacredBark","Fusion Hammer"],"picked":"Philosopher\u0027s Stone"},{"not_picked":["StoneMask","Sozu"],"picked":"Pandora\u0027s Box"}],"items_purged_floors":[19,30,37],"is_endless":false,"potions_floor_spawned":[4,8,13,14,16,25,27,28,29,33,35,36,44],"ascension_level":1}}