{"host":"6w2j56hja3af4f39","time":1613217661,"event":{"mods":["AlwaysNeverKeys","BaseMod","Bestiary","Better Altar","Better Match","Better Note","Better Sensory Stone","Better Skull","Better Third Choice","BetterRewards","Block Reminder","Colored Powertips","DeckTracker","Minty Spire (QoL Compilation)","Permanent Neow","Quick Restart","Rare Cards Sparkle","Spicy Shops","Spire Arcade","StSLib","The Animator"],"gold_per_floor":[119,131,131,142,159,191,191,219,269,44,44,54,54,87,87,188,188,200,216,216,234,48,79,91,118,130,142,171,210,222,250,262,379,391,417,429,458,484,496,540,552,576,615,637,447,497,497,522,522,522,522,522,6,35,35],"floor_reached":56,"language":"ENG","playtime":2674,"items_purged":["Pain","Fiend Fire","Reaper"],"score":1417,"play_id":"34ed6ff6-8ba0-4586-a38d-3d7af48c4a72","local_time":"20210213230101","is_ascension_mode":true,"campfire_choices":[{"data":"Feed","floor":7,"key":"SMITH"},{"data":"Immolate","floor":13,"key":"SMITH"},{"data":"Shockwave","floor":15,"key":"SMITH"},{"data":"Pummel","floor":24,"key":"SMITH"},{"data":"Hemokinesis","floor":27,"key":"SMITH"},{"data":"Berserk","floor":32,"key":"SMITH"},{"data":"Immolate","floor":41,"key":"SMITH"},{"floor":47,"key":"RECALL"},{"data":"Barricade","floor":49,"key":"SMITH"},{"data":"Uppercut","floor":52,"key":"SMITH"}],"circlet_count":0,"master_deck":["Strike_R","Strike_R","Strike_R","Strike_R","Strike_R","Defend_R","Defend_R","Defend_R","Defend_R","Bash","Feed+1","Clash","Pummel+1","Thunderclap","Immolate+1","Shockwave+1","Cleave","Hemokinesis+1","Uppercut+1","Headbutt","Sword Boomerang","Berserk+1","Shrug It Off","Barricade+1","Blood for Blood","Flame Barrier","Shrug It Off","Immolate+1","Hemokinesis+1","Uppercut+1","Carnage"],"relics":["Burning Blood","Sundial","Ornamental Fan","Juzu Bracelet","Orichalcum","Shuriken","Art of War","Coffee Dripper","Pantograph","Sling","MawBank","HornCleat","SacredBark","InkBottle","Nunchaku","Thread and Needle","Ginger","Paper Frog","Self Forming Clay","Anchor"],"acts_visited":["TheCity","TheBeyond","TheEnding"],"potions_floor_usage":[6,8,18,23,42,50,55,55,55],"damage_taken":[{"damage":5,"enemies":"Small Slimes","floor":1,"turns":4},{"damage":14,"enemies":"Cultist","floor":2,"turns":4},{"damage":3,"enemies":"2 Louse","floor":4,"turns":3},{"damage":22,"enemies":"Exordium Thugs","floor":5,"turns":5},{"damage":43,"enemies":"Gremlin Nob","floor":6,"turns":6},{"damage":17,"enemies":"Lagavulin","floor":8,"turns":7},{"damage":11,"enemies":"Large Slime","floor":12,"turns":4},{"damage":3,"enemies":"Gremlin Nob","floor":14,"turns":3},{"damage":4,"enemies":"Hexaghost","floor":16,"turns":6},{"damage":8,"enemies":"Spheric Guardian","floor":18,"turns":3},{"damage":4,"enemies":"Shell Parasite","floor":19,"turns":4},{"damage":14,"enemies":"Chosen and Byrds","floor":21,"turns":5},{"damage":14,"enemies":"Gremlin Leader","floor":23,"turns":4},{"damage":19,"enemies":"Snake Plant","floor":25,"turns":2},{"damage":26,"enemies":"Shelled Parasite and Fungi","floor":28,"turns":4},{"damage":12,"enemies":"Slavers","floor":29,"turns":5},{"damage":8,"enemies":"Chosen and Byrds","floor":31,"turns":4},{"damage":56,"enemies":"Collector","floor":33,"turns":9},{"damage":11,"enemies":"3 Shapes","floor":35,"turns":6},{"damage":1,"enemies":"3 Darklings","floor":37,"turns":4},{"damage":4,"enemies":"Transient","floor":38,"turns":5},{"damage":44,"enemies":"Nemesis","floor":40,"turns":7},{"damage":22,"enemies":"Maw","floor":42,"turns":8},{"damage":70,"enemies":"Writhing Mass","floor":44,"turns":7},{"damage":2,"enemies":"Mind Bloom Boss Battle","floor":46,"turns":8},{"damage":19,"enemies":"Giant Head","floor":48,"turns":6},{"damage":94,"enemies":"Donu and Deca","floor":50,"turns":11},{"damage":59,"enemies":"Shield and Spear","floor":54,"turns":5},{"damage":45,"enemies":"The Heart","floor":55,"turns":9}],"seed_played":"5859323800656306100","potions_obtained":[{"floor":1,"key":"SkillPotion"},{"floor":5,"key":"AttackPotion"},{"floor":14,"key":"Explosive Potion"},{"floor":16,"key":"SpeedPotion"},{"floor":18,"key":"AttackPotion"},{"floor":21,"key":"BloodPotion"},{"floor":25,"key":"PowerPotion"},{"floor":38,"key":"HeartOfIron"},{"floor":48,"key":"Block Potion"},{"floor":54,"key":"Weak Potion"}],"is_trial":false,"path_per_floor":["M","M","?","M","M","E","R","E","T","$","T","M","R","E","R","B",null,"M","M","?","M","$","E","R","M","T","R","M","E","?","M","R","B",null,"M","?","M","M","?","E","R","M","T","M","$","?","R","E","R","B",null,"R","$","E","B",null],"character_chosen":"IRONCLAD","items_purchased":["Orichalcum","Pantograph","Sling","CultistPotion","Paper Frog","Self Forming Clay"],"campfire_rested":0,"item_purchase_floors":[10,22,22,45,53,53],"current_hp_per_floor":[83,78,78,84,71,37,37,26,26,26,26,25,25,32,32,34,103,101,107,107,103,103,95,95,82,82,82,66,74,74,82,82,72,123,127,127,127,127,127,89,89,117,117,60,60,95,95,103,103,56,135,135,135,82,68],"gold":35,"neow_bonus":"THREE_RARE_CARDS","is_daily":false,"chose_seed":false,"campfire_upgraded":9,"win_rate":0.0,"timestamp":1613217661,"path_taken":["M","M","?","M","M","E","R","E","T","$","?","M","R","E","R","BOSS","M","M","?","M","$","E","R","M","T","R","M","E","?","M","R","BOSS","M","?","M","M","?","E","R","M","T","M","$","?","R","E","R","BOSS","R","$","E","BOSS"],"items_purchased_type":["Relic","Relic","Relic","Potion","Relic","Relic"],"build_version":"2020-12-22","purchased_purges":3,"victory":true,"max_hp_per_floor":[83,86,86,89,92,95,95,95,95,95,95,99,99,103,103,103,103,103,107,107,111,111,111,111,111,111,111,115,119,119,123,123,123,123,127,127,127,127,127,127,127,131,131,131,131,131,131,131,131,135,135,135,135,135,135],"card_choices":[{"not_picked":["Barricade","Limit Break"],"picked":"Feed","floor":0},{"not_picked":["Evolve","Sword Boomerang"],"picked":"Clash","floor":1},{"not_picked":["Wild Strike","Perfected Strike"],"picked":"Pummel","floor":2},{"not_picked":["Pommel Strike","Seeing Red"],"picked":"Thunderclap","floor":4},{"not_picked":["Fire Breathing","Searing Blow"],"picked":"Disarm","floor":5},{"not_picked":["Iron Wave","Perfected Strike"],"picked":"Immolate","floor":6},{"not_picked":["Wild Strike","Thunderclap"],"picked":"Shockwave","floor":8},{"not_picked":["Twin Strike","Power Through"],"picked":"Cleave","floor":12},{"not_picked":["Havoc","Seeing Red"],"picked":"Hemokinesis","floor":14},{"not_picked":["Exhume","Offering"],"picked":"Fiend Fire","floor":16},{"not_picked":["Body Slam+1","True Grit"],"picked":"Uppercut","floor":18},{"not_picked":["Twin Strike","Sever Soul+1","Searing Blow"],"picked":"SKIP","floor":19},{"not_picked":["Flex","Iron Wave"],"picked":"Headbutt","floor":21},{"not_picked":["True Grit","Wild Strike"],"picked":"Sword Boomerang","floor":23},{"not_picked":["Seeing Red","Cleave","Anger"],"picked":"SKIP","floor":25},{"not_picked":["Iron Wave","Whirlwind"],"picked":"Reaper","floor":28},{"not_picked":["Wild Strike","Perfected Strike"],"picked":"Berserk","floor":29},{"not_picked":["Dropkick+1","Clothesline"],"picked":"Shrug It Off","floor":31},{"not_picked":["Juggernaut","Feed"],"picked":"Barricade","floor":33},{"not_picked":["Thunderclap","Rampage"],"picked":"Blood for Blood","floor":35},{"not_picked":["Sentinel","Dual Wield"],"picked":"Flame Barrier","floor":37},{"not_picked":["Anger+1","Rampage+1"],"picked":"Shrug It Off","floor":38},{"not_picked":["Wild Strike+1","Armaments+1"],"picked":"Immolate","floor":40},{"not_picked":["Rage+1","Dropkick"],"picked":"Hemokinesis+1","floor":42},{"not_picked":["Thunderclap","Clash+1","Seeing Red"],"picked":"SKIP","floor":44},{"not_picked":["Anger","Offering"],"picked":"Uppercut+1","floor":48},{"not_picked":["Twin Strike","Sever Soul"],"picked":"Carnage","floor":54}],"player_experience":384674,"relics_obtained":[{"floor":6,"key":"Sundial"},{"floor":8,"key":"Ornamental Fan"},{"floor":9,"key":"Juzu Bracelet"},{"floor":11,"key":"Shuriken"},{"floor":14,"key":"Art of War"},{"floor":23,"key":"MawBank"},{"floor":29,"key":"HornCleat"},{"floor":40,"key":"InkBottle"},{"floor":43,"key":"Nunchaku"},{"floor":46,"key":"Thread and Needle"},{"floor":48,"key":"Ginger"},{"floor":54,"key":"Anchor"}],"event_choices":[{"damage_healed":0,"gold_gain":0,"player_choice":"Bought 0 Potions","damage_taken":0,"max_hp_gain":0,"max_hp_loss":0,"event_name":"The Woman in Blue","floor":3,"gold_loss":0},{"damage_healed":0,"gold_gain":0,"player_choice":"Ignored","damage_taken":0,"max_hp_gain":0,"max_hp_loss":0,"event_name":"betterNote:BetterNote","floor":20,"gold_loss":0,"cards_obtained":["Chrysalis"]},{"cards_removed":["Writhe"],"damage_healed":0,"gold_gain":0,"player_choice":"Removed Curses","damage_taken":0,"max_hp_gain":0,"max_hp_loss":0,"event_name":"Fountain of Cleansing","floor":30,"gold_loss":0},{"cards_removed":["Disarm"],"damage_healed":0,"gold_gain":0,"player_choice":"Removed Skill","damage_taken":0,"max_hp_gain":0,"max_hp_loss":0,"event_name":"Falling","floor":36,"gold_loss":0},{"damage_healed":0,"gold_gain":0,"player_choice":"Ignored","damage_taken":0,"max_hp_gain":0,"max_hp_loss":0,"event_name":"Tomb of Lord Red Mask","floor":39,"gold_loss":0},{"damage_healed":0,"gold_gain":0,"player_choice":"Fight","damage_taken":0,"max_hp_gain":0,"max_hp_loss":0,"event_name":"MindBloom","floor":46,"gold_loss":0}],"is_beta":false,"boss_relics":[{"not_picked":["Calling Bell","Velvet Choker"],"picked":"Coffee Dripper"},{"not_picked":["Fusion Hammer","Runic Cube"],"picked":"SacredBark"}],"items_purged_floors":[10,45,53],"is_endless":false,"potions_floor_spawned":[1,5,14,16,18,21,25,31,38,40,48,54],"ascension_level":1}}