{"host":"knk89g45d3vzr5fm","time":1613228375,"event":{"mods":["2.2 Compatiblity","BaseMod","Downfall","Minty Spire (QoL Compilation)","Relic Stats","Reliquary","Replay The Spire","StSLib","The Marked"],"gold_per_floor":[199,213,227,33,47,47,99,99,112,140,140,156,156,181,200,305,305,305,333,27,27,27,44,44,44,52,76,76,124,145,173,214,331,331,231,271,313,313,326,345,345,345,365,265,290,310,310,320,337,337],"floor_reached":51,"language":"FRA","playtime":4517,"items_purged":["sneckomod:Unknown"],"score":1033,"play_id":"2a55b9b7-d5c2-4a4d-a2ab-0deedaa492bf","local_time":"20210213155934","is_ascension_mode":true,"campfire_choices":[{"floor":11,"key":"REST"},{"floor":13,"key":"REST"},{"floor":18,"key":"DIG"},{"floor":35,"key":"RECALL"},{"floor":47,"key":"REST"}],"circlet_count":0,"master_deck":["sneckomod:Defend+1","sneckomod:Defend+1","sneckomod:Defend","sneckomod:TailWhip","sneckomod:PureSnecko","sneckomod:Unknown1Cost","sneckomod:SoulCleanse","sneckomod:SoulRoll","sneckomod:UnknownUncommonPower+1","sneckomod:SoulRoll","sneckomod:UnknownClassGUARDIAN","sneckomod:UnendingSupply","Inflame","Well Laid Plans","sneckomod:MasterEye","sneckomod:SoulDraw","sneckomod:UnknownDraw+1","sneckomod:UnknownVulnerable","sneckomod:SoulRoll+1","sneckomod:UnknownRarePower","sneckomod:Rotation","sneckomod:Rotation","Panache","Dramatic Entrance+1","sneckomod:UnknownStrength","Creative AI","sneckomod:UnendingSupply","sneckomod:UnknownDraw+1","sneckomod:UnknownDraw+1","sneckomod:Restock","sneckomod:UnknownUncommonPower","sneckomod:SerpentMind","sneckomod:UnknownClassGREEN+1","sneckomod:SoulRoll","sneckomod:SoulRoll+1","sneckomod:UnknownUncommonPower+1","Wraith Form v2","sneckomod:SnakeSap+1","sneckomod:UnknownExhaust+1"],"relics":["sneckomod:SneckoSoul","Orrery","Gremlin Food","ReplayTheSpireMod:Shallot","Blue Doll","Replay:Drink Me","Bronze Scales","BargainBundle","Replay:Bottled Flurry","Bottled Tornado","Replay:Bottled Eggs","bronze:BronzeIdol","Busted Crown","downfall:HeartBlessingGreen","Omamori","downfall:HeartBlessingRed","Calipers"],"acts_visited":["Exordium","TheCity","TheBeyond"],"potions_floor_usage":[9,14,15,16,29,30,50,50],"damage_taken":[{"damage":0,"enemies":"Small Slimes","floor":2,"turns":3},{"damage":4,"enemies":"Jaw Worm","floor":3,"turns":4},{"damage":0,"enemies":"downfall:FleeingMerchant","floor":4,"turns":4},{"damage":15,"enemies":"2 Louse","floor":5,"turns":3},{"damage":45,"enemies":"Lots of Slimes","floor":9,"turns":7},{"damage":27,"enemies":"Lagavulin","floor":10,"turns":11},{"damage":1,"enemies":"Large Slime","floor":12,"turns":5},{"damage":22,"enemies":"Gremlin Nob","floor":14,"turns":5},{"damage":15,"enemies":"3 Louse","floor":15,"turns":6},{"damage":25,"enemies":"DF_ARCHETYPE_STREAMLINE","floor":16,"turns":7},{"damage":4,"enemies":"downfall:LooterAlt2","floor":19,"turns":4},{"damage":0,"enemies":"downfall:FleeingMerchant","floor":20,"turns":4},{"damage":0,"enemies":"Chosen","floor":23,"turns":3},{"damage":12,"enemies":"Snecko","floor":26,"turns":4},{"damage":30,"enemies":"Slavers","floor":27,"turns":4},{"damage":10,"enemies":"Gremlin Leader","floor":29,"turns":4},{"damage":0,"enemies":"Snake Plant","floor":30,"turns":4},{"damage":9,"enemies":"Book of Stabbing","floor":31,"turns":5},{"damage":15,"enemies":"Centurion and Healer","floor":32,"turns":7},{"damage":5,"enemies":"SI_MIRROR_ARCHETYPE","floor":33,"turns":8},{"damage":2,"enemies":"Orb Walker","floor":36,"turns":3},{"damage":25,"enemies":"3 Darklings","floor":37,"turns":4},{"damage":19,"enemies":"Jaw Worm Horde","floor":39,"turns":2},{"damage":2,"enemies":"Maw","floor":40,"turns":6},{"damage":6,"enemies":"Transient","floor":43,"turns":5},{"damage":6,"enemies":"Giant Head","floor":45,"turns":4},{"damage":5,"enemies":"3 Darklings","floor":46,"turns":4},{"damage":14,"enemies":"Sphere and 2 Shapes","floor":48,"turns":3},{"damage":7,"enemies":"Jaw Worm Horde","floor":49,"turns":2},{"damage":1,"enemies":"IC_BLOCK_ARCHETYPE","floor":50,"turns":4}],"seed_played":"-9174754174400290594","potions_obtained":[{"floor":5,"key":"BlessingOfTheForge"},{"floor":9,"key":"BlessingOfTheForge"},{"floor":14,"key":"Swift Potion"},{"floor":15,"key":"sneckomod:OffclassReductionPotion"},{"floor":25,"key":"CultistPotion"},{"floor":27,"key":"PowerPotion"},{"floor":29,"key":"Fruit Juice"},{"floor":39,"key":"DistilledChaos"}],"is_trial":false,"path_per_floor":["R","M","M","$","M","R","T","R","M","E","R","M","R","E","M","B",null,"R","M","$","?","?","M","T","?","M","E","?","E","M","E","M","B",null,"R","M","M","?","M","M","T","?","M","R","E","M","R","M","M","B",null],"character_chosen":"THE_SNECKO","items_purchased":["Orrery","sneckomod:UnknownClassGREEN","BargainBundle","sneckomod:UnknownRarePower","sneckomod:Rotation","Panache","Dramatic Entrance+1","LiquidBronze","Elixir","Toxic Potion"],"campfire_rested":3,"item_purchase_floors":[4,4,20,20,20,20,20,20,20,20],"current_hp_per_floor":[90,90,86,86,71,71,71,71,26,20,49,48,77,55,40,15,60,60,56,56,56,56,56,56,56,44,14,39,29,34,25,10,5,61,61,59,49,90,71,69,69,69,63,63,57,52,79,75,68,67],"gold":337,"neow_bonus":"TEN_PERCENT_HP_BONUS","is_daily":false,"chose_seed":false,"campfire_upgraded":0,"win_rate":0.0,"timestamp":1613228374,"path_taken":["R","M","M","$","M","R","T","R","M","E","R","M","R","E","M","BOSS","R","M","$","?","?","M","T","?","M","E","?","E","M","E","M","BOSS","R","M","M","?","M","?","T","?","M","R","E","M","R","M","M","BOSS"],"items_purchased_type":["Relic","Card","Relic","Card","Card","Card","Card","Potion","Potion","Potion"],"build_version":"2020-12-22","purchased_purges":1,"victory":true,"max_hp_per_floor":[99,99,99,99,99,99,99,99,99,99,99,99,99,99,99,99,75,75,75,75,75,75,75,75,75,75,75,75,75,80,80,80,80,80,80,80,80,90,90,90,90,90,90,90,90,90,90,90,90,90],"relic_stats":{"Busted Crown":20,"counters":[30,139],"Bronze Scales":[233],"obtain_stats":[{"Gremlin Food":7,"BargainBundle":20,"Calipers":45,"downfall:HeartBlessingRed":44,"Blue Doll":14,"downfall:HeartBlessingGreen":35,"Omamori":41,"Bottled Tornado":27,"sneckomod:SneckoSoul":0,"bronze:BronzeIdol":31,"Busted Crown":34,"ReplayTheSpireMod:Shallot":10,"Bronze Scales":18,"Orrery":4,"Replay:Bottled Flurry":24,"Replay:Bottled Eggs":29,"Replay:Drink Me":17},{"Gremlin Food":4,"BargainBundle":12,"Calipers":26,"downfall:HeartBlessingRed":25,"Blue Doll":8,"downfall:HeartBlessingGreen":20,"Omamori":24,"Bottled Tornado":15,"sneckomod:SneckoSoul":0,"bronze:BronzeIdol":18,"Busted Crown":20,"ReplayTheSpireMod:Shallot":6,"Bronze Scales":10,"Orrery":3,"Replay:Bottled Flurry":13,"Replay:Bottled Eggs":16,"Replay:Drink Me":10},{"Gremlin Food":14,"BargainBundle":63,"Calipers":126,"downfall:HeartBlessingRed":122,"Blue Doll":42,"downfall:HeartBlessingGreen":102,"Omamori":117,"Bottled Tornado":74,"sneckomod:SneckoSoul":0,"bronze:BronzeIdol":87,"Busted Crown":102,"ReplayTheSpireMod:Shallot":32,"Bronze Scales":55,"Orrery":11,"Replay:Bottled Flurry":66,"Replay:Bottled Eggs":78,"Replay:Drink Me":55}]},"card_choices":[{"not_picked":["sneckomod:SnekBeam","sneckomod:WideSting"],"picked":"sneckomod:PureSnecko","floor":2},{"not_picked":["sneckomod:WideSting","sneckomod:UnknownClassMARKED_PURPLE_COLOR"],"picked":"sneckomod:Unknown1Cost","floor":3},{"not_picked":["sneckomod:UnknownClassPURPLE","sneckomod:UnknownDexterity"],"picked":"sneckomod:SoulCleanse","floor":4},{"not_picked":["sneckomod:UnknownStrike","sneckomod:RainOfDice"],"picked":"sneckomod:SoulRoll","floor":4},{"not_picked":["sneckomod:ImprovisedGuard","sneckomod:UnknownBlock"],"picked":"sneckomod:UnknownUncommonPower","floor":4},{"not_picked":["sneckomod:ImprovisedGuard","sneckomod:UnknownClassSLIMEBOUND"],"picked":"sneckomod:UnknownRarePower","floor":4},{"not_picked":["sneckomod:SoulDraw","sneckomod:UnknownStrike"],"picked":"sneckomod:SoulRoll","floor":4},{"not_picked":["sneckomod:UnknownClassSLIMEBOUND","sneckomod:DangerNoodle"],"picked":"sneckomod:UnknownClassGUARDIAN","floor":4},{"not_picked":["sneckomod:UnknownWeak","sneckomod:Unknown1Cost"],"picked":"sneckomod:UnendingSupply","floor":5},{"not_picked":["sneckomod:UnknownClassGREEN","sneckomod:UnknownClassHEXA_GHOST_PURPLE"],"picked":"sneckomod:UnknownDexterity","floor":9},{"not_picked":["sneckomod:MixItUp","sneckomod:IronFang"],"picked":"sneckomod:MasterEye","floor":10},{"not_picked":["sneckomod:UnknownClassGUARDIAN","sneckomod:UnknownClassTHE_CHAMP_GRAY"],"picked":"sneckomod:SoulDraw","floor":12},{"not_picked":["sneckomod:IronFang","sneckomod:UnknownBlock"],"picked":"sneckomod:UnknownDraw","floor":14},{"not_picked":["sneckomod:Unknown1Cost","sneckomod:UnknownStrike"],"picked":"sneckomod:UnknownVulnerable","floor":15},{"not_picked":["sneckomod:MorePower","sneckomod:Unknown3Cost"],"picked":"sneckomod:GlitteringGambit","floor":16},{"not_picked":["sneckomod:UnknownClassGREEN+1","sneckomod:UnknownX"],"picked":"sneckomod:SoulRoll+1","floor":19},{"not_picked":["sneckomod:Unknown2Cost","sneckomod:RainOfDice"],"picked":"sneckomod:Memorize","floor":20},{"not_picked":["sneckomod:RainOfDice","sneckomod:UnknownClassMARKED_PURPLE_COLOR+1"],"picked":"sneckomod:UnknownStrength","floor":23},{"not_picked":["sneckomod:TrashToTreasure","sneckomod:UnknownClassPURPLE+1"],"picked":"sneckomod:UnendingSupply","floor":26},{"not_picked":["sneckomod:Unknown3Cost","sneckomod:Unknown1Cost"],"picked":"sneckomod:UnknownDraw","floor":27},{"not_picked":["sneckomod:Unknown1Cost","sneckomod:DiceBlock"],"picked":"sneckomod:UnknownDraw","floor":29},{"not_picked":["sneckomod:UnknownCommonAttack","sneckomod:SerpentIdol","sneckomod:SnekBeam"],"picked":"SKIP","floor":30},{"not_picked":["sneckomod:UnknownUncommonSkill","sneckomod:SoulRoll"],"picked":"sneckomod:Restock","floor":31},{"not_picked":["sneckomod:UnknownClassTHE_BRONZE_AUTOMATON+1","sneckomod:UnknownClassTHE_CHAMP_GRAY+1"],"picked":"sneckomod:UnknownUncommonPower","floor":32},{"not_picked":["sneckomod:Mudshield","sneckomod:Transmogrify"],"picked":"sneckomod:SerpentMind","floor":33},{"not_picked":[],"picked":"sneckomod:UnknownClassGREEN+1","floor":36},{"not_picked":[],"picked":"sneckomod:SoulRoll","floor":37},{"not_picked":["sneckomod:Unknown0Cost"],"picked":"SKIP","floor":39},{"not_picked":[],"picked":"sneckomod:SoulRoll+1","floor":40},{"not_picked":[],"picked":"sneckomod:UnknownUncommonPower","floor":43},{"not_picked":["sneckomod:UnknownVulnerable"],"picked":"SKIP","floor":45},{"not_picked":[],"picked":"sneckomod:SnakeSap+1","floor":46},{"not_picked":[],"picked":"sneckomod:UnknownExhaust+1","floor":48},{"not_picked":["sneckomod:UnknownUncommonSkill"],"picked":"SKIP","floor":49}],"player_experience":2129587,"relics_obtained":[{"floor":7,"key":"Gremlin Food"},{"floor":10,"key":"ReplayTheSpireMod:Shallot"},{"floor":14,"key":"Blue Doll"},{"floor":18,"key":"Bronze Scales"},{"floor":24,"key":"Replay:Bottled Flurry"},{"floor":27,"key":"Bottled Tornado"},{"floor":29,"key":"Replay:Bottled Eggs"},{"floor":31,"key":"bronze:BronzeIdol"},{"floor":41,"key":"Omamori"},{"floor":45,"key":"Calipers"}],"event_choices":[{"damage_healed":0,"gold_gain":0,"player_choice":"Ignored","damage_taken":0,"max_hp_gain":0,"max_hp_loss":0,"event_name":"Vampires","floor":21,"gold_loss":0},{"damage_healed":25,"gold_gain":0,"player_choice":"Heal","damage_taken":0,"max_hp_gain":0,"max_hp_loss":0,"event_name":"The Library","floor":28,"gold_loss":0},{"cards_removed":["sneckomod:GlitteringGambit"],"damage_healed":31,"gold_gain":0,"player_choice":"Offered Rare","damage_taken":0,"max_hp_gain":10,"max_hp_loss":0,"event_name":"Bonfire Elementals","floor":38,"gold_loss":0},{"cards_removed":["sneckomod:SnekBite"],"damage_healed":0,"gold_gain":0,"player_choice":"Removed Attack","damage_taken":0,"max_hp_gain":0,"max_hp_loss":0,"event_name":"Falling","floor":42,"gold_loss":0}],"is_beta":false,"boss_relics":[{"not_picked":["Philosopher\u0027s Stone","Black Star"],"picked":"Replay:Drink Me"},{"not_picked":["sneckomod:SneckoBoss","Honey Jar"],"picked":"Busted Crown"}],"items_purged_floors":[20],"is_endless":false,"potions_floor_spawned":[5,9,14,15,26,27,29,39,43,45,48],"ascension_level":7}}