{"host":"xi9hztp74zq5zdao","time":1613182707,"event":{"mods":["2.2 Compatiblity","BaseMod","Colored Map","Googly Eyes","Halation","Hubris","Minty Spire (QoL Compilation)","Relic Sorter","Replay The Spire","StSLib","The Gatherer","The Hierophant","The Jungle","everything is the same but u backflip on backflip"],"gold_per_floor":[119,119,119,131,141,141,141,171,171,190,204,228,221,256,256,258,258],"floor_reached":16,"language":"ENG","playtime":723,"items_purged":[],"score":120,"play_id":"f3a34385-b840-4681-a676-a3594d9194b7","local_time":"20210212211827","is_ascension_mode":true,"campfire_choices":[{"data":"hubris:ReadiedAction","floor":6,"key":"SMITH"},{"data":"Hemogenesis","floor":15,"key":"SMITH"}],"circlet_count":0,"master_deck":["Strike_R","Strike_R","Strike_R","Strike_R","Strike_R","Defend_R","Defend_R","Defend_R","Defend_R","Bash","Feel No Pain","hubris:ReadiedAction+1","Feel No Pain","Immolate","Hemogenesis+1","ReplayTheSpireMod:Muscle Training","Hemokinesis","hubris:NaturalOne","Feed"],"relics":["Burning Blood","hubris:Icosahedron","halation:PinkSoulGem","halation:IllGainedPizza","Chameleon Ring","halation:PrussianBluePaint"],"acts_visited":["Exordium"],"potions_floor_usage":[8,8,10,11,16],"damage_taken":[{"damage":6,"enemies":"Cultist","floor":1,"turns":3},{"damage":5,"enemies":"Small Slimes","floor":4,"turns":4},{"damage":10,"enemies":"Jaw Worm","floor":5,"turns":5},{"damage":31,"enemies":"Lagavulin","floor":8,"turns":7},{"damage":25,"enemies":"Exordium Thugs","floor":10,"turns":5},{"damage":12,"enemies":"Gremlin Gang","floor":11,"turns":3},{"damage":20,"enemies":"Red Slaver","floor":12,"turns":5},{"damage":14,"enemies":"Exordium Thugs","floor":13,"turns":4},{"damage":39,"enemies":"Gremlin Nob","floor":14,"turns":5},{"damage":33,"enemies":"The Guardian","floor":16,"turns":2}],"seed_played":"4772661887550323048","potions_obtained":[{"floor":4,"key":"FearPotion"},{"floor":5,"key":"Fire Potion"},{"floor":8,"key":"BlessingOfTheForge"},{"floor":14,"key":"Swift Potion"}],"is_trial":false,"path_per_floor":["M","?","?","M","M","R","?","E","T","M","M","M","M","E","R","B"],"character_chosen":"IRONCLAD","items_purchased":[],"campfire_rested":0,"item_purchase_floors":[],"current_hp_per_floor":[80,80,80,80,76,76,76,51,51,32,50,41,40,12,12,0,0],"gold":258,"neow_bonus":"THREE_CARDS","is_daily":false,"chose_seed":false,"campfire_upgraded":2,"win_rate":0.0,"timestamp":1613182707,"path_taken":["M","?","?","M","M","R","?","E","T","?","M","M","M","E","R","BOSS"],"items_purchased_type":[],"build_version":"2020-12-22","purchased_purges":0,"victory":false,"max_hp_per_floor":[80,80,80,80,80,80,80,80,80,80,80,80,80,80,80,80,80],"card_choices":[{"not_picked":["Second Wind","Seeing Red"],"picked":"Feel No Pain","floor":0},{"not_picked":["Iron Wave","Shrug It Off"],"picked":"hubris:ReadiedAction","floor":1},{"not_picked":["Shrug It Off","ReplayTheSpireMod:LeadingStrike"],"picked":"Feel No Pain","floor":4},{"not_picked":["Body Slam","Flex"],"picked":"Immolate","floor":5},{"not_picked":["Inflame","Life Link"],"picked":"Hemogenesis","floor":8},{"not_picked":["Havoc","Run Through","Warcry"],"picked":"SKIP","floor":10},{"not_picked":["Shockwave","Warcry"],"picked":"ReplayTheSpireMod:Muscle Training","floor":11},{"not_picked":["Life Link","Run Through","Anger"],"picked":"SKIP","floor":12},{"not_picked":["Run Through","Massacre"],"picked":"Hemokinesis","floor":13},{"not_picked":["Dark Embrace","hubris:ReadiedAction"],"picked":"Feed","floor":14}],"player_experience":1267173,"relics_obtained":[{"floor":8,"key":"halation:IllGainedPizza"},{"floor":9,"key":"Chameleon Ring"},{"floor":14,"key":"halation:PrussianBluePaint"}],"event_choices":[],"is_beta":false,"boss_relics":[],"items_purged_floors":[],"is_endless":false,"potions_floor_spawned":[4,5,8,14],"killed_by":"The Guardian","ascension_level":1}}