{"host":"pj7egx7jkoz18hom","time":1613210120,"event":{"mods":["AchievementEnabler","BaseMod","Keyboard Shortcuts","Minty Spire (QoL Compilation)","SuperFastMode"],"gold_per_floor":[116,16,16,16,16,59,73,113,113,113,13,13,29,52,52,175,175,188,206,206,81,100,134,134,149,172,22,22,47,47,67,67,67,67],"floor_reached":33,"language":"KOR","playtime":1582,"items_purged":["Defend_R","Regret","Bash","Decay"],"score":355,"play_id":"bc8647a7-bcc1-43bf-840b-fe329efb998d","local_time":"20210213185520","is_ascension_mode":true,"campfire_choices":[{"data":"True Grit","floor":10,"key":"SMITH"},{"data":"Body Slam","floor":15,"key":"SMITH"},{"data":"Armaments","floor":24,"key":"SMITH"},{"data":"Flame Barrier","floor":28,"key":"SMITH"},{"data":"Impervious","floor":32,"key":"SMITH"}],"circlet_count":0,"master_deck":["Defend_R","Defend_R","Defend_R","True Grit+1","Cleave","Armaments+1","Impervious+1","Body Slam+1","Impervious","Thunderclap","Sentinel","Bite","Bite","Bite","Bite","Bite","Metallicize","Pommel Strike","Flame Barrier+1","Sentinel","Body Slam+1"],"relics":["Burning Blood","NeowsBlessing","Golden Idol","FossilizedHelix","Juzu Bracelet","Eternal Feather","Calipers","Cursed Key","Pantograph","Toy Ornithopter"],"acts_visited":["Exordium","TheCity"],"potions_floor_usage":[8,16,23,23],"damage_taken":[{"damage":0,"enemies":"2 Louse","floor":1,"turns":1},{"damage":0,"enemies":"Gremlin Nob","floor":6,"turns":1},{"damage":0,"enemies":"Small Slimes","floor":7,"turns":1},{"damage":27,"enemies":"Lagavulin","floor":8,"turns":7},{"damage":0,"enemies":"Jaw Worm","floor":13,"turns":2},{"damage":7,"enemies":"2 Fungi Beasts","floor":14,"turns":4},{"damage":47,"enemies":"The Guardian","floor":16,"turns":14},{"damage":0,"enemies":"Chosen","floor":18,"turns":3},{"damage":0,"enemies":"Spheric Guardian","floor":19,"turns":5},{"damage":7,"enemies":"Shelled Parasite and Fungi","floor":22,"turns":6},{"damage":54,"enemies":"Slavers","floor":23,"turns":8},{"damage":11,"enemies":"Snecko","floor":25,"turns":6},{"damage":23,"enemies":"Cultist and Chosen","floor":29,"turns":9},{"damage":0,"enemies":"Centurion and Healer","floor":31,"turns":6},{"damage":65,"enemies":"Collector","floor":33,"turns":6}],"seed_played":"-3138428011753043593","potions_obtained":[{"floor":6,"key":"Fire Potion"},{"floor":14,"key":"Fire Potion"},{"floor":18,"key":"EssenceOfSteel"},{"floor":22,"key":"ColorlessPotion"},{"floor":31,"key":"GamblersBrew"}],"is_trial":false,"path_per_floor":["M","$","?","?","?","E","M","E","T","R","$","?","M","M","R","B",null,"M","M","?","$","M","E","R","M","T","$","R","M","?","M","R","B"],"character_chosen":"IRONCLAD","items_purchased":["Cleave"],"campfire_rested":0,"item_purchase_floors":[2],"current_hp_per_floor":[80,80,74,74,74,74,74,53,53,59,59,59,65,64,70,29,74,74,74,51,51,51,26,35,45,45,45,51,43,43,51,51,0,0],"gold":67,"neow_bonus":"THREE_ENEMY_KILL","is_daily":false,"chose_seed":false,"campfire_upgraded":5,"win_rate":0.0,"timestamp":1613210120,"path_taken":["M","$","?","?","?","E","M","E","T","R","?","?","M","M","R","BOSS","M","M","?","$","M","E","R","M","T","$","R","M","?","M","R","BOSS"],"items_purchased_type":["Card"],"build_version":"2020-12-22","purchased_purges":4,"victory":false,"max_hp_per_floor":[80,80,74,74,74,74,74,74,74,74,74,74,74,74,74,74,74,74,74,51,51,51,51,51,51,51,51,51,51,51,51,51,51,51],"card_choices":[{"not_picked":["Clash","Twin Strike"],"picked":"True Grit","floor":1},{"not_picked":["Intimidate","Heavy Blade"],"picked":"Fire Breathing","floor":6},{"not_picked":["Twin Strike","Sword Boomerang"],"picked":"Armaments","floor":7},{"not_picked":["Metallicize","Heavy Blade"],"picked":"Perfected Strike","floor":8},{"not_picked":["Entrench","Thunderclap"],"picked":"Impervious","floor":13},{"not_picked":["Feel No Pain","Spot Weakness"],"picked":"Body Slam","floor":14},{"not_picked":["Fiend Fire","Bludgeon"],"picked":"Impervious","floor":16},{"not_picked":["Clothesline","Heavy Blade"],"picked":"Thunderclap","floor":18},{"not_picked":["Perfected Strike","Shrug It Off"],"picked":"Sentinel","floor":19},{"not_picked":["Wild Strike","Heavy Blade"],"picked":"Metallicize","floor":22},{"not_picked":["Hemokinesis","Carnage"],"picked":"Pommel Strike","floor":23},{"not_picked":["Clash+1","Power Through"],"picked":"Flame Barrier","floor":25},{"not_picked":["Twin Strike","Warcry","Double Tap"],"picked":"SKIP","floor":29},{"not_picked":["Iron Wave","Shrug It Off"],"picked":"Body Slam+1","floor":31}],"player_experience":33776,"relics_obtained":[{"floor":6,"key":"Juzu Bracelet"},{"floor":8,"key":"Eternal Feather"},{"floor":9,"key":"Calipers"},{"floor":23,"key":"Pantograph"},{"floor":26,"key":"Toy Ornithopter"}],"event_choices":[{"damage_healed":0,"gold_gain":0,"player_choice":"Lose Max HP","damage_taken":0,"relics_obtained":["Golden Idol"],"max_hp_gain":0,"max_hp_loss":6,"event_name":"Golden Idol","floor":3,"gold_loss":0},{"cards_removed":["Strike_R"],"damage_healed":0,"gold_gain":0,"player_choice":"Forget","damage_taken":0,"max_hp_gain":0,"max_hp_loss":0,"event_name":"Living Wall","floor":4,"gold_loss":0},{"damage_healed":0,"gold_gain":0,"player_choice":"Box","damage_taken":0,"relics_obtained":["FossilizedHelix"],"max_hp_gain":0,"max_hp_loss":0,"event_name":"Big Fish","floor":5,"gold_loss":0,"cards_obtained":["Regret"]},{"cards_removed":["Fire Breathing"],"damage_healed":0,"gold_gain":0,"player_choice":"Purged","damage_taken":0,"max_hp_gain":0,"max_hp_loss":0,"event_name":"Purifier","floor":12,"gold_loss":0},{"damage_healed":0,"gold_gain":0,"player_choice":"Became a vampire","damage_taken":0,"max_hp_gain":0,"max_hp_loss":23,"event_name":"Vampires","floor":20,"gold_loss":0,"cards_obtained":["Bite","Bite","Bite","Bite","Bite"]},{"damage_healed":0,"gold_gain":0,"cards_transformed":["Perfected Strike"],"player_choice":"Transformed","damage_taken":0,"max_hp_gain":0,"max_hp_loss":0,"event_name":"Transmorgrifier","floor":30,"gold_loss":0,"cards_obtained":["Sentinel"]}],"is_beta":false,"boss_relics":[{"not_picked":["Runic Cube","Sozu"],"picked":"Cursed Key"}],"items_purged_floors":[2,11,21,27],"is_endless":false,"potions_floor_spawned":[6,14,18,22,31],"killed_by":"Collector","ascension_level":2}}