{"host":"kwyq3wo3fj8d4s27","time":1613197568,"event":{"mods":["AchievementEnabler","BaseMod","Colored Map","Highlight Path","Minty Spire (QoL Compilation)","StSLib"],"gold_per_floor":[114,129,149,164,905,905,932,943,943,943,975,975,153,228,228,327,327,346,346,346,360,374,405,405,405,484,513,513,532,560,1338,1338,1434,1434,1444,1444,1461,611,629,661,678,678,758,790,806,861,889,71,71,71],"floor_reached":51,"language":"ENG","playtime":2019,"items_purged":["Strike_G","Strike_G","Defend_G","Defend_G","Defend_G"],"score":1122,"play_id":"8aa699af-99d3-4152-8ad5-8eb08b05e209","local_time":"20210212222608","is_ascension_mode":true,"campfire_choices":[{"data":"Catalyst","floor":6,"key":"SMITH"},{"data":"Strike_G","floor":10,"key":"SMITH"},{"data":"Deep Breath","floor":12,"key":"SMITH"},{"floor":15,"key":"DIG"},{"floor":25,"key":"DIG"},{"data":"Footwork","floor":28,"key":"SMITH"},{"data":"Deadly Poison","floor":32,"key":"SMITH"},{"data":"Phantasmal Killer","floor":49,"key":"PURGE"}],"circlet_count":0,"master_deck":["Defend_G+1","Survivor","Neutralize+1","Catalyst+1","Deep Breath+1","Poisoned Stab+1","Deadly Poison+1","Footwork+1","Catalyst+1","Adrenaline+1","Sadistic Nature","Noxious Fumes","Bouncing Flask","Noxious Fumes","Sadistic Nature"],"relics":["Ring of the Snake","The Specimen","Anchor","InkBottle","Frozen Eye","Bronze Scales","Strawberry","Happy Flower","Mercury Hourglass","Shovel","Orrery","Molten Egg 2","Empty Cage","Nunchaku","Sundial","Pantograph","Shuriken","Whetstone","Blood Vial","Lizard Tail","HandDrill","SlaversCollar","Strange Spoon","Question Card","War Paint","Ancient Tea Set","Bottled Tornado","Peace Pipe","Bird Faced Urn","Oddly Smooth Stone","Paper Crane","Lee\u0027s Waffle"],"acts_visited":["Exordium","TheCity","TheBeyond"],"potions_floor_usage":[50,50],"damage_taken":[{"damage":1,"enemies":"Cultist","floor":1,"turns":4},{"damage":0,"enemies":"Small Slimes","floor":2,"turns":4},{"damage":0,"enemies":"2 Louse","floor":3,"turns":2},{"damage":7,"enemies":"Large Slime","floor":4,"turns":8},{"damage":62,"enemies":"Lagavulin","floor":7,"turns":10},{"damage":0,"enemies":"Lots of Slimes","floor":8,"turns":4},{"damage":26,"enemies":"Gremlin Nob","floor":11,"turns":5},{"damage":19,"enemies":"Hexaghost","floor":16,"turns":6},{"damage":0,"enemies":"Chosen","floor":18,"turns":3},{"damage":11,"enemies":"3 Byrds","floor":21,"turns":3},{"damage":0,"enemies":"Snecko","floor":22,"turns":3},{"damage":21,"enemies":"Book of Stabbing","floor":23,"turns":5},{"damage":0,"enemies":"Slavers","floor":27,"turns":5},{"damage":0,"enemies":"Snake Plant","floor":29,"turns":3},{"damage":11,"enemies":"Book of Stabbing","floor":30,"turns":3},{"damage":18,"enemies":"Automaton","floor":33,"turns":10},{"damage":0,"enemies":"3 Darklings","floor":35,"turns":3},{"damage":1,"enemies":"Orb Walker","floor":37,"turns":2},{"damage":5,"enemies":"Sphere and 2 Shapes","floor":39,"turns":3},{"damage":0,"enemies":"Reptomancer","floor":40,"turns":2},{"damage":0,"enemies":"Transient","floor":41,"turns":4},{"damage":0,"enemies":"Giant Head","floor":44,"turns":3},{"damage":18,"enemies":"4 Shapes","floor":45,"turns":3},{"damage":28,"enemies":"2 Orb Walkers","floor":46,"turns":3},{"damage":0,"enemies":"Reptomancer","floor":47,"turns":2},{"damage":28,"enemies":"Donu and Deca","floor":50,"turns":4}],"seed_played":"866388090192205494","potions_obtained":[{"floor":1,"key":"PowerPotion"},{"floor":3,"key":"LiquidMemories"},{"floor":4,"key":"EssenceOfSteel"},{"floor":11,"key":"Fire Potion"},{"floor":24,"key":"LiquidMemories"}],"is_trial":false,"path_per_floor":["M","M","M","M","$","R","E","M","T","R","E","R","$","?","R","B",null,"M","?","?","M","M","E","?","R","T","E","R","M","E","$","R","B",null,"M","?","M","$","M","E","M","?","T","E","M","?","E","$","R","B",null],"character_chosen":"THE_SILENT","items_purchased":["Catalyst","Deep Breath","Anchor","InkBottle","Frozen Eye","Mercury Hourglass","Shovel","Orrery","Blood Vial","Lizard Tail","HandDrill","Noxious Fumes","Bouncing Flask","Strange Spoon","Question Card","War Paint","Noxious Fumes","Sadistic Nature","Paper Crane","Lee\u0027s Waffle"],"campfire_rested":0,"item_purchase_floors":[5,5,5,5,5,13,13,13,31,31,31,38,38,38,38,38,48,48,48,48],"current_hp_per_floor":[48,48,48,41,41,41,70,70,77,77,51,51,51,40,40,21,77,77,63,63,52,52,31,31,31,31,31,31,31,82,82,82,64,82,82,72,73,73,70,72,74,74,74,76,60,34,42,89,89,63],"gold":71,"neow_bonus":"ONE_RARE_RELIC","is_daily":false,"chose_seed":false,"campfire_upgraded":5,"win_rate":0.0,"timestamp":1613197568,"path_taken":["M","?","M","M","$","R","E","M","T","R","E","R","$","?","R","BOSS","M","?","?","M","M","E","?","R","T","E","R","?","E","$","R","BOSS","M","?","M","$","M","E","M","?","T","E","?","?","E","$","R","BOSS"],"items_purchased_type":["Card","Card","Relic","Relic","Relic","Relic","Relic","Relic","Relic","Relic","Relic","Card","Card","Relic","Relic","Relic","Card","Card","Relic","Relic"],"build_version":"2020-12-22","purchased_purges":5,"victory":true,"max_hp_per_floor":[70,70,70,70,70,70,70,70,77,77,77,77,77,77,77,77,77,77,82,82,82,82,82,82,82,82,82,82,82,82,82,82,82,82,82,82,82,82,82,82,82,82,82,82,82,82,82,89,89,89],"card_choices":[{"not_picked":["Masterful Stab","Sucker Punch","Flying Knee"],"picked":"SKIP","floor":1},{"not_picked":["Underhanded Strike","Flechettes","Prepared"],"picked":"SKIP","floor":2},{"not_picked":["Outmaneuver","Prepared","Underhanded Strike"],"picked":"SKIP","floor":3},{"not_picked":["Bane","Underhanded Strike","Blade Dance"],"picked":"SKIP","floor":4},{"not_picked":["Tactician","Prepared","Sucker Punch"],"picked":"SKIP","floor":7},{"not_picked":["Glass Knife","Dagger Spray"],"picked":"Poisoned Stab","floor":8},{"not_picked":["Tactician","Malaise","Expertise"],"picked":"SKIP","floor":11},{"not_picked":["Bane","All Out Attack"],"picked":"Deadly Poison","floor":13},{"not_picked":["Backflip","Acrobatics","Underhanded Strike+1"],"picked":"SKIP","floor":18},{"not_picked":["Sucker Punch+1","Acrobatics","Backflip"],"picked":"SKIP","floor":21},{"not_picked":["Deflect","Expertise","Eviscerate+1"],"picked":"SKIP","floor":22},{"not_picked":["Deflect","Expertise","Eviscerate+1"],"picked":"SKIP","floor":22},{"not_picked":["Prepared+1","Dagger Spray+1","Choke+1"],"picked":"SKIP","floor":23},{"not_picked":["Deadly Poison","Slice+1"],"picked":"Footwork","floor":27},{"not_picked":["Reflex","Poisoned Stab+1"],"picked":"Catalyst+1","floor":29},{"not_picked":["Outmaneuver","Well Laid Plans+1","Heel Hook+1"],"picked":"SKIP","floor":30},{"not_picked":["Unload+1","Phantasmal Killer"],"picked":"Adrenaline","floor":33},{"not_picked":["Sucker Punch+1","Distraction+1","Flying Knee+1"],"picked":"SKIP","floor":35},{"not_picked":["PanicButton","The Bomb"],"picked":"Sadistic Nature","floor":36},{"not_picked":["Skewer+1","Sucker Punch+1","Reflex"],"picked":"SKIP","floor":37},{"not_picked":["Backflip","All Out Attack+1","Acrobatics+1","Flying Knee+1"],"picked":"SKIP","floor":39},{"not_picked":["Flying Knee+1","PiercingWail+1","Dash+1","Die Die Die+1"],"picked":"SKIP","floor":40},{"not_picked":["Blade Dance+1","Acrobatics+1","Flying Knee+1","Slice+1"],"picked":"SKIP","floor":41},{"not_picked":["Quick Slash+1","Blade Dance","Underhanded Strike+1","Dodge and Roll+1"],"picked":"SKIP","floor":44},{"not_picked":["Prepared+1","Infinite Blades","Flying Knee+1","Deflect+1"],"picked":"SKIP","floor":45},{"not_picked":["Masterful Stab+1","Outmaneuver","Bullet Time","Endless Agony+1"],"picked":"SKIP","floor":47}],"player_experience":13911,"relics_obtained":[{"floor":7,"key":"Bronze Scales"},{"floor":9,"key":"Strawberry"},{"floor":11,"key":"Happy Flower"},{"floor":15,"key":"Molten Egg 2"},{"floor":23,"key":"Nunchaku"},{"floor":25,"key":"Sundial"},{"floor":26,"key":"Pantograph"},{"floor":27,"key":"Shuriken"},{"floor":30,"key":"Whetstone"},{"floor":40,"key":"Ancient Tea Set"},{"floor":43,"key":"Bottled Tornado"},{"floor":44,"key":"Peace Pipe"},{"floor":46,"key":"Bird Faced Urn"},{"floor":47,"key":"Oddly Smooth Stone"}],"event_choices":[{"damage_healed":0,"gold_gain":75,"player_choice":"Gather Gold","damage_taken":11,"max_hp_gain":0,"max_hp_loss":0,"event_name":"World of Goop","floor":14,"gold_loss":0},{"damage_healed":0,"gold_gain":0,"player_choice":"Shed Blood","damage_taken":19,"max_hp_gain":5,"max_hp_loss":0,"event_name":"Forgotten Altar","floor":19,"gold_loss":0},{"cards_removed":["Strike_G"],"damage_healed":0,"gold_gain":0,"player_choice":"Elegance","damage_taken":0,"max_hp_gain":0,"max_hp_loss":0,"event_name":"Back to Basics","floor":20,"gold_loss":0},{"damage_healed":0,"gold_gain":0,"player_choice":"Got Potions","damage_taken":0,"max_hp_gain":0,"max_hp_loss":0,"event_name":"Lab","floor":24,"gold_loss":0},{"damage_healed":0,"gold_gain":0,"player_choice":"Memory 3","damage_taken":10,"max_hp_gain":0,"max_hp_loss":0,"event_name":"SensoryStone","floor":36,"gold_loss":0},{"damage_healed":0,"gold_gain":0,"cards_transformed":["Defend_G"],"player_choice":"Transformed","damage_taken":0,"max_hp_gain":0,"max_hp_loss":0,"event_name":"Transmorgrifier","floor":42,"gold_loss":0,"cards_obtained":["Phantasmal Killer"]},{"damage_healed":0,"gold_gain":0,"player_choice":"Fight","damage_taken":0,"max_hp_gain":0,"max_hp_loss":0,"event_name":"Mysterious Sphere","floor":46,"gold_loss":0}],"is_beta":false,"boss_relics":[{"not_picked":["Snecko Eye","Velvet Choker"],"picked":"Empty Cage"},{"not_picked":["Astrolabe","Runic Dome"],"picked":"SlaversCollar"}],"items_purged_floors":[5,13,31,38,48],"is_endless":false,"potions_floor_spawned":[1,3,4,11,18,23,30,33,40,41,45,47],"ascension_level":1}}