{"host":"yml0ux6c8lqydjlc","time":1613238103,"event":{"mods":["Aspiration","BaseMod","Conspire","Downfall","Hermit","Jedi Mod","Minty Spire (QoL Compilation)","Robot Space Explorer","StSLib"],"gold_per_floor":[113,38,50,50,64,64,64,81,81,81,115,115,130,148,148,253,253,263,43,43,57,0,33,43,43,43,43,43,43,63,77,77,77,77],"floor_reached":33,"language":"ENG","playtime":3109,"items_purged":["Strike_R","Strike_R"],"score":292,"play_id":"98548571-59b3-4edc-8513-0d24c9d37858","local_time":"20210213124143","is_ascension_mode":false,"campfire_choices":[{"data":"Iron Wave","floor":6,"key":"SMITH"},{"floor":15,"key":"REST"},{"data":"Thunderclap","floor":27,"key":"SMITH"},{"data":"conspire:Charge","floor":32,"key":"SMITH"}],"circlet_count":0,"master_deck":["Strike_R","Strike_R","Defend_R","Defend_R","Defend_R","Defend_R","Bash","Iron Wave+1","Flex","Shrug It Off","Clash","Iron Wave","Cleave","Reaper","Seeing Red","conspire:ExplosiveBarrier","Pummel","Pommel Strike+1","Headbutt","Thunderclap+1","conspire:Charge+1","conspire:Charge"],"relics":["Black Blood","Letter Opener","White Beast Statue","PreservedInsect","MealTicket","Bag of Preparation"],"acts_visited":["Exordium","TheCity"],"potions_floor_usage":[11,16,21,23,23,31,31,33],"damage_taken":[{"damage":4,"enemies":"Jaw Worm","floor":1,"turns":5},{"damage":5,"enemies":"Small Slimes","floor":3,"turns":4},{"damage":0,"enemies":"Cultist","floor":5,"turns":4},{"damage":0,"enemies":"2 Fungi Beasts","floor":8,"turns":4},{"damage":70,"enemies":"Gremlin Nob","floor":11,"turns":7},{"damage":0,"enemies":"Large Slime","floor":13,"turns":4},{"damage":0,"enemies":"3 Louse","floor":14,"turns":5},{"damage":37,"enemies":"The Guardian","floor":16,"turns":17},{"damage":4,"enemies":"Shell Parasite","floor":18,"turns":8},{"damage":20,"enemies":"Spheric Guardian","floor":21,"turns":4},{"damage":10,"enemies":"Slavers","floor":23,"turns":5},{"damage":31,"enemies":"Shelled Parasite and Fungi","floor":24,"turns":11},{"damage":19,"enemies":"Sentry and Sphere","floor":30,"turns":5},{"damage":17,"enemies":"Snake Plant","floor":31,"turns":5},{"damage":116,"enemies":"Champ","floor":33,"turns":12}],"seed_played":"317292323982432222","potions_obtained":[{"floor":8,"key":"Dexterity Potion"},{"floor":11,"key":"EssenceOfSteel"},{"floor":14,"key":"Swift Potion"},{"floor":16,"key":"BlessingOfTheForge"},{"floor":18,"key":"champ:CounterPotion"},{"floor":21,"key":"Swift Potion"},{"floor":24,"key":"jedi:StrikingPotion"},{"floor":30,"key":"Weak Potion"},{"floor":31,"key":"SpeedPotion"}],"is_trial":false,"path_per_floor":["M","$","M","?","M","R","?","M","T","$","E","?","M","M","R","B",null,"M","$","?","M","?","E","M","?","T","R","$","$","M","M","R","B"],"character_chosen":"IRONCLAD","items_purchased":["conspire:ExplosiveBarrier","Pummel"],"campfire_rested":1,"item_purchase_floors":[19,19],"current_hp_per_floor":[88,88,88,93,93,93,75,81,81,81,17,17,23,29,56,25,93,93,93,75,67,67,93,74,74,74,74,89,98,91,90,90,0,0],"gold":77,"neow_bonus":"TEN_PERCENT_HP_BONUS","is_daily":false,"chose_seed":false,"campfire_upgraded":3,"win_rate":0.0,"timestamp":1613238103,"path_taken":["M","$","M","?","M","R","?","M","T","$","E","?","M","?","R","BOSS","M","$","?","M","?","E","M","?","T","R","?","$","M","?","R","BOSS"],"items_purchased_type":["Card","Card"],"build_version":"2020-12-22","purchased_purges":2,"victory":false,"max_hp_per_floor":[88,88,88,93,93,93,93,93,93,93,93,93,93,93,93,93,93,93,93,98,98,98,98,98,98,98,98,98,98,98,98,98,98,98],"card_choices":[{"not_picked":["Sword Boomerang","Shrug It Off"],"picked":"Iron Wave","floor":1},{"not_picked":["Clothesline","jedi:suffering"],"picked":"Flex","floor":3},{"not_picked":["Sword Boomerang","jedi:suffering","Perfected Strike"],"picked":"SKIP","floor":5},{"not_picked":["Twin Strike","Cleave"],"picked":"Shrug It Off","floor":8},{"not_picked":["Body Slam","Feel No Pain"],"picked":"Clash","floor":11},{"not_picked":["jedi:controlledanger","Feel No Pain","jedi:collectorstrike"],"picked":"SKIP","floor":13},{"not_picked":["Flex","Sword Boomerang"],"picked":"Cleave","floor":14},{"not_picked":["Corruption","Impervious"],"picked":"Reaper","floor":16},{"not_picked":["jedi:suffering","Whirlwind"],"picked":"Seeing Red","floor":18},{"not_picked":["Clash","Headbutt"],"picked":"Pommel Strike+1","floor":21},{"not_picked":["Battle Trance+1","Warcry"],"picked":"Headbutt","floor":23},{"not_picked":["Pommel Strike","jedi:harder"],"picked":"Thunderclap","floor":24},{"not_picked":["Perfected Strike","Clothesline"],"picked":"conspire:Charge","floor":30},{"not_picked":["Thunderclap+1","Clash"],"picked":"conspire:Charge","floor":31}],"player_experience":68678,"relics_obtained":[{"floor":9,"key":"White Beast Statue"},{"floor":11,"key":"PreservedInsect"},{"floor":23,"key":"MealTicket"},{"floor":26,"key":"Bag of Preparation"}],"event_choices":[{"damage_healed":0,"gold_gain":0,"player_choice":"Donut","damage_taken":0,"max_hp_gain":5,"max_hp_loss":0,"event_name":"Big Fish","floor":4,"gold_loss":0},{"damage_healed":0,"gold_gain":0,"player_choice":"Success","damage_taken":18,"relics_obtained":["Letter Opener"],"max_hp_gain":0,"max_hp_loss":0,"event_name":"Scrap Ooze","floor":7,"gold_loss":0},{"cards_removed":["Strike_R"],"damage_healed":0,"gold_gain":0,"player_choice":"Took Card","damage_taken":0,"max_hp_gain":0,"max_hp_loss":0,"event_name":"NoteForYourself","floor":12,"gold_loss":0,"cards_obtained":["Iron Wave"]},{"damage_healed":0,"gold_gain":0,"player_choice":"Shed Blood","damage_taken":23,"max_hp_gain":5,"max_hp_loss":0,"event_name":"Forgotten Altar","floor":20,"gold_loss":0},{"damage_healed":0,"gold_gain":0,"player_choice":"Paid Fearfully","damage_taken":0,"max_hp_gain":0,"max_hp_loss":0,"event_name":"Masked Bandits","floor":22,"gold_loss":57},{"damage_healed":0,"gold_gain":0,"player_choice":"Leave","damage_taken":0,"max_hp_gain":0,"max_hp_loss":0,"event_name":"conspire:Investor","floor":25,"gold_loss":0}],"is_beta":false,"boss_relics":[{"not_picked":["conspire:SpecialSausage","Coffee Dripper"],"picked":"Black Blood"}],"items_purged_floors":[2,19],"is_endless":false,"potions_floor_spawned":[8,11,13,14,16,18,21,23,24,30,31],"killed_by":"Champ","ascension_level":0}}