{"host":"3d7yvplr5ovcyppx","time":1613189288,"event":{"mods":["AchievementEnabler","BaseMod","Hermit","Jorbs\u0027s Wanderer Trilogy","Minty Spire (QoL Compilation)","Quick Restart","Somnambulant","StSLib","The Cursed","The Disciple","The Servant 0.9.4"],"gold_per_floor":[117,117,131,150,163,192,256,269,292,292,24,50,68,84,84,179,179,199,225,225,225,248,279,279,304,354,370,38,48,48,68,68,68,68],"floor_reached":33,"language":"ENG","playtime":2146,"items_purged":[],"score":347,"play_id":"580cf585-a673-4f52-b7b6-1447617cfeda","local_time":"20210213093808","is_ascension_mode":false,"campfire_choices":[{"data":"Choke","floor":10,"key":"SMITH"},{"data":"Choke","floor":15,"key":"SMITH"},{"data":"Noxious Fumes","floor":24,"key":"SMITH"},{"data":"Die Die Die","floor":30,"key":"SMITH"},{"data":"Adrenaline","floor":32,"key":"SMITH"}],"circlet_count":0,"master_deck":["Strike_G","Strike_G","Strike_G","Strike_G","Strike_G","Defend_G","Defend_G","Defend_G","Defend_G","Defend_G","Survivor","Neutralize","Slice","Footwork","Blade Dance","Slice","Blur","Distraction","Noxious Fumes+1","Choke+1","Dagger Spray","Choke+1","Outmaneuver","Blade Dance","Die Die Die+1","Reflex","Outmaneuver","Necronomicurse","Leg Sweep","Eviscerate","Sucker Punch+1","Finisher","Backstab","Dagger Spray","Adrenaline+1"],"relics":["Ring of the Snake","Blood Vial","Toy Ornithopter","Bronze Scales","Bag of Marbles","Bottled Lightning","Tiny Chest","WristBlade","Red Mask","Necronomicon","Snake Skull","HornCleat","Meat on the Bone","Nunchaku","Frozen Egg 2"],"acts_visited":["Exordium","TheCity"],"potions_floor_usage":[6,6,6,16,18,23,33],"damage_taken":[{"damage":4,"enemies":"Cultist","floor":1,"turns":4},{"damage":0,"enemies":"2 Louse","floor":3,"turns":3},{"damage":0,"enemies":"Small Slimes","floor":4,"turns":3},{"damage":0,"enemies":"3 Louse","floor":5,"turns":4},{"damage":17,"enemies":"Lagavulin","floor":6,"turns":10},{"damage":19,"enemies":"3 Sentries","floor":7,"turns":8},{"damage":5,"enemies":"Red Slaver","floor":8,"turns":4},{"damage":5,"enemies":"Gremlin Nob","floor":12,"turns":3},{"damage":0,"enemies":"Exordium Wildlife","floor":13,"turns":2},{"damage":6,"enemies":"3 Louse","floor":14,"turns":3},{"damage":15,"enemies":"Hexaghost","floor":16,"turns":9},{"damage":0,"enemies":"Shell Parasite","floor":18,"turns":1},{"damage":1,"enemies":"Masked Bandits","floor":19,"turns":3},{"damage":0,"enemies":"Gremlin Leader","floor":23,"turns":1},{"damage":5,"enemies":"Slavers","floor":25,"turns":2},{"damage":7,"enemies":"2 Thieves","floor":27,"turns":1},{"damage":0,"enemies":"3 Cultists","floor":29,"turns":3},{"damage":0,"enemies":"Cultist and Chosen","floor":31,"turns":1},{"damage":89,"enemies":"Champ","floor":33,"turns":7}],"seed_played":"8314550979652961944","potions_obtained":[{"floor":1,"key":"PowerPotion"},{"floor":3,"key":"SpeedPotion"},{"floor":5,"key":"ColorlessPotion"},{"floor":13,"key":"ColorlessPotion"},{"floor":16,"key":"SkillPotion"},{"floor":19,"key":"BlessingOfTheForge"},{"floor":23,"key":"Ancient Potion"}],"is_trial":false,"path_per_floor":["M","?","M","M","M","E","?","M","T","R","$","E","M","M","R","B",null,"M","?","?","?","T","E","R","E","T","M","$","M","R","M","R","B"],"character_chosen":"THE_SILENT","items_purchased":["Bottled Lightning","Dagger Spray","Frozen Egg 2","Backstab"],"campfire_rested":0,"item_purchase_floors":[11,11,28,28],"current_hp_per_floor":[66,48,50,52,54,39,22,19,19,19,19,16,18,14,14,6,70,70,69,53,53,53,60,60,57,57,52,52,54,54,56,56,0,0],"gold":68,"neow_bonus":"THREE_CARDS","is_daily":false,"chose_seed":false,"campfire_upgraded":5,"win_rate":0.0,"timestamp":1613189288,"path_taken":["M","?","M","M","M","E","?","M","T","R","$","E","M","M","R","BOSS","M","?","?","?","?","E","R","E","T","M","$","?","R","M","R","BOSS"],"items_purchased_type":["Relic","Card","Relic","Card"],"build_version":"2020-12-22","purchased_purges":0,"victory":false,"max_hp_per_floor":[70,70,70,70,70,70,70,70,70,70,70,70,70,70,70,70,70,70,70,70,70,70,70,70,70,70,70,70,70,70,70,70,70,70],"card_choices":[{"not_picked":["Predator","Underhanded Strike"],"picked":"Slice","floor":0},{"not_picked":["Leg Sweep","Flechettes"],"picked":"Footwork","floor":1},{"not_picked":["Underhanded Strike","Eviscerate"],"picked":"Blade Dance","floor":3},{"not_picked":["Poisoned Stab","Acrobatics"],"picked":"Slice","floor":4},{"not_picked":["Caltrops","Predator"],"picked":"Blur","floor":5},{"not_picked":["Unload","Backflip"],"picked":"Distraction","floor":6},{"not_picked":["Underhanded Strike","Backflip"],"picked":"Noxious Fumes","floor":7},{"not_picked":["Flying Knee","PiercingWail"],"picked":"Choke","floor":8},{"not_picked":["Poisoned Stab","Underhanded Strike"],"picked":"Choke","floor":12},{"not_picked":["Acrobatics","Prepared"],"picked":"Outmaneuver","floor":13},{"not_picked":["Predator","Poisoned Stab"],"picked":"Blade Dance","floor":14},{"not_picked":["Adrenaline","Storm of Steel"],"picked":"Die Die Die","floor":16},{"not_picked":["Prepared","Backflip"],"picked":"Reflex","floor":18},{"not_picked":["Backflip","PiercingWail"],"picked":"Outmaneuver","floor":19},{"not_picked":["Crippling Poison","Poisoned Stab"],"picked":"Eviscerate","floor":23},{"not_picked":["Deflect","Cloak And Dagger"],"picked":"Sucker Punch+1","floor":25},{"not_picked":["Flying Knee+1","Crippling Poison"],"picked":"Finisher","floor":27},{"not_picked":["Bouncing Flask","Acrobatics"],"picked":"Dagger Spray","floor":29},{"not_picked":["Heel Hook+1","Dagger Throw"],"picked":"Adrenaline","floor":31}],"player_experience":59191,"relics_obtained":[{"floor":6,"key":"Toy Ornithopter"},{"floor":7,"key":"Bronze Scales"},{"floor":9,"key":"Bag of Marbles"},{"floor":12,"key":"Tiny Chest"},{"floor":19,"key":"Red Mask"},{"floor":20,"key":"Necronomicon"},{"floor":22,"key":"Snake Skull"},{"floor":23,"key":"HornCleat"},{"floor":25,"key":"Meat on the Bone"},{"floor":26,"key":"Nunchaku"}],"event_choices":[{"damage_healed":0,"gold_gain":0,"player_choice":"Success","damage_taken":18,"relics_obtained":["Blood Vial"],"max_hp_gain":0,"max_hp_loss":0,"event_name":"Scrap Ooze","floor":2,"gold_loss":0},{"damage_healed":0,"gold_gain":0,"player_choice":"Searched \u00271\u0027 times","damage_taken":0,"max_hp_gain":0,"max_hp_loss":0,"event_name":"Dead Adventurer","floor":7,"gold_loss":0},{"damage_healed":0,"gold_gain":0,"player_choice":"Fought Bandits","damage_taken":0,"max_hp_gain":0,"max_hp_loss":0,"event_name":"Masked Bandits","floor":19,"gold_loss":0},{"damage_healed":0,"gold_gain":0,"player_choice":"Obtained Book","damage_taken":16,"max_hp_gain":0,"max_hp_loss":0,"event_name":"Cursed Tome","floor":20,"gold_loss":0},{"damage_healed":0,"gold_gain":0,"player_choice":"Read","damage_taken":0,"max_hp_gain":0,"max_hp_loss":0,"event_name":"The Library","floor":21,"gold_loss":0,"cards_obtained":["Leg Sweep"]}],"is_beta":false,"boss_relics":[{"not_picked":["Ring of the Serpent","Philosopher\u0027s Stone"],"picked":"WristBlade"}],"items_purged_floors":[],"is_endless":false,"potions_floor_spawned":[1,3,5,13,16,19,23],"killed_by":"Champ","ascension_level":0}}