{"host":"fnlf8nl5agtxb8g8","time":1613253254,"event":{"mods":["Act Like it!","BaseMod","Better Altar","Better Match","Better Note","Better Sensory Stone","Better Skull","Better Third Choice","Better Vampires","Minty Spire (QoL Compilation)","Quick Restart","Rare Cards Sparkle","Robot Space Explorer","StSLib","The Jungle"],"gold_per_floor":[116,128,144,144,164,7,36,36,36,50,81,101,101,201,201,302,302,320,333,139,26,39,72,89,89,89,122,122,135,135,168,168,272,272,283,3,13,26,42,76,102,29,83,127,139,179,206,235,247,259],"floor_reached":51,"language":"ENG","playtime":3678,"items_purged":["RobotSpaceExplorer:Strike","RobotSpaceExplorer:Strike"],"score":894,"play_id":"2ecb5916-0285-430e-bc5f-a36793102ad6","local_time":"20210213155414","is_ascension_mode":false,"campfire_choices":[{"data":"RobotSpaceExplorer:Multitool","floor":15.0,"key":"SMITH"},{"floor":28.0,"key":"REST"},{"data":"1","floor":30.0,"key":"LIFT"},{"data":"2","floor":32.0,"key":"LIFT"},{"data":"RobotSpaceExplorer:ChargingLaser","floor":45,"key":"SMITH"},{"data":"3","floor":49,"key":"LIFT"}],"circlet_count":0,"master_deck":["RobotSpaceExplorer:Strike","RobotSpaceExplorer:Strike","RobotSpaceExplorer:Defend","RobotSpaceExplorer:Defend+1","RobotSpaceExplorer:Defend","RobotSpaceExplorer:Scan+1","RobotSpaceExplorer:MiniLasers","RobotSpaceExplorer:DoubleFind+1","RobotSpaceExplorer:StarLightning","RobotSpaceExplorer:Multitool+1","RobotSpaceExplorer:Reload","RobotSpaceExplorer:Autoloader","RobotSpaceExplorer:FrostMissile+1","RobotSpaceExplorer:Blaster","RobotSpaceExplorer:StarLightning+1","RobotSpaceExplorer:ScrapMissile","RobotSpaceExplorer:ScrapMissile+1","RobotSpaceExplorer:ChargingLaser+1","RobotSpaceExplorer:ChargingLaser+1"],"relics":["RobotSpaceExplorer:RoboCore","Membership Card","Blue Candle","Lizard Tail","Girya","Matryoshka","Busted Crown","RobotSpaceExplorer:SlideRule","War Paint","Bag of Preparation","Vajra","Smiling Mask","Toy Ornithopter","WingedGreaves","Red Mask","Coffee Dripper","Calipers","Molten Egg 2","Mango","DollysMirror","MawBank","MealTicket","Dead Branch","Whetstone"],"acts_visited":["Exordium","TheCity","TheBeyond"],"potions_floor_usage":[44,48,50,50],"damage_taken":[{"damage":3.0,"enemies":"Cultist","floor":1.0,"turns":4.0},{"damage":14.0,"enemies":"Jaw Worm","floor":2.0,"turns":7.0},{"damage":0.0,"enemies":"Small Slimes","floor":3.0,"turns":1.0},{"damage":0.0,"enemies":"3 Louse","floor":5.0,"turns":2.0},{"damage":18.0,"enemies":"Lagavulin","floor":7.0,"turns":6.0},{"damage":3.0,"enemies":"Lots of Slimes","floor":10.0,"turns":2.0},{"damage":0.0,"enemies":"3 Sentries","floor":11.0,"turns":7.0},{"damage":5.0,"enemies":"Gremlin Gang","floor":12.0,"turns":6.0},{"damage":39.0,"enemies":"The Guardian","floor":16.0,"turns":10.0},{"damage":12.0,"enemies":"Chosen","floor":18.0,"turns":4.0},{"damage":8.0,"enemies":"Shell Parasite","floor":19.0,"turns":4.0},{"damage":4.0,"enemies":"Snecko","floor":22.0,"turns":5.0},{"damage":32.0,"enemies":"Slavers","floor":23.0,"turns":6.0},{"damage":3.0,"enemies":"Shelled Parasite and Fungi","floor":24.0,"turns":5.0},{"damage":23.0,"enemies":"Gremlin Leader","floor":27.0,"turns":7.0},{"damage":0.0,"enemies":"Chosen and Byrds","floor":29.0,"turns":4.0},{"damage":0.0,"enemies":"Masked Bandits","floor":31.0,"turns":3.0},{"damage":26.0,"enemies":"Champ","floor":33.0,"turns":9.0},{"damage":6.0,"enemies":"3 Shapes","floor":35.0,"turns":3.0},{"damage":4.0,"enemies":"3 Darklings","floor":37.0,"turns":5.0},{"damage":2.0,"enemies":"Writhing Mass","floor":38.0,"turns":5.0},{"damage":0.0,"enemies":"Transient","floor":39.0,"turns":5.0},{"damage":3.0,"enemies":"Giant Head","floor":40.0,"turns":6.0},{"damage":0.0,"enemies":"Nemesis","floor":41.0,"turns":2.0},{"damage":0,"enemies":"Giant Head","floor":44,"turns":6},{"damage":31,"enemies":"Nemesis","floor":46,"turns":5},{"damage":0,"enemies":"Jaw Worm Horde","floor":47,"turns":3},{"damage":14,"enemies":"4 Shapes","floor":48,"turns":4},{"damage":23,"enemies":"Donu and Deca","floor":50,"turns":4}],"seed_played":"-5911428353021672649","potions_obtained":[{"floor":1.0,"key":"FearPotion"},{"floor":7.0,"key":"EntropicBrew"},{"floor":10.0,"key":"SmokeBomb"},{"floor":16.0,"key":"CultistPotion"},{"floor":19.0,"key":"RobotSpaceExplorer:RecyclePotion"},{"floor":24.0,"key":"SteroidPotion"},{"floor":27.0,"key":"EssenceOfSteel"},{"floor":37.0,"key":"Ancient Potion"},{"floor":38.0,"key":"Dexterity Potion"},{"floor":40.0,"key":"PowerPotion"},{"floor":41.0,"key":"Fruit Juice"},{"floor":47,"key":"Ancient Potion"}],"is_trial":false,"path_per_floor":["M","M","M","?","M","$","E","?","T","M","E","M","?","?","R","B",null,"M","M","$","$","M","E","M","?","T","E","R","M","R","?","R","B",null,"M","$","M","M","M","E","E","$","T","E","R","E","M","M","R","B",null],"character_chosen":"RobotSpaceExplorer","items_purchased":["Membership Card","RobotSpaceExplorer:SlideRule","War Paint","Bag of Preparation","RobotSpaceExplorer:StarLightning","RobotSpaceExplorer:Wormhole","Calipers","DollysMirror"],"campfire_rested":1,"item_purchase_floors":[6,20,20,21,21,36,36,42],"current_hp_per_floor":[79,65,65,65,65,65,47,40,40,37,37,32,7,7,7,11,82,70,62,62,62,58,26,23,23,23,5,29,29,29,29,29,13,82,76,76,72,70,70,67,81,81,81,91,91,60,60,51,51,38],"gold":271,"neow_bonus":"TEN_PERCENT_HP_BONUS","is_daily":false,"chose_seed":false,"campfire_upgraded":2,"win_rate":0.0,"timestamp":1613253254,"path_taken":["M","?","M","?","M","$","E","?","T","M","E","M","?","?","R","BOSS","M","M","?","$","M","E","M","?","T","E","R","M","R","?","R","BOSS","M","$","M","M","M","E","E","$","T","E","R","E","M","M","R","BOSS"],"items_purchased_type":["Relic","Relic","Relic","Relic","Card","Card","Relic","Relic"],"build_version":"2020-12-22","purchased_purges":2,"victory":true,"max_hp_per_floor":[82,82,82,82,82,82,82,82,82,82,82,82,82,82,82,82,82,82,82,82,82,82,82,82,82,82,82,82,82,82,82,82,82,82,82,82,82,82,79,79,93,93,93,98,98,98,98,98,98,98],"card_choices":[{"not_picked":["RobotSpaceExplorer:MetalStrike","RobotSpaceExplorer:GlueShot"],"picked":"RobotSpaceExplorer:DoubleFind","floor":1.0},{"not_picked":["RobotSpaceExplorer:GlueShot","RobotSpaceExplorer:SwiftStep"],"picked":"RobotSpaceExplorer:StarLightning","floor":2.0},{"not_picked":["RobotSpaceExplorer:ExhaustFan","RobotSpaceExplorer:SwiftStep","RobotSpaceExplorer:ShockKick"],"picked":"SKIP","floor":3.0},{"not_picked":["RobotSpaceExplorer:MetalStrike","RobotSpaceExplorer:GlueShot"],"picked":"RobotSpaceExplorer:Multitool","floor":5.0},{"not_picked":["RobotSpaceExplorer:StunGrenade","RobotSpaceExplorer:FreezingShield","RobotSpaceExplorer:LaserBurst"],"picked":"SKIP","floor":7.0},{"not_picked":["RobotSpaceExplorer:Probe","RobotSpaceExplorer:SlimeMissile"],"picked":"RobotSpaceExplorer:Reload","floor":10.0},{"not_picked":["RobotSpaceExplorer:Blitz","RobotSpaceExplorer:Reload"],"picked":"RobotSpaceExplorer:Autoloader","floor":11.0},{"not_picked":["RobotSpaceExplorer:Pulsar","RobotSpaceExplorer:StarDust"],"picked":"RobotSpaceExplorer:FrostMissile","floor":12.0},{"not_picked":["RobotSpaceExplorer:Multitool","RobotSpaceExplorer:HighVoltage"],"picked":"RobotSpaceExplorer:Blaster","floor":16.0},{"not_picked":["RobotSpaceExplorer:ShockKick"],"picked":"SKIP","floor":18.0},{"not_picked":["RobotSpaceExplorer:FrostMissile"],"picked":"SKIP","floor":19.0},{"not_picked":["RobotSpaceExplorer:MiniDrones+1"],"picked":"SKIP","floor":22.0},{"not_picked":["RobotSpaceExplorer:Counterblock"],"picked":"SKIP","floor":23.0},{"not_picked":[],"picked":"RobotSpaceExplorer:ScrapMissile","floor":24.0},{"not_picked":[],"picked":"RobotSpaceExplorer:ScrapMissile+1","floor":27.0},{"not_picked":["RobotSpaceExplorer:MiniDrones+1"],"picked":"SKIP","floor":29.0},{"not_picked":[],"picked":"RobotSpaceExplorer:ChargingLaser","floor":33.0},{"not_picked":["RobotSpaceExplorer:Probe+1"],"picked":"SKIP","floor":35.0},{"not_picked":["RobotSpaceExplorer:JunkDive"],"picked":"SKIP","floor":37.0},{"not_picked":["RobotSpaceExplorer:FreezingShield+1"],"picked":"SKIP","floor":38.0},{"not_picked":["RobotSpaceExplorer:FrostMissile"],"picked":"SKIP","floor":39.0},{"not_picked":["RobotSpaceExplorer:Probe+1"],"picked":"SKIP","floor":40.0},{"not_picked":["RobotSpaceExplorer:FrostMissile+1"],"picked":"SKIP","floor":41.0},{"not_picked":["RobotSpaceExplorer:FranticSearch+1"],"picked":"SKIP","floor":44},{"not_picked":["RobotSpaceExplorer:StunGrenade+1"],"picked":"SKIP","floor":46},{"not_picked":["RobotSpaceExplorer:MetalStrike+1"],"picked":"SKIP","floor":47},{"not_picked":["RobotSpaceExplorer:SlimeMissile+1"],"picked":"SKIP","floor":48}],"player_experience":691432,"relics_obtained":[{"floor":7.0,"key":"Blue Candle"},{"floor":9.0,"key":"Lizard Tail"},{"floor":11.0,"key":"Girya"},{"floor":23.0,"key":"Vajra"},{"floor":26.0,"key":"Smiling Mask"},{"floor":26.0,"key":"Toy Ornithopter"},{"floor":27.0,"key":"WingedGreaves"},{"floor":31.0,"key":"Red Mask"},{"floor":40.0,"key":"Molten Egg 2"},{"floor":41.0,"key":"Mango"},{"floor":43.0,"key":"MawBank"},{"floor":43.0,"key":"MealTicket"},{"floor":44,"key":"Dead Branch"},{"floor":46,"key":"Whetstone"}],"event_choices":[{"damage_healed":0.0,"max_hp_gain":0.0,"max_hp_loss":0.0,"gold_gain":0.0,"event_name":"Living Wall","player_choice":"Grow","floor":4.0,"gold_loss":0.0,"damage_taken":0.0,"cards_upgraded":["RobotSpaceExplorer:DoubleFind"]},{"cards_removed":["RobotSpaceExplorer:Defend"],"damage_healed":0.0,"max_hp_gain":0.0,"max_hp_loss":0.0,"gold_gain":0.0,"event_name":"Golden Wing","player_choice":"Card Removal","floor":8.0,"gold_loss":0.0,"damage_taken":7.0},{"damage_healed":0.0,"max_hp_gain":0.0,"max_hp_loss":0.0,"gold_gain":0.0,"event_name":"betterThird:BetterScrap","player_choice":"Relic ","floor":13.0,"gold_loss":0.0,"damage_taken":25.0,"cards_obtained":["Sentinel"]},{"damage_healed":0.0,"max_hp_gain":0.0,"max_hp_loss":0.0,"gold_gain":100.0,"event_name":"Golden Shrine","player_choice":"Pray","floor":14.0,"gold_loss":0.0,"damage_taken":0.0},{"cards_removed":["RobotSpaceExplorer:Autoloader"],"damage_healed":0.0,"max_hp_gain":0.0,"max_hp_loss":0.0,"gold_gain":0.0,"event_name":"betterNote:BetterNote","player_choice":"Give","floor":25.0,"gold_loss":0.0,"damage_taken":0.0,"cards_obtained":["None"]},{"damage_healed":0.0,"max_hp_gain":0.0,"max_hp_loss":0.0,"gold_gain":0.0,"event_name":"Masked Bandits","player_choice":"Fought Bandits","floor":31.0,"gold_loss":0.0,"damage_taken":0.0}],"is_beta":false,"boss_relics":[{"not_picked":["Pandora\u0027s Box","SlaversCollar"],"picked":"Busted Crown"},{"not_picked":["Philosopher\u0027s Stone","Fusion Hammer"],"picked":"Coffee Dripper"}],"items_purged_floors":[20,36],"is_endless":false,"potions_floor_spawned":[1,7,10,16,19,24,27,29,31,37,38,40,41,47],"ascension_level":0}}