{"host":"prxrhpgaxnj4om9r","time":1613196185,"event":{"mods":["AchievementEnabler","BaseMod","DeckTracker","Minty Spire (QoL Compilation)"],"gold_per_floor":[112,112,112,128,139,139,167,167,167,167,177,208,219,249,249,349,399,411,411,411,425,340,375,50,50,50,50,65,65,76,1,1,1,1],"floor_reached":33,"language":"KOR","playtime":1149,"items_purged":[],"score":383,"play_id":"05d8e1f1-555e-442b-8cd8-e6d447dd3d76","local_time":"20210213150305","is_ascension_mode":false,"campfire_choices":[{"data":"Vault","floor":6.0,"key":"SMITH"},{"data":"MentalFortress","floor":8.0,"key":"SMITH"},{"data":"1","floor":15.0,"key":"LIFT"},{"floor":29,"key":"REST"},{"data":"2","floor":32,"key":"LIFT"}],"circlet_count":0,"master_deck":["Strike_P","Strike_P","Strike_P","Strike_P","Defend_P","Defend_P","Defend_P","Defend_P","Eruption+1","Vigilance","Vault+1","WheelKick","CutThroughFate+1","Halt","MentalFortress+1","Swivel","Consecrate","FollowUp","Evaluate","Judgement","DeceiveReality","Indignation+1","JustLucky+1","TalkToTheHand"],"relics":["PureWater","White Beast Statue","Art of War","Girya","Tiny House","Singing Bowl","Regal Pillow","Potion Belt","Eternal Feather","Bottled Lightning"],"acts_visited":["Exordium","TheCity"],"potions_floor_usage":[30,33,33],"damage_taken":[{"damage":15.0,"enemies":"Jaw Worm","floor":1.0,"turns":4.0},{"damage":0.0,"enemies":"2 Louse","floor":4.0,"turns":1.0},{"damage":0.0,"enemies":"Cultist","floor":5.0,"turns":1.0},{"damage":0.0,"enemies":"Gremlin Nob","floor":7.0,"turns":1.0},{"damage":7.0,"enemies":"Exordium Wildlife","floor":11.0,"turns":3.0},{"damage":0.0,"enemies":"Lagavulin","floor":12.0,"turns":3.0},{"damage":16.0,"enemies":"Blue Slaver","floor":13.0,"turns":2.0},{"damage":0.0,"enemies":"Gremlin Nob","floor":14.0,"turns":3.0},{"damage":11.0,"enemies":"Hexaghost","floor":16.0,"turns":8.0},{"damage":12.0,"enemies":"Shell Parasite","floor":18.0,"turns":4.0},{"damage":0.0,"enemies":"Chosen","floor":21.0,"turns":3.0},{"damage":22.0,"enemies":"Book of Stabbing","floor":23.0,"turns":5.0},{"damage":0,"enemies":"Sentry and Sphere","floor":28,"turns":3},{"damage":10,"enemies":"Centurion and Healer","floor":30,"turns":3},{"damage":103,"enemies":"Collector","floor":33,"turns":6}],"seed_played":"-2856274693250193594","potions_obtained":[{"floor":3.0,"key":"Fruit Juice"},{"floor":3.0,"key":"AttackPotion"},{"floor":3.0,"key":"Block Potion"},{"floor":4.0,"key":"AttackPotion"},{"floor":5.0,"key":"Energy Potion"},{"floor":11.0,"key":"BottledMiracle"},{"floor":12.0,"key":"Strength Potion"},{"floor":13.0,"key":"ColorlessPotion"},{"floor":14.0,"key":"ColorlessPotion"},{"floor":16.0,"key":"Strength Potion"},{"floor":17.0,"key":"SpeedPotion"},{"floor":18.0,"key":"LiquidMemories"},{"floor":21.0,"key":"SteroidPotion"},{"floor":23.0,"key":"Block Potion"},{"floor":28,"key":"BottledMiracle"},{"floor":30,"key":"LiquidBronze"}],"is_trial":false,"path_per_floor":["M","?","?","M","M","R","E","R","T","?","M","E","M","E","R","B",null,"M","?","?","M","?","E","$","?","T","$","M","R","M","?","R","B"],"character_chosen":"WATCHER","items_purchased":["Eternal Feather","TalkToTheHand"],"campfire_rested":1,"item_purchase_floors":[24,24],"current_hp_per_floor":[57,57,62,62,62,62,62,62,62,67,60,60,44,44,44,33,87,75,75,75,77,77,55,55,55,55,55,57,91,83,83,93,0,0],"gold":1,"neow_bonus":"ONE_RANDOM_RARE_CARD","is_daily":false,"chose_seed":false,"campfire_upgraded":2,"win_rate":0.0,"timestamp":1613196185,"path_taken":["M","?","?","?","M","R","E","R","T","?","M","E","M","E","R","BOSS","M","?","?","M","?","E","$","?","T","$","M","R","?","?","R","BOSS"],"items_purchased_type":["Relic","Card"],"build_version":"2020-12-22","purchased_purges":0,"victory":false,"max_hp_per_floor":[72,72,77,77,77,77,77,77,77,82,82,82,82,82,82,82,87,87,87,87,89,89,89,89,89,89,89,91,91,93,93,93,93,93],"card_choices":[{"not_picked":["ThirdEye","SashWhip"],"picked":"WheelKick","floor":1.0},{"not_picked":["BowlingBash","EmptyBody"],"picked":"CutThroughFate","floor":4.0},{"not_picked":["Pray","Evaluate"],"picked":"Halt","floor":5.0},{"not_picked":["JustLucky","Crescendo"],"picked":"MentalFortress","floor":7.0},{"not_picked":["Meditate","LikeWater"],"picked":"Swivel","floor":11.0},{"not_picked":["JustLucky","Crescendo"],"picked":"Consecrate","floor":12.0},{"not_picked":["EmptyBody","ClearTheMind"],"picked":"FollowUp","floor":13.0},{"not_picked":["Halt","EmptyBody"],"picked":"Evaluate","floor":14.0},{"not_picked":["MasterReality","Alpha"],"picked":"Judgement","floor":16.0},{"not_picked":["EmptyBody","Protect"],"picked":"DeceiveReality","floor":17.0},{"not_picked":["Protect","FlyingSleeves"],"picked":"Indignation+1","floor":18.0},{"not_picked":["PathToVictory","CutThroughFate+1","JustLucky+1"],"picked":"Singing Bowl","floor":21.0},{"not_picked":["FollowUp+1","ThirdEye"],"picked":"JustLucky+1","floor":23.0},{"not_picked":["LikeWater","SashWhip","WreathOfFlame"],"picked":"Singing Bowl","floor":28},{"not_picked":["BowlingBash","EmptyBody","Crescendo"],"picked":"Singing Bowl","floor":30}],"player_experience":421422,"relics_obtained":[{"floor":7.0,"key":"White Beast Statue"},{"floor":12.0,"key":"Art of War"},{"floor":14.0,"key":"Girya"},{"floor":23.0,"key":"Potion Belt"},{"floor":26,"key":"Bottled Lightning"}],"event_choices":[{"damage_healed":0.0,"max_hp_gain":0.0,"max_hp_loss":0.0,"gold_gain":0.0,"event_name":"Living Wall","player_choice":"Grow","floor":2.0,"gold_loss":0.0,"damage_taken":0.0,"cards_upgraded":["Eruption"]},{"damage_healed":0.0,"max_hp_gain":0.0,"max_hp_loss":0.0,"gold_gain":0.0,"event_name":"Lab","player_choice":"Got Potions","floor":3.0,"gold_loss":0.0,"damage_taken":0.0},{"damage_healed":0.0,"max_hp_gain":5.0,"max_hp_loss":0.0,"gold_gain":0.0,"event_name":"Big Fish","player_choice":"Donut","floor":10.0,"gold_loss":0.0,"damage_taken":0.0},{"damage_healed":0.0,"max_hp_gain":0.0,"max_hp_loss":0.0,"gold_gain":0.0,"event_name":"The Mausoleum","player_choice":"Opened","floor":19.0,"gold_loss":0.0,"damage_taken":0.0,"relics_obtained":["Singing Bowl"]},{"damage_healed":0.0,"max_hp_gain":0.0,"max_hp_loss":0.0,"gold_gain":0.0,"event_name":"Ghosts","player_choice":"Ignored","floor":20.0,"gold_loss":0.0,"damage_taken":0.0},{"damage_healed":0.0,"max_hp_gain":0.0,"max_hp_loss":0.0,"gold_gain":0.0,"event_name":"Addict","player_choice":"Obtained Relic","floor":22.0,"gold_loss":85.0,"damage_taken":0.0,"relics_obtained":["Regal Pillow"]},{"damage_healed":0,"gold_gain":0,"player_choice":"Cursed","damage_taken":0,"max_hp_gain":0,"max_hp_loss":0,"event_name":"Wheel of Change","floor":25,"gold_loss":0,"cards_obtained":["Decay"]},{"cards_removed":["Decay"],"damage_healed":0,"gold_gain":0,"player_choice":"Gave Gold","damage_taken":0,"max_hp_gain":0,"max_hp_loss":0,"event_name":"Beggar","floor":31,"gold_loss":75}],"is_beta":false,"boss_relics":[{"not_picked":["Ectoplasm","Runic Dome"],"picked":"Tiny House"}],"items_purged_floors":[],"is_endless":false,"potions_floor_spawned":[4,5,11,12,13,14,16,18,21,23,28,30],"killed_by":"Collector","ascension_level":0}}