{"host":"u0qetpmu4y58k1tf","time":1613233990,"event":{"mods":["100% Spire Juice","AchievementEnabler","Act Like it!","BaseMod","CapriCore","Colored Map","Colored Powertips","Hermit","Koishi","Lobotomy","Marisa£¨Ùöéë¡¡Øª×âÞÞ£©","Minty Spire (QoL Compilation)","Quick Restart","Reliquary","Replay The Spire","StSLib","Td1madao Mod","The Bug Knight","The Cursed","The Gatherer","The Hierophant","The Immortal","The Jungle","The Runesmith"],"gold_per_floor":[110,1,17,36,36,61,72,72,72,72,145,172,191,141,141,141,141],"floor_reached":16,"language":"KOR","playtime":571,"items_purged":["Strike_B"],"score":138,"play_id":"ef124177-2e47-4519-af11-1dc16726e652","local_time":"20210214013310","is_ascension_mode":true,"campfire_choices":[{"data":"Zap","floor":10,"key":"SMITH"}],"circlet_count":0,"master_deck":["Strike_B","Strike_B","Strike_B","Defend_B","Defend_B","Defend_B","Defend_B","Zap+1","Dualcast","hierophant:ChurchCoffers","Cold Snap","Aggregate","Compile Driver+1","Coolheaded","Coolheaded","Replay:Bootleg Shield Generator","Loop","Conserve Battery","Coolheaded"],"relics":["Cracked Core","Prayer Wheel","Emotion Chip","reliquary:NewFriend","DataDisk"],"acts_visited":["Exordium"],"potions_floor_usage":[],"damage_taken":[{"damage":1,"enemies":"Cultist","floor":1,"turns":3},{"damage":5,"enemies":"Jaw Worm","floor":3,"turns":2},{"damage":0,"enemies":"2 Louse","floor":4,"turns":2},{"damage":4,"enemies":"3 Sentries","floor":6,"turns":11},{"damage":13,"enemies":"Exordium Thugs","floor":7,"turns":5},{"damage":14,"enemies":"Gremlin Nob","floor":12,"turns":4},{"damage":0,"enemies":"Blue Slaver","floor":13,"turns":4},{"damage":0,"enemies":"3 Sentries","floor":16,"turns":1}],"seed_played":"1095224495616714987","potions_obtained":[{"floor":4,"key":"SpeedPotion"},{"floor":12,"key":"Adrenaline Potion"}],"is_trial":false,"path_per_floor":["M","$","M","M","?","E","M","PTL","PTL","R","T","E","M","?","?","E"],"character_chosen":"DEFECT","items_purchased":["Compile Driver+1"],"campfire_rested":0,"item_purchase_floors":[2],"current_hp_per_floor":[74,74,69,69,69,65,52,52,52,52,52,38,38,38,85,85,85],"gold":141,"neow_bonus":"ONE_RARE_RELIC","is_daily":false,"chose_seed":false,"campfire_upgraded":1,"win_rate":0.0,"timestamp":1613233990,"path_taken":["M","?","M","M","?","E","M","PTL","PTL","R","T","E","?","?","?","E"],"items_purchased_type":["Card"],"build_version":"2020-12-22","purchased_purges":1,"victory":false,"max_hp_per_floor":[75,75,75,75,75,75,75,75,75,75,75,75,75,75,85,85,85],"card_choices":[{"not_picked":["Panic Button","Hologram"],"picked":"Cold Snap","floor":1},{"not_picked":["Time Bomb","Tempest"],"picked":"Aggregate","floor":1},{"not_picked":["Panic Button","ReplaySolidLightProjector","Stack"],"picked":"SKIP","floor":3},{"not_picked":["Redo","Sweeping Beam","Leap"],"picked":"SKIP","floor":3},{"not_picked":["Streamline","Undo"],"picked":"Coolheaded","floor":4},{"not_picked":["Rebound","Hologram"],"picked":"Coolheaded","floor":4},{"not_picked":["Steam","Panic Button","Sweeping Beam"],"picked":"SKIP","floor":6},{"not_picked":["ReplayGash","Chaos"],"picked":"Loop","floor":7},{"not_picked":["Stack","Redo"],"picked":"Conserve Battery","floor":7},{"not_picked":["ReplayTheSpireMod:Repulse","Go for the Eyes"],"picked":"Machine Learning","floor":12},{"not_picked":["Hologram","Tempest"],"picked":"Coolheaded","floor":13},{"not_picked":["Rebound","Conserve Battery","Leap"],"picked":"SKIP","floor":13}],"player_experience":116617,"relics_obtained":[{"floor":6,"key":"Emotion Chip"},{"floor":11,"key":"reliquary:NewFriend"},{"floor":12,"key":"DataDisk"}],"event_choices":[{"damage_healed":0,"gold_gain":0,"player_choice":"1 cards matched","damage_taken":0,"max_hp_gain":0,"max_hp_loss":0,"event_name":"Match and Keep!","floor":5,"gold_loss":0,"cards_obtained":["Replay:Bootleg Shield Generator"]},{"cards_removed":["Strike_R"],"damage_healed":0,"gold_gain":0,"player_choice":"Card Removal","damage_taken":0,"max_hp_gain":0,"max_hp_loss":0,"event_name":"The Cleric","floor":14,"gold_loss":50},{"cards_removed":["Machine Learning"],"damage_healed":37,"gold_gain":0,"player_choice":"Offered Rare","damage_taken":0,"max_hp_gain":10,"max_hp_loss":0,"event_name":"Bonfire Elementals","floor":15,"gold_loss":0}],"is_beta":false,"boss_relics":[],"items_purged_floors":[2],"is_endless":false,"potions_floor_spawned":[4,12],"killed_by":"3 Sentries","ascension_level":5}}