{"host":"lg1lbglystyxcosi","time":1613226494,"event":{"mods":["AchievementEnabler","BaseMod","Better Third Choice","BetterRewards","Colored Powertips","Minty Spire (QoL Compilation)","Quick Restart","Shop Mod","StSLib","¡¾ÒÅÎï¿¨ÅÆ¡¿REMEMod"],"gold_per_floor":[109,59,59,72,87,87,7,7,73,85,97,129,157,188,200,317,329,352,364,301,313,335,347,392,493,530,542,570,209,226,243,243,243,243],"floor_reached":33,"language":"ZHS","playtime":1497,"items_purged":["Strike_G"],"score":321,"play_id":"69019c1e-2c99-4ba5-a0e7-412528eaa6f2","local_time":"20210213222814","is_ascension_mode":true,"campfire_choices":[{"data":"DevaForm","floor":6.0,"key":"SMITH"},{"data":"Setup","floor":10.0,"key":"SMITH"},{"data":"After Image","floor":15.0,"key":"SMITH"},{"data":"Predator","floor":23.0,"key":"SMITH"},{"floor":27.0,"key":"REST"},{"floor":32.0,"key":"REST"}],"circlet_count":0,"master_deck":["Strike_G","Strike_G","Defend_G","Defend_G","Defend_G+1","Defend_G","Survivor+1","Neutralize","DevaForm+1","Predator+1","Blade Dance","Riddle With Holes","Dash","Setup+1","Backflip","After Image+1","Quick Slash"],"relics":["Ring of the Snake","REME_ComplimentaryCards","Ice Cream","Incense Burner","MawBank","Boot","Sozu","REME_ArchaeologicalTools","Red Mask","Omamori","War Paint","Chemical X"],"acts_visited":["Exordium","TheCity"],"potions_floor_usage":[33],"damage_taken":[{"damage":0.0,"enemies":"2 Louse","floor":1.0,"turns":2.0},{"damage":0.0,"enemies":"Jaw Worm","floor":4.0,"turns":3.0},{"damage":1.0,"enemies":"Cultist","floor":5.0,"turns":4.0},{"damage":0.0,"enemies":"2 Fungi Beasts","floor":12.0,"turns":2.0},{"damage":0.0,"enemies":"Large Slime","floor":13.0,"turns":4.0},{"damage":1.0,"enemies":"Red Slaver","floor":14.0,"turns":4.0},{"damage":21.0,"enemies":"The Guardian","floor":16.0,"turns":9.0},{"damage":9.0,"enemies":"2 Thieves","floor":18.0,"turns":4.0},{"damage":0.0,"enemies":"Spheric Guardian","floor":22.0,"turns":3.0},{"damage":14.0,"enemies":"Book of Stabbing","floor":24.0,"turns":7.0},{"damage":2.0,"enemies":"Masked Bandits","floor":25.0,"turns":4.0},{"damage":2.0,"enemies":"Snecko","floor":28.0,"turns":4.0},{"damage":18.0,"enemies":"Centurion and Healer","floor":30.0,"turns":5.0},{"damage":13.0,"enemies":"Snake Plant","floor":31.0,"turns":4.0},{"damage":38,"enemies":"Collector","floor":33,"turns":8}],"seed_played":"1462565210061831694","potions_obtained":[{"floor":4.0,"key":"SkillPotion"},{"floor":5.0,"key":"DuplicationPotion"},{"floor":13.0,"key":"DuplicationPotion"}],"is_trial":false,"path_per_floor":["M","?","?","M","M","R","$","T","T","R","?","M","M","M","R","B",null,"M","$","?","$","M","R","E","?","T","R","M","$","M","M","R","B"],"character_chosen":"THE_SILENT","items_purchased":["Ice Cream","Predator","Blade Dance","Setup","War Paint","Chemical X"],"campfire_rested":2,"item_purchase_floors":[0,0,0,7,29,29],"current_hp_per_floor":[49,49,42,42,41,41,41,41,41,41,64,64,64,63,63,42,63,54,54,54,54,54,54,40,38,38,59,57,57,39,26,47,9,9],"gold":243,"neow_bonus":"","is_daily":false,"chose_seed":false,"campfire_upgraded":4,"win_rate":0.0,"timestamp":1613226494,"path_taken":["M","?","?","M","M","R","?","?","T","R","?","M","M","?","R","BOSS","M","$","?","$","M","R","E","?","T","R","M","$","M","M","R","BOSS"],"items_purchased_type":["Relic","Card","Card","Card","Relic","Relic"],"build_version":"2020-12-22","purchased_purges":1,"victory":false,"max_hp_per_floor":[70,70,70,70,70,70,70,70,70,70,70,70,70,70,70,70,70,70,70,70,70,70,70,70,70,70,70,70,70,70,70,70,70,70],"card_choices":[{"not_picked":["Blade Dance","Outmaneuver"],"picked":"Riddle With Holes","floor":1.0},{"not_picked":["Deadly Poison","Cloak And Dagger","Noxious Fumes"],"picked":"SKIP","floor":4.0},{"not_picked":["Dagger Throw","Dagger Spray"],"picked":"Dash","floor":5.0},{"not_picked":["Catalyst","Outmaneuver"],"picked":"Backflip","floor":12.0},{"not_picked":["Finisher","Bouncing Flask"],"picked":"After Image","floor":13.0},{"not_picked":["Sucker Punch","Dodge and Roll","Eviscerate"],"picked":"SKIP","floor":14.0},{"not_picked":["Underhanded Strike","All Out Attack"],"picked":"Quick Slash","floor":18.0},{"not_picked":["Underhanded Strike+1","Flying Knee+1","Calculated Gamble"],"picked":"SKIP","floor":22.0},{"not_picked":["Underhanded Strike","Prepared","REME_ShadowStrike+1"],"picked":"SKIP","floor":24.0},{"not_picked":["Masterful Stab","Acrobatics","REME_GreenPollution"],"picked":"SKIP","floor":28.0},{"not_picked":["Backflip+1","Deadly Poison","PiercingWail"],"picked":"SKIP","floor":30.0},{"not_picked":["Backflip","Masterful Stab","Deadly Poison"],"picked":"SKIP","floor":31.0}],"player_experience":126291,"relics_obtained":[{"floor":8.0,"key":"MawBank"},{"floor":9.0,"key":"Boot"},{"floor":24.0,"key":"REME_ArchaeologicalTools"},{"floor":25.0,"key":"Red Mask"},{"floor":26.0,"key":"Omamori"}],"event_choices":[{"cards_removed":["Strike_G"],"damage_healed":0.0,"max_hp_gain":0.0,"max_hp_loss":0.0,"gold_gain":0.0,"event_name":"The Cleric","player_choice":"Card Removal","floor":2.0,"gold_loss":50.0,"damage_taken":0.0},{"cards_removed":["Defend_G"],"damage_healed":0.0,"max_hp_gain":0.0,"max_hp_loss":0.0,"gold_gain":0.0,"event_name":"Golden Wing","player_choice":"Card Removal","floor":3.0,"gold_loss":0.0,"damage_taken":7.0},{"damage_healed":23.0,"max_hp_gain":0.0,"max_hp_loss":0.0,"gold_gain":0.0,"event_name":"Big Fish","player_choice":"Banana","floor":11.0,"gold_loss":0.0,"damage_taken":0.0},{"cards_removed":["Strike_G"],"damage_healed":0.0,"max_hp_gain":0.0,"max_hp_loss":0.0,"gold_gain":0.0,"event_name":"Beggar","player_choice":"Gave Gold","floor":20.0,"gold_loss":75.0,"damage_taken":0.0},{"damage_healed":0.0,"max_hp_gain":0.0,"max_hp_loss":0.0,"gold_gain":0.0,"event_name":"Masked Bandits","player_choice":"Fought Bandits","floor":25.0,"gold_loss":0.0,"damage_taken":0.0}],"is_beta":false,"boss_relics":[{"not_picked":["Ectoplasm","SlaversCollar"],"picked":"Sozu"}],"items_purged_floors":[29],"is_endless":false,"potions_floor_spawned":[4,5,13,18,22,30],"killed_by":"Collector","ascension_level":5}}