{"host":"z8k0b1oqxoiri7b9","time":1613191351,"event":{"mods":["AchievementEnabler","BaseMod","Downfall","Minty Spire (QoL Compilation)","StSLib"],"gold_per_floor":[99,119,119,119,138,38,64,79,108,108,135,135,153,153,169,169,169,169],"floor_reached":16,"language":"ENG","playtime":987,"items_purged":[],"score":110,"play_id":"efaf2022-a406-4961-ac29-2561ad6cb158","local_time":"20210213124231","is_ascension_mode":false,"campfire_choices":[{"floor":1,"key":"RECALL"},{"floor":12,"key":"REST"}],"circlet_count":0,"master_deck":["hexamod:Strike","hexamod:Strike+1","hexamod:Defend+1","hexamod:Defend+1","hexamod:Defend+1","hexamod:Defend+1","hexamod:Sear","hexamod:Float+1","Decay","hexamod:SixthSeal","hexamod:RadiantFlame","Dramatic Entrance","hexamod:PhantomCloak"],"relics":["hexamod:SpiritBrand","Potion Belt","Orichalcum","Question Card","Omamori"],"acts_visited":["Exordium"],"potions_floor_usage":[8,11,16,16],"damage_taken":[{"damage":10,"enemies":"Jaw Worm","floor":2,"turns":4},{"damage":10,"enemies":"Small Slimes","floor":5,"turns":5},{"damage":2,"enemies":"downfall:FleeingMerchant","floor":6,"turns":4},{"damage":1,"enemies":"2 Louse","floor":8,"turns":2},{"damage":23,"enemies":"Lagavulin","floor":9,"turns":6},{"damage":37,"enemies":"Gremlin Nob","floor":11,"turns":6},{"damage":7,"enemies":"Large Slime","floor":13,"turns":9},{"damage":0,"enemies":"3 Louse","floor":15,"turns":3},{"damage":47,"enemies":"WA_ARCHETYPE_RETAIN","floor":16,"turns":13}],"seed_played":"4678037631515275287","potions_obtained":[{"floor":2,"key":"Swift Potion"},{"floor":8,"key":"Fruit Juice"},{"floor":9,"key":"SpeedPotion"},{"floor":13,"key":"Swift Potion"}],"is_trial":false,"path_per_floor":["R","M","?","?","M","$","T","M","E","?","E","R","M","?","M","B"],"character_chosen":"THE_SPIRIT","items_purchased":["Dramatic Entrance"],"campfire_rested":1,"item_purchase_floors":[6],"current_hp_per_floor":[70,60,60,53,43,41,41,45,22,47,10,32,25,25,25,0,0,0],"gold":169,"neow_bonus":"THREE_RARE_CARDS","is_daily":false,"chose_seed":false,"campfire_upgraded":0,"win_rate":0.0,"timestamp":1613191351,"path_taken":["R","M","?","?","M","$","T","M","E","?","E","R","M","?","M","BOSS"],"items_purchased_type":["Card"],"build_version":"2020-12-22","purchased_purges":0,"victory":false,"max_hp_per_floor":[70,70,70,70,70,70,70,75,75,75,75,75,75,75,75,75,75,75],"card_choices":[{"not_picked":["hexamod:TimeOfNeed","hexamod:TurnItUp"],"picked":"hexamod:SixthSeal","floor":0},{"not_picked":["hexamod:Hexaguard","hexamod:GhostLash","hexamod:SkipABeat"],"picked":"SKIP","floor":2},{"not_picked":["hexamod:NightmareStrike","hexamod:InspiringFlames"],"picked":"hexamod:RadiantFlame","floor":5},{"not_picked":["hexamod:EtherealExpedition","hexamod:PhantomFireball","hexamod:NecessarySacrifice"],"picked":"SKIP","floor":6},{"not_picked":["hexamod:SwordOfDarkness","hexamod:Firestarter","hexamod:CatchUp"],"picked":"SKIP","floor":8},{"not_picked":["hexamod:SpectersWail","hexamod:GhostOfSpirePast","hexamod:RetreatToShadows"],"picked":"SKIP","floor":9},{"not_picked":["hexamod:InspiringFlames","hexamod:RainOfEmbers","hexamod:AdvancingGuard","hexamod:SpectersWail"],"picked":"SKIP","floor":11},{"not_picked":["hexamod:Hexaguard","hexamod:NightmareGuise","hexamod:FirstSeal"],"picked":"hexamod:PhantomCloak","floor":13},{"not_picked":["hexamod:Firestarter","hexamod:ShieldOfDarkness","hexamod:ThermalTransfer","hexamod:FlamesFromBeyond"],"picked":"SKIP","floor":15}],"player_experience":201372,"relics_obtained":[{"floor":7,"key":"Orichalcum"},{"floor":9,"key":"Question Card"},{"floor":11,"key":"Omamori"}],"event_choices":[{"cards_removed":["hexamod:Strike"],"damage_healed":0,"gold_gain":0,"player_choice":"Card Removal","damage_taken":0,"max_hp_gain":0,"max_hp_loss":0,"event_name":"The Cleric","floor":3,"gold_loss":0},{"damage_healed":0,"gold_gain":0,"player_choice":"Success","damage_taken":7,"relics_obtained":["Potion Belt"],"max_hp_gain":0,"max_hp_loss":0,"event_name":"Scrap Ooze","floor":4,"gold_loss":0},{"damage_healed":25,"gold_gain":0,"player_choice":"Banana","damage_taken":0,"max_hp_gain":0,"max_hp_loss":0,"event_name":"Big Fish","floor":10,"gold_loss":0}],"is_beta":false,"boss_relics":[],"items_purged_floors":[],"is_endless":false,"potions_floor_spawned":[2,8,9,13],"killed_by":"WA_ARCHETYPE_RETAIN","ascension_level":0}}