{"host":"v9duy90nce28uent","time":1613191301,"event":{"mods":["BaseMod","Colored Map","Colored Powertips","Conspire","Downfall","Hermit","Highlight Path","Infinite Spire","Minty Spire (QoL Compilation)","Quick Restart","Rare Cards Sparkle","Replay The Spire","StSLib","The Cursed","The Disciple","The Hierophant","The Runesmith"],"gold_per_floor":[117,176,31,206,206,237,237,255,255,271,287,287,287,313,313,410,410,427,445,196,211,211,211,310,325,375,475,492,492,509,522,522,625,625,642,642,661,661,661],"floor_reached":38,"language":"ENG","playtime":3841,"items_purged":["hermit:Covet","Doubt"],"score":401,"play_id":"776611a4-09f0-46cc-a563-d5d25d9528aa","local_time":"20210212234141","is_ascension_mode":false,"campfire_choices":[{"data":"hermit:FullyLoaded","floor":7.0,"key":"SMITH"},{"data":"hermit:Maintenance","floor":12.0,"key":"SMITH"},{"data":"hermit:HighCaliber","floor":15.0,"key":"SMITH"},{"floor":23.0,"key":"REST"},{"floor":32.0,"key":"REST"}],"circlet_count":0,"master_deck":["hermit:Strike_Hermit+1","hermit:Strike_Hermit","hermit:Strike_Hermit","hermit:Strike_Hermit","hermit:Defend_Hermit","hermit:Defend_Hermit","hermit:Defend_Hermit","hermit:Defend_Hermit","hermit:Snapshot+1","hermit:Shortfuse","hermit:FullyLoaded+1","Pain","hermit:HighCaliber+1","hermit:BodyArmor","hermit:Maintenance+1","downfall:Icky","hermit:Reprieve","Bloodletting+1","hermit:Maintenance+1","Guardian:Clone","Runesmith:CraftVitae+1","LockedLightning","Writhe","TheCursedMod:CircleOfFlame"],"relics":["hermit:Momento","NeowsBlessing","WarpedTongs","Whetstone","conspire:BottledYoYo","PrismaticShard","infinitespire:Satchel","Runic Pyramid","DollysMirror","Anchor","Calipers","infinitespire:CheckeredPen","Replay:Rubber Ducky","Black Star"],"acts_visited":["Exordium","TheCity","TheBeyond"],"potions_floor_usage":[38],"damage_taken":[{"damage":0.0,"enemies":"Cultist","floor":1.0,"turns":1.0},{"damage":0.0,"enemies":"Lagavulin","floor":6.0,"turns":1.0},{"damage":0.0,"enemies":"2 Louse","floor":8.0,"turns":2.0},{"damage":0.0,"enemies":"Jaw Worm","floor":10.0,"turns":2.0},{"damage":6.0,"enemies":"Lots of Slimes","floor":11.0,"turns":4.0},{"damage":36.0,"enemies":"Hexaghost","floor":16.0,"turns":9.0},{"damage":4.0,"enemies":"Spheric Guardian","floor":18.0,"turns":5.0},{"damage":4.0,"enemies":"Shell Parasite","floor":19.0,"turns":5.0},{"damage":20.0,"enemies":"Sentry and Sphere","floor":21.0,"turns":5.0},{"damage":29.0,"enemies":"Centurion and Healer","floor":25.0,"turns":5.0},{"damage":14.0,"enemies":"Colosseum Slavers","floor":27.0,"turns":5.0},{"damage":35.0,"enemies":"Colosseum Nobs","floor":27.0,"turns":6.0},{"damage":6.0,"enemies":"Snake Plant","floor":28.0,"turns":4.0},{"damage":5.0,"enemies":"Sentry and Sphere","floor":30.0,"turns":4.0},{"damage":13.0,"enemies":"Chosen and Byrds","floor":31.0,"turns":7.0},{"damage":17.0,"enemies":"conspire:MysteriousRune","floor":33.0,"turns":9.0},{"damage":21,"enemies":"Orb Walker","floor":35,"turns":4},{"damage":72,"enemies":"3 Darklings","floor":37,"turns":7},{"damage":16,"enemies":"Transient","floor":38,"turns":2}],"seed_played":"-198144121935907257","potions_obtained":[{"floor":1.0,"key":"Fire Potion"},{"floor":8.0,"key":"Ancient Potion"},{"floor":10.0,"key":"SteroidPotion"},{"floor":16.0,"key":"Milkshake"},{"floor":19.0,"key":"Adrenaline Potion"},{"floor":25.0,"key":"Explosive Potion"},{"floor":27.0,"key":"LiquidBronze"},{"floor":30.0,"key":"sneckomod:MuddlingPotion"},{"floor":31.0,"key":"PowerPotion"}],"is_trial":false,"path_per_floor":["M","?","$","?","?","E","R","M","T","M","M","R","?","T","R","B",null,"M","M","$","M","?","R","?","M","T","?","M","?","M","M","R","B",null,"M","?","M","M"],"character_chosen":"HERMIT","items_purchased":["hermit:FullyLoaded","DollysMirror"],"campfire_rested":2,"item_purchase_floors":[3,20],"current_hp_per_floor":[75,75,75,75,75,75,75,75,75,75,69,69,69,69,69,33,75,71,71,71,55,55,75,75,46,46,5,11,11,18,9,31,18,75,58,75,7,0,0],"gold":661,"neow_bonus":"THREE_ENEMY_KILL","is_daily":false,"chose_seed":false,"campfire_upgraded":3,"win_rate":0.0,"timestamp":1613191301,"path_taken":["M","?","$","?","?","E","R","M","T","M","?","R","?","?","R","BOSS","M","M","$","M","?","R","?","M","T","?","M","?","?","M","R","BOSS","M","?","M","M"],"items_purchased_type":["Card","Relic"],"build_version":"2020-12-22","purchased_purges":2,"victory":false,"max_hp_per_floor":[75,75,75,75,75,75,75,75,75,75,75,75,75,75,75,75,75,75,75,75,75,75,75,75,75,75,75,75,75,75,75,75,75,75,75,75,75,75,75],"card_choices":[{"not_picked":["hermit:LowProfile","hermit:TakeAim"],"picked":"hermit:Shortfuse","floor":1.0},{"not_picked":["hermit:LoneWolf","hermit:Brawl"],"picked":"hermit:HighCaliber","floor":6.0},{"not_picked":["hermit:Roulette","hermit:WideOpen"],"picked":"hermit:BodyArmor","floor":8.0},{"not_picked":["hermit:BodyArmor","hermit:CursedWeapon","hermit:ItchyTrigger"],"picked":"SKIP","floor":10.0},{"not_picked":["hermit:BodyArmor","hermit:Headshot"],"picked":"hermit:Maintenance","floor":11.0},{"not_picked":["Juggernaut","bronze:BurnOut"],"picked":"hermit:Reprieve","floor":16.0},{"not_picked":["ReplayTheSpireMod:Strike From Hell","champ:PreciseThrust"],"picked":"Bloodletting+1","floor":18.0},{"not_picked":["sneckomod:SoulCleanse","Cleave+1","hexamod:NightmareStrike"],"picked":"SKIP","floor":19.0},{"not_picked":["Replay:Vibes","sneckomod:SoulDraw","LockedOrichalcum+1"],"picked":"SKIP","floor":21.0},{"not_picked":["Guardian:Gem_Red","Conserve Battery+1","bronze:BuggyMess"],"picked":"SKIP","floor":25.0},{"not_picked":["hexamod:RainOfEmbers","hierophant:Blessing"],"picked":"Guardian:Clone","floor":27.0},{"not_picked":["champ:PreciseThrust","Force Field","bronze:BuggyMess"],"picked":"SKIP","floor":28.0},{"not_picked":["SlimeSpray+1","Guardian:Gem_Blue"],"picked":"Runesmith:CraftVitae+1","floor":30.0},{"not_picked":["Runesmith:Augment+1","hierophant:Dazzle"],"picked":"LockedLightning","floor":31.0},{"not_picked":["champ:Haymaker+1","hermit:WideOpen","Shrug It Off+1"],"picked":"SKIP","floor":35},{"not_picked":["hermit:Roulette+1","Blade Dance"],"picked":"TheCursedMod:CircleOfFlame","floor":37}],"player_experience":81517,"relics_obtained":[{"floor":6.0,"key":"Whetstone"},{"floor":9.0,"key":"conspire:BottledYoYo"},{"floor":14.0,"key":"infinitespire:Satchel"},{"floor":26.0,"key":"Anchor"},{"floor":27.0,"key":"Calipers"},{"floor":27.0,"key":"infinitespire:CheckeredPen"}],"event_choices":[{"damage_healed":0.0,"max_hp_gain":0.0,"max_hp_loss":0.0,"gold_gain":59.0,"event_name":"Golden Wing","player_choice":"Gained Gold","floor":2.0,"gold_loss":0.0,"damage_taken":0.0},{"damage_healed":0.0,"max_hp_gain":0.0,"max_hp_loss":0.0,"gold_gain":175.0,"event_name":"Liars Game","player_choice":"AGREE","floor":4.0,"gold_loss":0.0,"damage_taken":0.0,"cards_obtained":["Doubt"]},{"damage_healed":0.0,"max_hp_gain":0.0,"max_hp_loss":0.0,"gold_gain":0.0,"event_name":"Accursed Blacksmith","player_choice":"Rummage","floor":5.0,"gold_loss":0.0,"damage_taken":0.0,"relics_obtained":["WarpedTongs"],"cards_obtained":["Pain"]},{"damage_healed":0.0,"max_hp_gain":0.0,"max_hp_loss":0.0,"gold_gain":0.0,"event_name":"conspire:Investor","player_choice":"Leave","floor":22.0,"gold_loss":0.0,"damage_taken":0.0},{"damage_healed":0.0,"max_hp_gain":0.0,"max_hp_loss":0.0,"gold_gain":99.0,"event_name":"Nest","player_choice":"Stole From Cult","floor":24.0,"gold_loss":0.0,"damage_taken":0.0},{"damage_healed":0.0,"max_hp_gain":0.0,"max_hp_loss":0.0,"gold_gain":0.0,"event_name":"Colosseum","player_choice":"Fight","floor":27.0,"gold_loss":0.0,"damage_taken":0.0},{"damage_healed":0.0,"max_hp_gain":0.0,"max_hp_loss":0.0,"gold_gain":0.0,"event_name":"Colosseum","player_choice":"Fought Nobs","floor":27.0,"gold_loss":0.0,"damage_taken":0.0},{"damage_healed":0.0,"max_hp_gain":0.0,"max_hp_loss":0.0,"gold_gain":0.0,"event_name":"WeMeetAgain","player_choice":"Gave Potion","floor":29.0,"gold_loss":0.0,"damage_taken":0.0,"relics_obtained":["Replay:Rubber Ducky"]},{"damage_healed":19,"gold_gain":0,"player_choice":"Writhe","damage_taken":0,"max_hp_gain":0,"max_hp_loss":0,"event_name":"Winding Halls","floor":36,"gold_loss":0,"cards_obtained":["Writhe"]}],"is_beta":false,"boss_relics":[{"not_picked":["Snecko Eye","ReplayTheSpireMod:DimensionalGlitch"],"picked":"Runic Pyramid"},{"not_picked":["conspire:SlowCooker","Replay:Ancient Bell"],"picked":"Black Star"}],"items_purged_floors":[3,20],"is_endless":false,"potions_floor_spawned":[1,8,10,16,19,25,27,30,31],"killed_by":"Transient","ascension_level":0}}