{"host":"37ccm3d17clopct7","time":1613204946,"event":{"mods":["BaseMod","GungeonMod","Hermit","Lobotomy","Minty Spire (QoL Compilation)","StSLib","The Bug Knight","The Cursed","The Hierophant","The Jungle","The Runesmith"],"gold_per_floor":[116,116,116,116,135,169,189,189,216,243,243,243,47,80,80,80,80],"floor_reached":16,"language":"KOR","playtime":682,"items_purged":["TheCursedMod:Strike_TheCursed"],"score":148,"play_id":"c28768e4-642b-47dc-8b8f-387cb21004db","local_time":"20210213172906","is_ascension_mode":true,"campfire_choices":[{"floor":8,"key":"RECALL"},{"data":"TheCursedMod:ManaBullet","floor":12,"key":"SMITH"},{"floor":15,"key":"REST"}],"circlet_count":0,"master_deck":["TheCursedMod:Strike_TheCursed","TheCursedMod:Strike_TheCursed+1","TheCursedMod:Strike_TheCursed","TheCursedMod:Defend_TheCursed","TheCursedMod:Defend_TheCursed","TheCursedMod:Defend_TheCursed","TheCursedMod:CursedWand+1","TheCursedMod:CleanUpWorkshop","TheCursedMod:Dregs","TheCursedMod:Obscuration","TheCursedMod:SmokeScreen","TheCursedMod:ManaBullet+1","TheCursedMod:FleshFromBone","TheCursedMod:RapidMovement","TheCursedMod:TacticalStrike"],"relics":["TheCursedMod:BlackMagic101","NeowsBlessing","DemoMod:Relodestone","Smiling Mask","DemoMod:MonsterBlood","DemoMod:LamentConfigurum","Whetstone"],"acts_visited":["Exordium"],"potions_floor_usage":[10,14,16],"damage_taken":[{"damage":0,"enemies":"Small Slimes","floor":1,"turns":1},{"damage":0,"enemies":"Jaw Worm","floor":5,"turns":1},{"damage":0,"enemies":"Gremlin Nob","floor":6,"turns":1},{"damage":0,"enemies":"Cultist","floor":7,"turns":5},{"damage":14,"enemies":"3 Sentries","floor":10,"turns":15},{"damage":38,"enemies":"Lagavulin","floor":14,"turns":16},{"damage":67,"enemies":"Slime Boss","floor":16,"turns":15}],"seed_played":"-6491275480338133330","potions_obtained":[{"floor":1,"key":"TheCursedMod:DregsPotion"},{"floor":6,"key":"Explosive Potion"},{"floor":7,"key":"Energy Potion"}],"is_trial":false,"path_per_floor":["M","?","?","T","M","E","M","R","T","E","?","R","$","E","R","B"],"character_chosen":"THE_CURSED","items_purchased":["DemoMod:WeirdEgg"],"campfire_rested":1,"item_purchase_floors":[13],"current_hp_per_floor":[75,75,75,75,75,75,75,75,75,68,73,73,73,35,61,0,0],"gold":80,"neow_bonus":"THREE_ENEMY_KILL","is_daily":false,"chose_seed":false,"campfire_upgraded":1,"win_rate":0.0,"timestamp":1613204946,"path_taken":["M","?","?","?","M","E","?","R","T","E","?","R","$","E","R","BOSS"],"items_purchased_type":["Relic"],"build_version":"2020-12-22","purchased_purges":1,"victory":false,"max_hp_per_floor":[75,75,75,75,75,75,75,75,75,82,87,87,87,87,87,87,87],"card_choices":[{"not_picked":["TheCursedMod:RavingStaff","TheCursedMod:Stigma"],"picked":"TheCursedMod:Obscuration","floor":1},{"not_picked":["TheCursedMod:CursedAmulet","TheCursedMod:CursedMace"],"picked":"TheCursedMod:SmokeScreen","floor":5},{"not_picked":["TheCursedMod:DoubleShield","TheCursedMod:VitalStrike"],"picked":"TheCursedMod:ManaBullet","floor":6},{"not_picked":["TheCursedMod:Torture","TheCursedMod:SurpriseAttack"],"picked":"TheCursedMod:FleshFromBone","floor":7},{"not_picked":["TheCursedMod:CircleOfAmplification","TheCursedMod:CursedStaff"],"picked":"TheCursedMod:RapidMovement","floor":10},{"not_picked":["TheCursedMod:BloodBarrier","TheCursedMod:CursedBlade"],"picked":"TheCursedMod:TacticalStrike","floor":14}],"player_experience":198067,"relics_obtained":[{"floor":6,"key":"DemoMod:Relodestone"},{"floor":9,"key":"Smiling Mask"},{"floor":10,"key":"DemoMod:MonsterBlood"},{"floor":14,"key":"Whetstone"}],"event_choices":[{"cards_removed":["TheCursedMod:Defend_TheCursed"],"damage_healed":0,"gold_gain":0,"player_choice":"Forget","damage_taken":0,"max_hp_gain":0,"max_hp_loss":0,"event_name":"Living Wall","floor":2,"gold_loss":0},{"damage_healed":0,"gold_gain":0,"player_choice":"Ignored","damage_taken":0,"max_hp_gain":0,"max_hp_loss":0,"event_name":"Shining Light","floor":3,"gold_loss":0},{"damage_healed":0,"gold_gain":0,"player_choice":"Donut","damage_taken":0,"max_hp_gain":5,"max_hp_loss":0,"event_name":"Big Fish","floor":11,"gold_loss":0}],"is_beta":false,"boss_relics":[],"items_purged_floors":[13],"is_endless":false,"potions_floor_spawned":[1,6,7],"killed_by":"Slime Boss","ascension_level":1}}