{"host":"nonrudiqgwgca70t","time":1613245077,"event":{"mods":["BaseMod","Downfall","Hermit","MarisaÅiñ∂âJÅ@ñÇóùçπÅj","Minty Spire (QoL Compilation)","StSLib","The Cursed","The Disciple","The Servant 0.9.4"],"gold_per_floor":[112,125,137,153,167,167,201,156,156,431,450,450,450],"floor_reached":12,"language":"ENG","playtime":1029,"items_purged":[],"score":82,"play_id":"4b3b693c-b007-4256-aea2-e1d68954081a","local_time":"20210213123757","is_ascension_mode":false,"campfire_choices":[{"data":"hermit:Snipe","floor":6.0,"key":"SMITH"}],"circlet_count":0,"master_deck":["hermit:Strike_Hermit","hermit:Strike_Hermit","hermit:Strike_Hermit","hermit:Strike_Hermit","hermit:Defend_Hermit","hermit:Defend_Hermit","hermit:Defend_Hermit","hermit:Defend_Hermit","hermit:Snapshot","hermit:Covet","hermit:Snipe+1","hermit:TrackingShot","hermit:GoldenBullet","hermit:Shortfuse","hermit:Desperado","hermit:TakeAim","hermit:BlackWind","Regret","hermit:HighCaliber"],"relics":["hermit:Momento","Vajra","Ornamental Fan"],"acts_visited":["Exordium"],"potions_floor_usage":[12],"damage_taken":[{"damage":5.0,"enemies":"2 Louse","floor":1.0,"turns":2.0},{"damage":15.0,"enemies":"Small Slimes","floor":2.0,"turns":4.0},{"damage":1.0,"enemies":"Cultist","floor":3.0,"turns":3.0},{"damage":5.0,"enemies":"Looter","floor":4.0,"turns":2.0},{"damage":6.0,"enemies":"3 Louse","floor":5.0,"turns":2.0},{"damage":29.0,"enemies":"Gremlin Nob","floor":7.0,"turns":4.0},{"damage":2.0,"enemies":"Lots of Slimes","floor":11.0,"turns":3.0},{"damage":18,"enemies":"Lagavulin","floor":12,"turns":4}],"seed_played":"9166900294273209851","potions_obtained":[{"floor":2.0,"key":"bronze:BurnAndBuffPotion"},{"floor":3.0,"key":"EssenceOfSteel"},{"floor":7.0,"key":"Fire Potion"},{"floor":11.0,"key":"SteroidPotion"}],"is_trial":false,"path_per_floor":["M","M","M","M","M","R","E","?","T","?","M","E"],"character_chosen":"HERMIT","items_purchased":[],"campfire_rested":0,"item_purchase_floors":[],"current_hp_per_floor":[70,55,54,49,43,43,14,14,14,14,12,0,0],"gold":450,"neow_bonus":"THREE_CARDS","is_daily":false,"chose_seed":false,"campfire_upgraded":1,"win_rate":0.0,"timestamp":1613245077,"path_taken":["M","M","M","M","M","R","E","?","T","?","?","E"],"items_purchased_type":[],"build_version":"2020-12-22","purchased_purges":0,"victory":false,"max_hp_per_floor":[75,75,75,75,75,75,75,75,75,75,75,75,75],"card_choices":[{"not_picked":["hermit:FullyLoaded","hermit:Dive"],"picked":"hermit:Snipe","floor":0.0},{"not_picked":["hermit:Coalescence","hermit:Snipe"],"picked":"hermit:TrackingShot","floor":1.0},{"not_picked":["hermit:Spite","hermit:FlashPowder"],"picked":"hermit:GoldenBullet","floor":2.0},{"not_picked":["hermit:Horror","hermit:Cheat"],"picked":"hermit:Shortfuse","floor":3.0},{"not_picked":["hermit:Manifest","hermit:ShadowCloak"],"picked":"hermit:Desperado","floor":4.0},{"not_picked":["hermit:SprayPray","hermit:BodyArmor"],"picked":"hermit:TakeAim","floor":5.0},{"not_picked":["hermit:TakeCover","hermit:ItchyTrigger"],"picked":"hermit:BlackWind","floor":7.0},{"not_picked":["hermit:Maintenance","hermit:Roulette"],"picked":"hermit:HighCaliber","floor":11.0}],"player_experience":162321,"relics_obtained":[{"floor":7.0,"key":"Vajra"},{"floor":9.0,"key":"Ornamental Fan"}],"event_choices":[{"damage_healed":0.0,"max_hp_gain":0.0,"max_hp_loss":0.0,"gold_gain":0.0,"event_name":"World of Goop","player_choice":"Left Gold","floor":8.0,"gold_loss":45.0,"damage_taken":0.0},{"damage_healed":0.0,"max_hp_gain":0.0,"max_hp_loss":0.0,"gold_gain":275.0,"event_name":"Golden Shrine","player_choice":"Desecrate","floor":10.0,"gold_loss":0.0,"damage_taken":0.0,"cards_obtained":["Regret"]}],"is_beta":false,"boss_relics":[],"items_purged_floors":[],"is_endless":false,"potions_floor_spawned":[2,3,7,11],"killed_by":"Lagavulin","ascension_level":0}}