{"host":"0mhttqdumuceah7q","time":1613211575,"event":{"mods":["AchievementEnabler","BaseMod","Colored Map","DeckTracker","Minty Spire (QoL Compilation)","Permanent Neow"],"gold_per_floor":[211,221,187,204,204,204,216,216,293,293,5,5,18,38,38,140,140,151,171,62,162,175,175,175,175],"floor_reached":24,"language":"KOR","playtime":1258,"items_purged":[],"score":197,"play_id":"b3ed3099-c3d6-4f2e-9e9c-038b641a68a3","local_time":"20210213191935","is_ascension_mode":true,"campfire_choices":[{"data":"Rupture","floor":6,"key":"SMITH"},{"data":"Bloodletting","floor":8,"key":"SMITH"},{"floor":15,"key":"DIG"},{"data":"Hemokinesis","floor":23,"key":"SMITH"}],"circlet_count":0,"master_deck":["Strike_R","Strike_R","Strike_R","Strike_R","Defend_R","Defend_R","Defend_R","Defend_R","Bash","Clothesline","Anger","Rupture+1","Wild Strike","Bloodletting+1","Battle Trance","Pommel Strike","Bludgeon","Heavy Blade","Flex","Hemokinesis+1","Combust","Hemokinesis"],"relics":["Black Blood","HornCleat","Shovel","Happy Flower"],"acts_visited":["Exordium","TheCity"],"potions_floor_usage":[14,16,22,24],"damage_taken":[{"damage":3,"enemies":"Small Slimes","floor":1,"turns":4},{"damage":6,"enemies":"Jaw Worm","floor":2,"turns":3},{"damage":11,"enemies":"2 Louse","floor":4,"turns":3},{"damage":12,"enemies":"Gremlin Gang","floor":7,"turns":5},{"damage":5,"enemies":"Large Slime","floor":13,"turns":5},{"damage":12,"enemies":"3 Louse","floor":14,"turns":2},{"damage":44,"enemies":"The Guardian","floor":16,"turns":7},{"damage":25,"enemies":"3 Byrds","floor":18,"turns":6},{"damage":31,"enemies":"2 Thieves","floor":19,"turns":5},{"damage":37,"enemies":"Snake Plant","floor":22,"turns":4},{"damage":32,"enemies":"Centurion and Healer","floor":24,"turns":3}],"seed_played":"2260300122944987081","potions_obtained":[{"floor":1,"key":"BlessingOfTheForge"},{"floor":13,"key":"Explosive Potion"},{"floor":14,"key":"AttackPotion"},{"floor":19,"key":"LiquidBronze"},{"floor":22,"key":"ColorlessPotion"}],"is_trial":false,"path_per_floor":["M","M","$","M","?","R","M","R","T","?","$","?","M","M","R","B",null,"M","M","$","?","M","R","M"],"character_chosen":"IRONCLAD","items_purchased":["Rupture","Shovel","Hemokinesis","Combust"],"campfire_rested":0,"item_purchase_floors":[3,11,20,20],"current_hp_per_floor":[80,80,80,75,80,80,74,74,74,67,67,67,68,62,62,24,85,72,53,53,53,28,28,0,0],"gold":175,"neow_bonus":"HUNDRED_GOLD","is_daily":false,"chose_seed":false,"campfire_upgraded":3,"win_rate":0.0,"timestamp":1613211575,"path_taken":["M","M","$","M","?","R","M","R","T","?","$","?","M","M","R","BOSS","M","M","$","?","?","R","M"],"items_purchased_type":["Card","Relic","Card","Card"],"build_version":"2020-12-22","purchased_purges":0,"victory":false,"max_hp_per_floor":[80,80,80,80,85,85,85,85,85,85,85,85,85,85,85,85,85,85,85,85,85,85,85,85,85],"card_choices":[{"not_picked":["Flame Barrier","Armaments"],"picked":"Clothesline","floor":1},{"not_picked":["Twin Strike","Burning Pact"],"picked":"Anger","floor":2},{"not_picked":["Body Slam","True Grit"],"picked":"Wild Strike","floor":4},{"not_picked":["Heavy Blade","Metallicize"],"picked":"Bloodletting","floor":7},{"not_picked":["Twin Strike","Sword Boomerang"],"picked":"Battle Trance","floor":13},{"not_picked":["Perfected Strike","Armaments"],"picked":"Pommel Strike","floor":14},{"not_picked":["Fiend Fire","Double Tap"],"picked":"Bludgeon","floor":16},{"not_picked":["Dropkick","Rupture"],"picked":"Heavy Blade","floor":18},{"not_picked":["Body Slam","Thunderclap"],"picked":"Flex","floor":19},{"not_picked":["Clothesline","Fire Breathing"],"picked":"Hemokinesis","floor":22}],"player_experience":29449,"relics_obtained":[{"floor":9,"key":"HornCleat"},{"floor":15,"key":"Happy Flower"}],"event_choices":[{"damage_healed":0,"gold_gain":0,"player_choice":"Donut","damage_taken":0,"max_hp_gain":5,"max_hp_loss":0,"event_name":"Big Fish","floor":5,"gold_loss":0},{"cards_removed":["Strike_R"],"damage_healed":0,"gold_gain":0,"player_choice":"Card Removal","damage_taken":7,"max_hp_gain":0,"max_hp_loss":0,"event_name":"Golden Wing","floor":10,"gold_loss":0},{"damage_healed":0,"gold_gain":0,"player_choice":"Ignored","damage_taken":0,"max_hp_gain":0,"max_hp_loss":0,"event_name":"Liars Game","floor":12,"gold_loss":0},{"damage_healed":0,"gold_gain":100,"player_choice":"Pray","damage_taken":0,"max_hp_gain":0,"max_hp_loss":0,"event_name":"Golden Shrine","floor":21,"gold_loss":0}],"is_beta":false,"boss_relics":[{"not_picked":["SacredBark","Runic Pyramid"],"picked":"Black Blood"}],"items_purged_floors":[],"is_endless":false,"potions_floor_spawned":[1,13,14,19,22],"killed_by":"Centurion and Healer","ascension_level":1}}