{"host":"92sjzvcjs9ajt7c7","time":1613190611,"event":{"mods":["Bard","BaseMod","Colored Powertips","Evolution","Minty Spire (QoL Compilation)","Shop Mod","StSLib","The Alterego","The Disciple","The Hayseed","The Marked","The Runesmith","The Servant 0.9.4","The Showman","Waifu the Spire","everything is the same but u backflip on backflip"],"gold_per_floor":[114,134,146,163,163,163,163],"floor_reached":6,"language":"ENG","playtime":782,"items_purged":[],"score":38,"play_id":"ca5534bf-88df-454d-abb0-d292178b0b62","local_time":"20210212223011","is_ascension_mode":false,"campfire_choices":[],"circlet_count":0,"master_deck":["TheSimpletonMod:Strike_TheSimpleton","TheSimpletonMod:Strike_TheSimpleton","TheSimpletonMod:Strike_TheSimpleton","TheSimpletonMod:Strike_TheSimpleton","TheSimpletonMod:Defend_TheSimpleton","TheSimpletonMod:Defend_TheSimpleton","TheSimpletonMod:Defend_TheSimpleton","TheSimpletonMod:Defend_TheSimpleton","TheSimpletonMod:Haymaker","TheSimpletonMod:Ferment","TheSimpletonMod:Mulch","TheSimpletonMod:Potatoes","TheSimpletonMod:Surplus"],"relics":["TheSimpletonMod:SpudOfTheInnocent","TheSimpletonMod:NightSoil","TheSimpletonMod:TheHarvester","EVO:Axolotl"],"acts_visited":["Exordium"],"potions_floor_usage":[6,6],"damage_taken":[{"damage":17,"enemies":"Cultist","floor":1,"turns":6},{"damage":0,"enemies":"Small Slimes","floor":2,"turns":3},{"damage":7,"enemies":"2 Louse","floor":3,"turns":3},{"damage":22,"enemies":"Blue Slaver","floor":4,"turns":5},{"damage":32,"enemies":"Gremlin Nob","floor":6,"turns":3}],"seed_played":"7375249034544991385","potions_obtained":[{"floor":1,"key":"SteroidPotion"},{"floor":3,"key":"FearPotion"},{"floor":4,"key":"GamblersBrew"}],"is_trial":true,"path_per_floor":["M","M","M","M","?","E"],"character_chosen":"THE_SIMPLETON","items_purchased":[],"campfire_rested":0,"item_purchase_floors":[],"current_hp_per_floor":[60,64,57,39,30,0,0],"gold":163,"neow_bonus":"","is_daily":false,"chose_seed":false,"campfire_upgraded":0,"win_rate":0.0,"timestamp":1613190611,"path_taken":["M","M","M","M","?","E"],"items_purchased_type":[],"build_version":"2020-12-22","purchased_purges":0,"victory":false,"max_hp_per_floor":[75,75,75,75,75,75,75],"card_choices":[{"not_picked":["TheSimpletonMod:Pruning","TheSimpletonMod:Sunseed"],"picked":"TheSimpletonMod:Ferment","floor":1},{"not_picked":["TheSimpletonMod:ToughenUp","TheSimpletonMod:Corn"],"picked":"TheSimpletonMod:Mulch","floor":2},{"not_picked":["TheSimpletonMod:ControlledBurn","TheSimpletonMod:SaladShooter","TheSimpletonMod:Corn"],"picked":"SKIP","floor":3},{"not_picked":["TheSimpletonMod:OnionBloom","TheSimpletonMod:CullingStrike"],"picked":"TheSimpletonMod:Potatoes","floor":4}],"player_experience":42127,"relics_obtained":[],"event_choices":[],"is_beta":false,"boss_relics":[],"items_purged_floors":[],"is_endless":false,"potions_floor_spawned":[1,3,4],"killed_by":"Gremlin Nob","ascension_level":0}}