{"host":"cb9xh4d0ss8ax8yb","time":1613192824,"event":{"mods":["100% Spire Juice","BaseMod","Better Altar","Better Match","Better Note","Better Sensory Stone","Better Skull","Better Third Choice","Bossed Relics","Good Game Mod","Jess\u0027s Bottle","Minty Spire (QoL Compilation)","StSLib","The Cursed","The Dragon Tamer","The Gatherer"],"gold_per_floor":[2,2,20,20,20,20,0,0,0,26,46,11,25,41,41,41,41],"floor_reached":16,"language":"KOR","playtime":734,"items_purged":[],"score":160,"play_id":"c88cc5a8-3842-44cf-ad82-e3079b87bdc6","local_time":"20210213140704","is_ascension_mode":true,"campfire_choices":[{"data":"Moonworks:Ambush","floor":6,"key":"SMITH"},{"data":"Moonworks:SealedMemories","floor":8,"key":"SMITH"},{"data":"Moonworks:LongDistanceShot","floor":15,"key":"SMITH"}],"circlet_count":0,"master_deck":["Moonworks:Strike","Moonworks:Strike","Moonworks:Strike","Moonworks:Strike","Moonworks:Defend","Moonworks:Defend","Moonworks:Defend","Moonworks:Defend","Moonworks:Ambush+1","Moonworks:LongDistanceShot+1","Feed","Moonworks:JonathanRush","Moonworks:SealedMemories+1","Burn","Enlightenment"],"relics":["Moonworks:BrokenBomb","Moonworks:Homemark","REME:ComplimentaryCards","Smiling Mask","Eternal Feather","Singing Bowl"],"acts_visited":["Exordium"],"potions_floor_usage":[10],"damage_taken":[{"damage":0,"enemies":"Small Slimes","floor":1,"turns":4},{"damage":0,"enemies":"Jaw Worm","floor":3,"turns":3},{"damage":11,"enemies":"3 Sentries","floor":10,"turns":6},{"damage":8,"enemies":"2 Louse","floor":11,"turns":3},{"damage":7,"enemies":"Blue Slaver","floor":13,"turns":3},{"damage":13,"enemies":"Exordium Wildlife","floor":14,"turns":4},{"damage":29,"enemies":"Slime Boss","floor":16,"turns":4}],"seed_played":"4739116150986350","potions_obtained":[{"floor":1,"key":"PowerPotion"},{"floor":11,"key":"LiquidBronze"}],"is_trial":false,"path_per_floor":["M","?","M","$","?","R","?","R","T","E","M","?","M","M","R","B"],"character_chosen":"THE_STARBREAKER","items_purchased":[],"campfire_rested":0,"item_purchase_floors":[],"current_hp_per_floor":[42,9,12,12,12,12,18,18,18,12,6,25,23,15,24,0,0],"gold":41,"neow_bonus":"TWO_FIFTY_GOLD","is_daily":false,"chose_seed":false,"campfire_upgraded":3,"win_rate":0.0,"timestamp":1613192824,"path_taken":["M","?","M","$","?","R","?","R","T","E","M","?","M","?","R","BOSS"],"items_purchased_type":[],"build_version":"2020-12-22","purchased_purges":0,"victory":false,"max_hp_per_floor":[63,63,66,66,66,66,72,72,72,77,79,79,84,89,89,89,89],"card_choices":[{"not_picked":["Moonworks:CompletionReward","Moonworks:FinalSurgery"],"picked":"Moonworks:JonathanRush","floor":1},{"not_picked":["Moonworks:SakisCookie","Moonworks:CloudOfSeagulls"],"picked":"Moonworks:SealedMemories","floor":3},{"not_picked":["Moonworks:IndiscriminateFireSupport","Moonworks:SinkOrSwim","Moonworks:EvilSpyWorkPreparation"],"picked":"Singing Bowl","floor":10},{"not_picked":["Moonworks:EvilSpyWorkPreparation","Moonworks:JonathanRush","Moonworks:ImOnFire"],"picked":"Singing Bowl","floor":11},{"not_picked":["Moonworks:EvilSpyWorkPreparation","Moonworks:IndiscriminateFireSupport","Moonworks:ImOnFire"],"picked":"Singing Bowl","floor":13},{"not_picked":["Moonworks:ReflectiveShell","Moonworks:CompletionReward","Moonworks:SakisCookie"],"picked":"Singing Bowl","floor":14}],"player_experience":514541,"relics_obtained":[{"floor":9,"key":"Eternal Feather"},{"floor":10,"key":"Singing Bowl"}],"event_choices":[{"damage_healed":0,"gold_gain":0,"player_choice":"Relic ","damage_taken":33,"max_hp_gain":0,"max_hp_loss":0,"event_name":"betterThird:BetterScrap","floor":2,"gold_loss":0,"cards_obtained":["Glass Knife"]},{"damage_healed":12,"gold_gain":0,"player_choice":"Embrace Burn","damage_taken":0,"max_hp_gain":0,"max_hp_loss":66,"event_name":"betterThird:BetterShining","floor":5,"gold_loss":0},{"damage_healed":0,"gold_gain":0,"player_choice":"RENOUNCE","damage_taken":20,"max_hp_gain":0,"max_hp_loss":0,"event_name":"betterThird:BetterSerpent","floor":7,"gold_loss":20,"cards_obtained":["Enlightenment"]},{"damage_healed":19,"gold_gain":0,"player_choice":"Healed","damage_taken":0,"max_hp_gain":0,"max_hp_loss":0,"event_name":"The Cleric","floor":12,"gold_loss":35}],"is_beta":false,"boss_relics":[],"items_purged_floors":[],"is_endless":false,"potions_floor_spawned":[1,11],"killed_by":"Slime Boss","ascension_level":7}}