{"host":"aduepa6pof7ckcrz","time":1613195848,"event":{"mods":["Act Like it!","Arknights","Aspiration","BaseMod","CapriCore","Colored Map","Colored Powertips","Downfall","Hallownest","Hermit","Hubris","Minty Spire (QoL Compilation)","Quick Restart","Replay The Spire","Robot Space Explorer","Shop Mod","StSLib","The Bug Knight","The Marked"],"gold_per_floor":[119,134,59,59,25,25,35,35,35,35,50,62,11,0,12,24,24],"floor_reached":16,"language":"FRA","playtime":539,"items_purged":["ats:Strike S"],"score":90,"play_id":"0c29b33b-f4f8-4a27-96d7-1363b7085ef7","local_time":"20210213065728","is_ascension_mode":false,"campfire_choices":[{"data":"ats:Ignite","floor":6,"key":"SMITH"},{"data":"ats:Ignite","floor":8,"key":"SMITH"},{"floor":15,"key":"REST"}],"circlet_count":0,"master_deck":["ats:Strike C","ats:Strike G","ats:Strike V","ats:Armor Crushing Shot","ats:Defend","ats:Defend","ats:Defend","ats:Defend","ats:Ignite+1","ats:Very Hot Blade","ats:Ignite+1","ats:Mental Burst","ats:Shadow Raid","ats:Beaten Up","ats:Flame Of Heaven"],"relics":["ats:Sanity","Bird Faced Urn","MawBank"],"acts_visited":["Hallownest:Greenpath"],"potions_floor_usage":[7,16,16],"damage_taken":[{"damage":1,"enemies":"2_ Uuma","floor":1,"turns":5},{"damage":1,"enemies":"Hallownest:2_MossCreeps","floor":2,"turns":5},{"damage":4,"enemies":"Hallownest:2_Tiktiks_and_1_Crawlid","floor":7,"turns":2},{"damage":0,"enemies":"Hallownest:monsterAspidMother","floor":10,"turns":4},{"damage":15,"enemies":"Hallownest:2_Tiktiks_1_Baldur_1_Crawlid","floor":11,"turns":4},{"damage":17,"enemies":"Hallownest:1_Baldur_1_Crawlid_1_Warrior","floor":12,"turns":3},{"damage":57,"enemies":"Hallownest:BossHornet","floor":16,"turns":11}],"seed_played":"8858023489877513227","potions_obtained":[{"floor":1,"key":"Guardian:BlockOnCardUsePotion"},{"floor":11,"key":"Fire Potion"}],"is_trial":false,"path_per_floor":["M","M","$","?","$","R","M","R","T","M","M","M","$","?","R","B"],"character_chosen":"DOCTOR_CLASS","items_purchased":["ats:Mental Burst","Swift Potion"],"campfire_rested":1,"item_purchase_floors":[5,13],"current_hp_per_floor":[71,70,70,72,72,72,68,68,68,68,53,36,36,36,57,0,0],"gold":24,"neow_bonus":"TRANSFORM_CARD","is_daily":false,"chose_seed":false,"campfire_upgraded":2,"win_rate":0.0,"timestamp":1613195848,"path_taken":["M","M","$","?","$","R","M","R","T","M","?","M","$","?","R","BOSS"],"items_purchased_type":["Card","Potion"],"build_version":"2020-12-22","purchased_purges":1,"victory":false,"max_hp_per_floor":[72,72,72,72,72,72,72,72,72,72,72,72,72,72,72,72,72],"card_choices":[{"not_picked":["ats:Thermite Blade","ats:Curse Doll"],"picked":"ats:Very Hot Blade","floor":1},{"not_picked":["ats:Consecutive Shot Auto","ats:Demon Strength"],"picked":"ats:Ignite","floor":2},{"not_picked":["ats:Poison Spread","ats:Explosion Area Strengthen"],"picked":"ats:Shadow Raid","floor":7},{"not_picked":["ats:Guard Mode","ats:Revitalization"],"picked":"ats:Beaten Up","floor":10},{"not_picked":["ats:Assault Order","ats:Shell Defense"],"picked":"ats:Flame Of Heaven","floor":11},{"not_picked":["ats:Automatic Cover","ats:Very Hot Blade","ats:Thermite Blade"],"picked":"SKIP","floor":12}],"player_experience":1050662,"relics_obtained":[{"floor":9,"key":"Bird Faced Urn"}],"event_choices":[],"is_beta":false,"boss_relics":[],"items_purged_floors":[3],"is_endless":false,"potions_floor_spawned":[1,11],"killed_by":"Hallownest:BossHornet","ascension_level":0}}