{"host":"fnndj664xgd3vavt","time":1613239979,"event":{"mods":["AchievementEnabler","BaseMod","Colored Powertips","DeckTracker","Downfall","Hermit","Highlight Path","Infinite Spire","Marisa????????","Minty Spire (QoL Compilation)","Quick Restart","Random Character Button","Replay The Spire","StSLib","The Cursed","The Servant 0.9.4"],"gold_per_floor":[99,99,99,99,99,99,99,99,129,29,42,67,67,96,116,116,116,116],"floor_reached":16,"language":"ENG","playtime":642,"items_purged":[],"score":120,"play_id":"72fb6e04-abc1-4d1e-8811-7edf0ac5e0f7","local_time":"20210213131259","is_ascension_mode":true,"campfire_choices":[{"floor":1,"key":"RECALL"},{"data":"Guardian:TwinSlam","floor":10,"key":"SMITH"},{"floor":13,"key":"REST"}],"circlet_count":0,"master_deck":["Guardian:Strike_Guardian","Guardian:Strike_Guardian","Guardian:Strike_Guardian","Guardian:Strike_Guardian","Guardian:Defend_Guardian","Guardian:Defend_Guardian","Guardian:Defend_Guardian","Guardian:CurlUp","Guardian:TwinSlam+1","Regret","Pot Of Greed","Guardian:PrimingBeam","Pot Of Greed","Guardian:ChargeCore","Guardian:EvasiveProtocol","Guardian:SentryBeam"],"relics":["Guardian:ModeShifter","downfall:HeartsMalice","Grinning Jar","Ornamental Fan","Replay:Baseball","downfall:HeartBlessingRed","InkBottle","Blue Doll"],"acts_visited":["Exordium"],"potions_floor_usage":[],"damage_taken":[{"damage":0,"enemies":"2 Louse","floor":4,"turns":1},{"damage":0,"enemies":"Small Slimes","floor":5,"turns":1},{"damage":0,"enemies":"Cultist","floor":8,"turns":1},{"damage":39,"enemies":"Lagavulin","floor":9,"turns":11},{"damage":2,"enemies":"Large Slime","floor":11,"turns":4},{"damage":11,"enemies":"3 Sentries","floor":12,"turns":7},{"damage":18,"enemies":"Gremlin Nob","floor":14,"turns":5},{"damage":2,"enemies":"2 Fungi Beasts","floor":15,"turns":3},{"damage":35,"enemies":"DF_ARCHETYPE_STREAMLINE","floor":16,"turns":9}],"seed_played":"8508504834319438258","potions_obtained":[{"floor":3,"key":"SpeedPotion"},{"floor":3,"key":"AttackPotion"},{"floor":3,"key":"SpeedPotion"}],"is_trial":false,"path_per_floor":["R","?","?","M","M","?","T","M","E","R","M","E","R","E","M","B"],"character_chosen":"GUARDIAN","items_purchased":[],"campfire_rested":1,"item_purchase_floors":[],"current_hp_per_floor":[80,80,80,80,80,80,80,80,41,41,39,28,52,34,32,0,0,0],"gold":116,"neow_bonus":"THREE_ENEMY_KILL","is_daily":false,"chose_seed":false,"campfire_upgraded":1,"win_rate":0.0,"timestamp":1613239979,"path_taken":["R","?","?","M","?","?","T","M","E","R","M","E","R","E","M","BOSS"],"items_purchased_type":[],"build_version":"2020-12-22","purchased_purges":0,"victory":false,"max_hp_per_floor":[80,80,80,80,80,80,80,80,80,80,80,80,80,80,80,80,80,80],"card_choices":[{"not_picked":["Guardian:Incinerate","Guardian:ShieldCharger"],"picked":"Guardian:PrimingBeam","floor":4},{"not_picked":["Guardian:Preprogram","Guardian:Gem_Fragmented"],"picked":"Guardian:Gem_White","floor":5},{"not_picked":["Guardian:WalkerClaw","Guardian:Gem_Lightblue"],"picked":"Guardian:Gem_Purple","floor":8},{"not_picked":["Guardian:Reroute","Guardian:BronzeOrb","Guardian:StasisStrike"],"picked":"SKIP","floor":9},{"not_picked":["Guardian:TemporalStrike","Guardian:RollAttack"],"picked":"Guardian:ChargeCore","floor":11},{"not_picked":["Guardian:TemporalStrike","Guardian:DecasProtection"],"picked":"Guardian:EvasiveProtocol","floor":12},{"not_picked":["Guardian:DecasProtection","Guardian:PolyBeam","Guardian:TemporalStrike"],"picked":"SKIP","floor":14},{"not_picked":["Guardian:Incinerate","Guardian:GuardianWhirl"],"picked":"Guardian:SentryBeam","floor":15}],"player_experience":322677,"relics_obtained":[{"floor":7,"key":"Ornamental Fan"},{"floor":9,"key":"Replay:Baseball"},{"floor":12,"key":"InkBottle"},{"floor":14,"key":"Blue Doll"}],"event_choices":[{"damage_healed":0,"gold_gain":0,"player_choice":"Box","damage_taken":0,"relics_obtained":["Grinning Jar"],"max_hp_gain":0,"max_hp_loss":0,"event_name":"Big Fish","floor":2,"gold_loss":0,"cards_obtained":["Regret"]},{"damage_healed":0,"gold_gain":0,"player_choice":"Got Potions","damage_taken":0,"max_hp_gain":0,"max_hp_loss":0,"event_name":"Lab","floor":3,"gold_loss":0}],"is_beta":false,"boss_relics":[],"items_purged_floors":[],"is_endless":false,"potions_floor_spawned":[9,11],"killed_by":"DF_ARCHETYPE_STREAMLINE","ascension_level":1}}