{"host":"fbdlh90rovbiajun","time":1613257825,"event":{"mods":["AchievementEnabler","BaseMod","Colored Map","Keyboard Shortcuts","Minty Spire (QoL Compilation)","SuperFastMode"],"gold_per_floor":[111,111,111,286,79,79,96,96,123,148,1,14,14,14,14,118,118,132,150,50,65,65,65,65,65,139,139,155,166,166,184,184,288,288,299,209,223,243,118,118,46,65,65,65,65,65],"floor_reached":45,"language":"KOR","playtime":2239,"items_purged":["Doubt","Strike_G","Defend_G"],"score":403,"play_id":"c2d874ed-f548-4c14-ba95-0ee912e57ad4","local_time":"20210214081025","is_ascension_mode":false,"campfire_choices":[{"data":"Noxious Fumes","floor":6,"key":"SMITH"},{"data":"Poisoned Stab","floor":8,"key":"SMITH"},{"data":"Neutralize","floor":13,"key":"SMITH"},{"data":"Quick Slash","floor":15,"key":"SMITH"},{"floor":23,"key":"REST"},{"data":"Calculated Gamble","floor":30,"key":"SMITH"},{"floor":32,"key":"REST"},{"data":"Poisoned Stab","floor":40,"key":"SMITH"}],"circlet_count":0,"master_deck":["Strike_G","Strike_G","Defend_G","Defend_G","Survivor","Neutralize+1","Backflip","Noxious Fumes+1","Poisoned Stab+1","PiercingWail","Quick Slash+1","Burst","Poisoned Stab+1","Deflect","Deflect","Venomology","Necronomicurse","Calculated Gamble+1","Deflect","Adrenaline","Slice+1","Slice+1","Footwork","PiercingWail+1","Burst"],"relics":["Ring of the Snake","NeowsBlessing","Centennial Puzzle","MawBank","Runic Pyramid","Necronomicon","InkBottle","Mummified Hand","SacredBark","Question Card"],"acts_visited":["Exordium","TheCity","TheBeyond"],"potions_floor_usage":[19,28,29,31,33,33,33,33,33,35,37,38,42,45,45,45],"damage_taken":[{"damage":0,"enemies":"Jaw Worm","floor":1,"turns":1},{"damage":0,"enemies":"Small Slimes","floor":7,"turns":1},{"damage":0,"enemies":"2 Louse","floor":10,"turns":1},{"damage":8,"enemies":"2 Fungi Beasts","floor":12,"turns":4},{"damage":21,"enemies":"The Guardian","floor":16,"turns":10},{"damage":20,"enemies":"Spheric Guardian","floor":18,"turns":5},{"damage":32,"enemies":"2 Thieves","floor":19,"turns":4},{"damage":12,"enemies":"Chosen and Byrds","floor":21,"turns":5},{"damage":13,"enemies":"Centurion and Healer","floor":28,"turns":8},{"damage":32,"enemies":"Sentry and Sphere","floor":29,"turns":7},{"damage":0,"enemies":"Shelled Parasite and Fungi","floor":31,"turns":7},{"damage":8,"enemies":"Automaton","floor":33,"turns":10},{"damage":28,"enemies":"3 Shapes","floor":35,"turns":4},{"damage":3,"enemies":"3 Darklings","floor":37,"turns":9},{"damage":39,"enemies":"Maw","floor":38,"turns":9},{"damage":9,"enemies":"Jaw Worm Horde","floor":42,"turns":5},{"damage":23,"enemies":"Nemesis","floor":45,"turns":5}],"seed_played":"-4107558558959717138","potions_obtained":[{"floor":1,"key":"Explosive Potion"},{"floor":10,"key":"FairyPotion"},{"floor":21,"key":"ColorlessPotion"},{"floor":31,"key":"Swift Potion"},{"floor":33,"key":"Regen Potion"},{"floor":37,"key":"SkillPotion"}],"is_trial":false,"path_per_floor":["M","?","?","?","$","R","M","R","T","M","$","M","R","$","R","B",null,"M","M","$","M","?","R","?","$","T","T","M","M","R","M","R","B",null,"M","?","M","M","$","R","$","M","T","?","E"],"character_chosen":"THE_SILENT","items_purchased":["Noxious Fumes","Poisoned Stab","Burst","Footwork"],"campfire_rested":2,"item_purchase_floors":[5,5,11,41],"current_hp_per_floor":[70,70,70,70,70,70,70,70,70,70,70,62,62,62,62,41,70,50,18,18,6,6,27,11,11,11,11,19,11,11,11,32,24,70,42,42,70,31,31,31,31,22,22,22,0,0],"gold":65,"neow_bonus":"THREE_ENEMY_KILL","is_daily":false,"chose_seed":false,"campfire_upgraded":6,"win_rate":0.0,"timestamp":1613257825,"path_taken":["M","?","?","?","$","R","M","R","T","M","?","M","R","$","R","BOSS","M","M","$","M","?","R","?","$","T","?","?","M","R","M","R","BOSS","M","?","?","M","$","R","$","M","T","?","E"],"items_purchased_type":["Card","Card","Card","Card"],"build_version":"2020-12-22","purchased_purges":3,"victory":false,"max_hp_per_floor":[70,70,70,70,70,70,70,70,70,70,70,70,70,70,70,70,70,70,70,70,70,70,70,70,70,70,70,70,70,70,70,70,70,70,70,70,70,70,70,70,70,70,70,70,70,70],"card_choices":[{"not_picked":["Escape Plan","Sucker Punch"],"picked":"Backflip","floor":1},{"not_picked":["Bane","Sucker Punch"],"picked":"PiercingWail","floor":7},{"not_picked":["Acrobatics","Prepared"],"picked":"Quick Slash","floor":10},{"not_picked":["Distraction","Bane","Flying Knee"],"picked":"SKIP","floor":12},{"not_picked":["Endless Agony","Quick Slash+1"],"picked":"Poisoned Stab","floor":18},{"not_picked":["Dodge and Roll","Reflex"],"picked":"Deflect","floor":19},{"not_picked":["Terror","Quick Slash","Choke"],"picked":"SKIP","floor":21},{"not_picked":["Caltrops","Acrobatics"],"picked":"Calculated Gamble","floor":28},{"not_picked":["Sucker Punch","Masterful Stab","Flying Knee+1"],"picked":"SKIP","floor":29},{"not_picked":["Heel Hook","Riddle With Holes+1"],"picked":"Deflect","floor":31},{"not_picked":["Bullet Time","Venomology"],"picked":"Adrenaline","floor":33},{"not_picked":["PiercingWail+1","Flying Knee+1"],"picked":"Slice+1","floor":35},{"not_picked":["Dodge and Roll","Underhanded Strike+1"],"picked":"Slice+1","floor":37},{"not_picked":["Finisher+1","Sucker Punch+1","Wraith Form v2"],"picked":"SKIP","floor":38},{"not_picked":["Leg Sweep+1","Dodge and Roll"],"picked":"PiercingWail+1","floor":42}],"player_experience":28843,"relics_obtained":[{"floor":9,"key":"MawBank"},{"floor":24,"key":"Necronomicon"},{"floor":26,"key":"InkBottle"},{"floor":27,"key":"Mummified Hand"},{"floor":43,"key":"Question Card"}],"event_choices":[{"damage_healed":0,"gold_gain":0,"player_choice":"Box","damage_taken":0,"relics_obtained":["Centennial Puzzle"],"max_hp_gain":0,"max_hp_loss":0,"event_name":"Big Fish","floor":2,"gold_loss":0,"cards_obtained":["Regret"]},{"cards_removed":["Regret"],"damage_healed":0,"gold_gain":0,"player_choice":"Forget","damage_taken":0,"max_hp_gain":0,"max_hp_loss":0,"event_name":"Living Wall","floor":3,"gold_loss":0},{"damage_healed":0,"gold_gain":175,"player_choice":"AGREE","damage_taken":0,"max_hp_gain":0,"max_hp_loss":0,"event_name":"Liars Game","floor":4,"gold_loss":0,"cards_obtained":["Doubt"]},{"damage_healed":0,"gold_gain":0,"cards_transformed":["Strike_G","Defend_G"],"player_choice":"Became Test Subject","damage_taken":0,"max_hp_gain":0,"max_hp_loss":0,"event_name":"Drug Dealer","floor":22,"gold_loss":0,"cards_obtained":["Deflect","Venomology"]},{"damage_healed":0,"gold_gain":0,"player_choice":"Obtained Book","damage_taken":16,"max_hp_gain":0,"max_hp_loss":0,"event_name":"Cursed Tome","floor":24,"gold_loss":0},{"cards_removed":["Strike_G"],"damage_healed":0,"gold_gain":0,"player_choice":"Upgrade and Remove","damage_taken":0,"max_hp_gain":0,"max_hp_loss":0,"event_name":"Designer","floor":36,"gold_loss":90,"cards_upgraded":["Defend_G"]},{"damage_healed":0,"gold_gain":0,"cards_transformed":["Defend_G"],"player_choice":"Transformed","damage_taken":0,"max_hp_gain":0,"max_hp_loss":0,"event_name":"Transmorgrifier","floor":44,"gold_loss":0,"cards_obtained":["Burst"]}],"is_beta":false,"boss_relics":[{"not_picked":["Snecko Eye","Ectoplasm"],"picked":"Runic Pyramid"},{"not_picked":["Runic Dome","Black Star"],"picked":"SacredBark"}],"items_purged_floors":[5,20,39],"is_endless":false,"potions_floor_spawned":[1,10,21,31,33,37],"killed_by":"Nemesis","ascension_level":0}}