{"host":"m9osufisr3agwk96","time":1613192418,"event":{"mods":["AchievementEnabler","Aspiration","BaseMod","Colored Map","Colored Powertips","Downfall","Friendly Minions","Hermit","Highlight Path","Hubris","Minty Spire (QoL Compilation)","Rare Cards Sparkle","Reliquary","Replay The Spire","Shop Mod","StSLib"],"gold_per_floor":[113,113,113,30,105,105,105,105,105,117,132,132,151,178,178,178,178],"floor_reached":16,"language":"ENG","playtime":401,"items_purged":[],"score":88,"play_id":"101b6681-cfe0-4885-bc44-37f15c5d061f","local_time":"20210212210018","is_ascension_mode":false,"campfire_choices":[{"floor":6,"key":"REST"},{"data":"Swift Strike","floor":8,"key":"SMITH"},{"data":"WheelKick","floor":15,"key":"SMITH"}],"circlet_count":0,"master_deck":["Strike_P","Strike_P","Strike_P","Strike_P","Defend_P","Defend_P","Defend_P","Eruption","Vigilance","Vengeance","Swivel","Hallucinations","Swift Strike+1","Replay:Vibes","FlurryOfBlows","WheelKick+1"],"relics":["PureWater","Ring of Peace","hubris:Icosahedron","Yang"],"acts_visited":["Exordium"],"potions_floor_usage":[13,16,16],"damage_taken":[{"damage":1,"enemies":"Jaw Worm","floor":1,"turns":3},{"damage":0,"enemies":"2 Louse","floor":10,"turns":3},{"damage":0,"enemies":"Small Slimes","floor":11,"turns":4},{"damage":0,"enemies":"Exordium Wildlife","floor":13,"turns":4},{"damage":72,"enemies":"Hexaghost","floor":16,"turns":9}],"seed_played":"-6061284773027386453","potions_obtained":[{"floor":1,"key":"Block Potion"},{"floor":10,"key":"Explosive Potion"},{"floor":11,"key":"Death Potion"}],"is_trial":false,"path_per_floor":["M","?","?","$","?","R","?","R","T","M","M","$","M","T","R","B"],"character_chosen":"WATCHER","items_purchased":["Swift Strike"],"campfire_rested":1,"item_purchase_floors":[4],"current_hp_per_floor":[71,64,64,64,53,72,72,72,72,72,72,72,72,72,72,0,0],"gold":178,"neow_bonus":"THREE_CARDS","is_daily":false,"chose_seed":false,"campfire_upgraded":2,"win_rate":0.0,"timestamp":1613192418,"path_taken":["M","?","?","$","?","R","?","R","T","?","M","?","M","?","R","BOSS"],"items_purchased_type":["Card"],"build_version":"2020-12-22","purchased_purges":0,"victory":false,"max_hp_per_floor":[72,72,72,72,72,72,72,72,72,72,72,72,72,72,72,72,72],"card_choices":[{"not_picked":["Replay:Battleflow","Replay:DivineShield"],"picked":"Vengeance","floor":0},{"not_picked":["SashWhip","FollowUp"],"picked":"Swivel","floor":1},{"not_picked":["Replay:ManipulateFuture","Fasting2"],"picked":"Replay:Vibes","floor":10},{"not_picked":["EmptyBody","Replay:AtTheReady"],"picked":"FlurryOfBlows","floor":11},{"not_picked":["Replay:Anticipation","ThirdEye"],"picked":"WheelKick","floor":13}],"player_experience":475170,"relics_obtained":[{"floor":3,"key":"Ring of Peace"},{"floor":9,"key":"Yang"}],"event_choices":[{"cards_removed":["Defend_P"],"damage_healed":0,"gold_gain":0,"player_choice":"Card Removal","damage_taken":7,"max_hp_gain":0,"max_hp_loss":0,"event_name":"Golden Wing","floor":2,"gold_loss":0},{"damage_healed":0,"gold_gain":75,"player_choice":"Gather Gold","damage_taken":11,"max_hp_gain":0,"max_hp_loss":0,"event_name":"World of Goop","floor":5,"gold_loss":0}],"is_beta":false,"boss_relics":[],"items_purged_floors":[],"is_endless":false,"potions_floor_spawned":[1,10,11],"killed_by":"Hexaghost","ascension_level":0}}