{"host":"fhwr1fuluf6086fh","time":1613237389,"event":{"mods":["2.2 Compatiblity","Act Like it!","BaseMod","Colored Map","Downfall","Elementarium","Minty Spire (QoL Compilation)","StSLib"],"gold_per_floor":[99,115,115,130,130,130,130,143,176,193,56,67,67,98,108,206,206,106,125,140,140,140,140,189,89,89,117,117,117,20,20,36,132,132,132,149,149,149,166,2,2,2,2,2],"floor_reached":42,"language":"ENG","playtime":8009,"items_purged":["downfall:Malfunctioning"],"score":468,"play_id":"4f67f33e-68a1-4276-9026-344fa57dd615","local_time":"20210213122949","is_ascension_mode":true,"campfire_choices":[{"data":"champ:Taunt","floor":1,"key":"SMITH"},{"floor":6,"key":"RECALL"},{"data":"champ:EnGarde","floor":18,"key":"SMITH"},{"data":"champ:Lariat","floor":23,"key":"SMITH"},{"data":"champ:Lariat","floor":25,"key":"SMITH"},{"floor":28,"key":"REST"},{"data":"champ:TripleStrike","floor":35,"key":"SMITH"}],"circlet_count":0,"master_deck":["champ:Strike+1","champ:Defend","champ:Defend","champ:Execute+1","champ:Taunt+1","champ:BerserkersShout","champ:DeathBlow+1","champ:FanOfKnives","champ:FocusedBerserking","champ:Lariat+1","champ:IronFortress+1","champ:EnGarde+1","champ:CrownThrow","champ:EndlessRage+1","champ:Lariat+1","champ:BringItOn","champ:VampiricStrike","champ:FancyFootwork+1","champ:ViciousMockery+1","champ:DefensiveStyle+1","champ:SetATrap+1","champ:DefensiveStyle+1","champ:GutPunch","champ:DefensiveStyle+1","champ:FancyFootwork+1","champ:Improvising+1","champ:Circumvent+1","champ:TripleStrike+1","champ:ViciousMockery","champ:FocusedBerserking+1","champ:StrikeOfGenius+1","champ:PreemptiveStrike+1","champ:BerserkerStyle+1","champ:Improvising+1"],"relics":["champ:ChampionCrown","Juzu Bracelet","Frozen Egg 2","Prayer Wheel","Shuriken","SlaversCollar","downfall:HeartBlessingRed","Nloth\u0027s Gift","downfall:HeartBlessingBlue","Matryoshka","Philosopher\u0027s Stone","DollysMirror","champ:DefensiveTrainingManual","InkBottle"],"acts_visited":["Exordium","TheCity","TheBeyond"],"potions_floor_usage":[9,14,14,33,42],"damage_taken":[{"damage":10,"enemies":"Small Slimes","floor":2,"turns":5},{"damage":10,"enemies":"Jaw Worm","floor":4,"turns":3},{"damage":36,"enemies":"Cultist","floor":8,"turns":5},{"damage":78,"enemies":"Gremlin Nob","floor":9,"turns":4},{"damage":30,"enemies":"Exordium Wildlife","floor":10,"turns":4},{"damage":65,"enemies":"downfall:FleeingMerchant","floor":11,"turns":4},{"damage":27,"enemies":"3 Louse","floor":12,"turns":3},{"damage":42,"enemies":"Lagavulin","floor":14,"turns":5},{"damage":15,"enemies":"Red Slaver","floor":15,"turns":4},{"damage":96,"enemies":"SI_SHIV_ARCHETYPE","floor":16,"turns":12},{"damage":37,"enemies":"Shell Parasite","floor":19,"turns":6},{"damage":12,"enemies":"Spheric Guardian","floor":20,"turns":4},{"damage":102,"enemies":"Gremlin Leader","floor":27,"turns":7},{"damage":33,"enemies":"Gremlin Leader","floor":29,"turns":4},{"damage":30,"enemies":"downfall:FleeingMerchant","floor":30,"turns":4},{"damage":48,"enemies":"Centurion and Healer","floor":32,"turns":5},{"damage":56,"enemies":"DF_ARCHETYPE_CLAW","floor":33,"turns":7},{"damage":0,"enemies":"Orb Walker","floor":36,"turns":3},{"damage":73,"enemies":"3 Darklings","floor":39,"turns":5},{"damage":75,"enemies":"downfall:FleeingMerchant","floor":40,"turns":4},{"damage":82,"enemies":"Reptomancer","floor":42,"turns":2}],"seed_played":"-2711457768030663027","potions_obtained":[{"floor":8,"key":"champ:TechniquePotion"},{"floor":10,"key":"DuplicationPotion"},{"floor":12,"key":"FearPotion"},{"floor":19,"key":"bronze:BurnAndBuffPotion"},{"floor":32,"key":"champ:CounterPotion"},{"floor":36,"key":"champ:TechniquePotion"}],"is_trial":false,"path_per_floor":["R","M","?","M","?","R","T","M","E","M","$","M","?","E","M","B",null,"R","M","M","?","?","R","T","R","?","E","R","?","$","?","M","B",null,"R","M","?","?","M","$","T","E"],"character_chosen":"THE_CHAMP","items_purchased":["champ:EnGarde","champ:DefensiveStyle+1","DollysMirror"],"campfire_rested":1,"item_purchase_floors":[11,30,40],"current_hp_per_floor":[90,90,90,90,90,90,90,79,51,46,51,44,26,24,24,16,90,90,88,86,68,68,68,68,78,78,51,82,74,74,74,71,55,105,105,105,105,105,82,77,77,0,0,0],"gold":2,"neow_bonus":"RANDOM_COMMON_RELIC","is_daily":false,"chose_seed":false,"campfire_upgraded":5,"win_rate":0.0,"timestamp":1613237389,"path_taken":["R","M","?","M","?","R","T","M","E","M","?","M","?","E","M","BOSS","R","M","M","?","?","R","T","R","?","E","R","?","$","?","M","BOSS","R","M","?","?","M","$","T","E"],"items_purchased_type":["Card","Card","Relic"],"build_version":"2020-12-22","purchased_purges":1,"victory":false,"max_hp_per_floor":[90,90,90,90,90,90,90,90,90,90,90,90,90,90,90,90,90,90,90,90,95,95,95,95,105,105,105,105,105,105,105,105,105,105,105,105,105,105,105,105,105,105,105,105],"card_choices":[{"not_picked":["champ:RecklessLeap","champ:Haymaker"],"picked":"champ:BerserkersShout","floor":2},{"not_picked":["champ:Backstep","champ:CrookedStrike"],"picked":"champ:DeathBlow","floor":4},{"not_picked":["champ:EnGarde","champ:FlashCut"],"picked":"champ:FanOfKnives","floor":8},{"not_picked":["champ:PreemptiveStrike","champ:PreciseThrust"],"picked":"champ:FocusedBerserking","floor":9},{"not_picked":["champ:Circumvent","champ:FaceSlap"],"picked":"champ:Lariat","floor":10},{"not_picked":["champ:ArenaPreparation","champ:FaceSlap"],"picked":"champ:IronFortress+1","floor":11},{"not_picked":["champ:CalledShot","champ:DeathBlow"],"picked":"champ:CrownThrow","floor":12},{"not_picked":["champ:HeavySlash","champ:DeathBlow"],"picked":"champ:EndlessRage+1","floor":14},{"not_picked":["champ:EnGarde","champ:DeathBlow"],"picked":"champ:Lariat","floor":15},{"not_picked":["champ:Shatter","champ:EnGarde"],"picked":"champ:BringItOn","floor":15},{"not_picked":["champ:SwordThrow","champ:MurderStrike"],"picked":"champ:VampiricStrike","floor":16},{"not_picked":["champ:DefensiveShout","champ:GutPunch"],"picked":"champ:FancyFootwork+1","floor":19},{"not_picked":["champ:FlashCut","champ:CalledShot"],"picked":"champ:ViciousMockery+1","floor":19},{"not_picked":["champ:PerfectedStrike","champ:BladeFlurry+1"],"picked":"champ:DefensiveStyle+1","floor":20},{"not_picked":["champ:AdrenalArmor","champ:GladiatorStyle+1"],"picked":"champ:SetATrap+1","floor":20},{"not_picked":["champ:EnragedBash","champ:ShieldSlam"],"picked":"champ:DefensiveStyle+1","floor":27},{"not_picked":["champ:AdrenalArmor","champ:PerfectedStrike"],"picked":"champ:GutPunch","floor":30},{"not_picked":["champ:Haymaker","champ:FancyFootwork"],"picked":"champ:Improvising+1","floor":32},{"not_picked":["champ:CrownThrow","champ:GutPunch"],"picked":"champ:Circumvent+1","floor":32},{"not_picked":["champ:CheapShot","champ:SteelEdge"],"picked":"champ:TripleStrike","floor":33},{"not_picked":["champ:PreciseThrust+1","champ:SkillfulDodge"],"picked":"champ:ViciousMockery","floor":36},{"not_picked":["champ:FanOfKnives","champ:SetATrap+1"],"picked":"champ:FocusedBerserking+1","floor":36},{"not_picked":["champ:ArenaPreparation+1","champ:FocusedBerserking+1"],"picked":"champ:StrikeOfGenius+1","floor":39},{"not_picked":["champ:Lariat","champ:FanOfKnives+1"],"picked":"champ:PreemptiveStrike+1","floor":39},{"not_picked":["champ:GutPunch","champ:DeathBlow+1"],"picked":"champ:BerserkerStyle+1","floor":40}],"player_experience":957607,"relics_obtained":[{"floor":7,"key":"Frozen Egg 2"},{"floor":9,"key":"MealTicket"},{"floor":14,"key":"Shuriken"},{"floor":27,"key":"Matryoshka"},{"floor":41,"key":"champ:DefensiveTrainingManual"},{"floor":41,"key":"InkBottle"}],"event_choices":[{"cards_removed":["champ:Strike"],"damage_healed":0,"gold_gain":0,"player_choice":"Card Removal","damage_taken":0,"max_hp_gain":0,"max_hp_loss":0,"event_name":"The Cleric","floor":3,"gold_loss":0},{"damage_healed":0,"gold_gain":0,"player_choice":"Success","damage_taken":18,"relics_obtained":["Prayer Wheel"],"max_hp_gain":0,"max_hp_loss":0,"event_name":"Scrap Ooze","floor":13,"gold_loss":0},{"cards_removed":["champ:Defend"],"damage_healed":0,"gold_gain":0,"player_choice":"Removed Skill","damage_taken":0,"max_hp_gain":0,"max_hp_loss":0,"event_name":"Falling","floor":37,"gold_loss":0}],"is_beta":false,"boss_relics":[{"not_picked":["champ:ChampionCrownUpgraded","Cursed Key"],"picked":"SlaversCollar"},{"not_picked":["bronze:MakeshiftBattery","Empty Cage"],"picked":"Philosopher\u0027s Stone"}],"items_purged_floors":[11],"is_endless":false,"potions_floor_spawned":[8,10,12,19,32,36],"killed_by":"Reptomancer","ascension_level":1}}