{"host":"whyfdmrq1ty0e9zp","time":1613235506,"event":{"mods":["Act Like it!","BaseMod","Colored Map","Colored Powertips","Conspire","Energized Spire","Gensokyo","Marisa£®ÏF”Í°°ƒß¿Ì…≥£©","Minty Spire (QoL Compilation)","MostiFishMod","Prisma Mod","Quick Restart","Relic Stats","Remilia£®¿Ÿ√◊¿Ú—«£©","Replay The Spire","StSLib","TestMod","The Servant 0.9.4","°æ“≈ŒÔø®≈∆°øREMEMod"],"gold_per_floor":[110,110,110,120,137,170,345,345,369,394,405,44,44,63,63,165,165,175,24,24,42,55,87,87,115,160,195,215,226,226,246,246,351,351,366,366,380,397,408,408,421,421,421,245,245,48,68,95,95,113],"floor_reached":51,"language":"ZHS","playtime":2568,"items_purged":["Doubt","Strike_P","Strike_P+1"],"score":1077,"play_id":"b19a8436-5c70-48a9-abfa-85c64b9e5e0b","local_time":"20210214005826","is_ascension_mode":true,"campfire_choices":[{"data":"Eruption","floor":8.0,"key":"SMITH"},{"data":"CutThroughFate","floor":13.0,"key":"SMITH"},{"data":"Meditate","floor":15.0,"key":"SMITH"},{"data":"Protect","floor":24,"key":"SMITH"},{"data":"Vigilance","floor":32,"key":"SMITH"},{"data":"MostiFishMod:Disappear","floor":40,"key":"SMITH"},{"data":"Vault","floor":42,"key":"SMITH"},{"data":"Establishment","floor":49,"key":"SMITH"}],"circlet_count":0,"master_deck":["Strike_P+1","Defend_P","Defend_P+1","Defend_P+1","Defend_P+1","Eruption+1","Vigilance+1","PrismaMod:IllyaUncommonDefend+1","TalkToTheHand+1","Meditate+1","Perseverance+1","Replay:ManipulateFuture+1","CutThroughFate+1","SandsOfTime+1","Establishment+1","AbeCurse","ThirdEye+1","Protect+1","BowlingBash+1","LessonLearned+1","FearNoEvil+1","JustLucky+1","MostiFishMod:Disappear+1","Replay:Cycle+1","WaveOfTheHand+1","WindmillStrike+1","Vault+1","Adaptation","Nirvana+1","Replay:Cycle+1"],"relics":["PureWater","testmod-TestBox","DaveBox","REME_ComplimentaryCards","MetatronsCube","testmod-D®¶j®§vu","NeowsBlessing","SynthV:TestCard","Replay:Rubber Ducky","Bag of Marbles","testmod-BlackFramedGlasses","Gremlin Food","Odd Mushroom","Guide Book","ReplayTheSpireMod:TigerMarble","Abe\u0027s Treasure","Civilization","Blood Vial","Replay:Wax Seal","Akabeko","Nunchaku","ChiXiaoBlade","Potion Belt","Ring of Chaos","ReplayTheSpireMod:Ring of Challenge","testmod-Acrobat"],"acts_visited":["Exordium","TheCity","TheBeyond"],"potions_floor_usage":[41,50,50],"damage_taken":[{"damage":0.0,"enemies":"Jaw Worm","floor":1.0,"turns":1.0},{"damage":0.0,"enemies":"2 Louse","floor":4.0,"turns":2.0},{"damage":0.0,"enemies":"Cultist","floor":5.0,"turns":1.0},{"damage":17.0,"enemies":"Lagavulin","floor":6.0,"turns":9.0},{"damage":7.0,"enemies":"The Mushroom Lair","floor":10.0,"turns":3.0},{"damage":0.0,"enemies":"Looter","floor":11.0,"turns":2.0},{"damage":0.0,"enemies":"Large Slime","floor":14.0,"turns":2.0},{"damage":7.0,"enemies":"The Guardian","floor":16.0,"turns":6.0},{"damage":3.0,"enemies":"3 Byrds","floor":18.0,"turns":4.0},{"damage":3,"enemies":"2 Thieves","floor":21,"turns":2},{"damage":0,"enemies":"Snecko","floor":22,"turns":3},{"damage":10,"enemies":"conspire:Head Lice","floor":23,"turns":4},{"damage":0,"enemies":"Book of Stabbing","floor":25,"turns":2},{"damage":6,"enemies":"REME_1_Revenger","floor":27,"turns":4},{"damage":0,"enemies":"Centurion and Healer","floor":28,"turns":3},{"damage":0,"enemies":"conspire:HollyBat","floor":29,"turns":5},{"damage":0,"enemies":"Cultist and Chosen","floor":31,"turns":4},{"damage":0,"enemies":"Champ","floor":33,"turns":10},{"damage":0,"enemies":"3 Shapes","floor":35,"turns":4},{"damage":0,"enemies":"3 Darklings","floor":37,"turns":1},{"damage":4,"enemies":"Sphere and 2 Shapes","floor":38,"turns":4},{"damage":0,"enemies":"Spire Growth","floor":39,"turns":3},{"damage":0,"enemies":"Maw","floor":41,"turns":4},{"damage":0,"enemies":"3 Darklings","floor":47,"turns":1},{"damage":0,"enemies":"R_Hoarder","floor":48,"turns":4},{"damage":0,"enemies":"Replay:Hell Engine","floor":50,"turns":4}],"seed_played":"576671875547724441","potions_obtained":[{"floor":1.0,"key":"StancePotion"},{"floor":5.0,"key":"AttackPotion"},{"floor":6.0,"key":"Strength Potion"},{"floor":10.0,"key":"Venom Potion"},{"floor":18.0,"key":"LiquidBronze"},{"floor":37,"key":"SkillPotion"},{"floor":41,"key":"Adrenaline Potion"},{"floor":48,"key":"Swift Potion"}],"is_trial":false,"path_per_floor":["M","?","?","M","M","E","?","R","T","?","M","$","R","M","R","B",null,"M","$","?","M","M","E","R","E","T","E","M","M","?","M","R","B",null,"M","?","M","M","M","R","M","R","T","$","?","$","M","E","R","B",null],"character_chosen":"WATCHER","items_purchased":["Guide Book","ReplayTheSpireMod:TigerMarble","Civilization","Adaptation","Nirvana"],"campfire_rested":0,"item_purchase_floors":[12,12,19,44,46],"current_hp_per_floor":[65,58,58,58,58,41,41,41,41,37,39,39,39,41,41,40,64,65,65,65,66,72,70,70,79,79,84,94,101,101,106,106,111,111,116,116,121,123,131,131,136,136,136,136,136,136,141,146,146,151],"gold":113,"neow_bonus":"THREE_ENEMY_KILL","is_daily":false,"chose_seed":false,"campfire_upgraded":8,"win_rate":0.0,"timestamp":1613235506,"path_taken":["M","?","?","M","?","E","?","R","T","?","M","$","R","M","R","BOSS","M","$","?","M","M","E","R","E","T","E","M","M","?","?","R","BOSS","M","?","?","?","M","R","M","R","T","$","?","$","M","E","R","BOSS"],"items_purchased_type":["Relic","Relic","Relic","Card","Card"],"build_version":"2020-12-22","purchased_purges":3,"victory":true,"max_hp_per_floor":[72,72,72,72,72,72,72,72,72,72,72,72,72,72,72,72,72,72,72,72,74,77,81,81,86,86,91,96,101,101,106,106,111,111,116,116,121,126,131,131,136,136,136,136,136,136,141,146,146,151],"relic_stats":{"Blood Vial":9,"Nunchaku":[12],"counters":[26,92],"obtain_stats":[{"DaveBox":0,"testmod-BlackFramedGlasses":6,"Replay:Rubber Ducky":2,"Blood Vial":23,"Civilization":19,"Nunchaku":27,"testmod-D®¶j®§vu":0,"Replay:Wax Seal":25,"Gremlin Food":9,"Potion Belt":43,"testmod-TestBox":0,"NeowsBlessing":0,"Guide Book":12,"Ring of Chaos":45,"Odd Mushroom":10,"Akabeko":26,"SynthV:TestCard":1,"testmod-Acrobat":48,"ChiXiaoBlade":34,"Bag of Marbles":3,"ReplayTheSpireMod:TigerMarble":12,"PureWater":0,"ReplayTheSpireMod:Ring of Challenge":45,"Abe\u0027s Treasure":17,"REME_ComplimentaryCards":0,"MetatronsCube":0},{"DaveBox":0,"testmod-BlackFramedGlasses":4,"Replay:Rubber Ducky":1,"Blood Vial":12,"Civilization":9,"Nunchaku":14,"testmod-D®¶j®§vu":0,"Replay:Wax Seal":13,"Gremlin Food":4,"Potion Belt":23,"testmod-TestBox":0,"NeowsBlessing":0,"Guide Book":6,"Ring of Chaos":23,"Odd Mushroom":5,"Akabeko":13,"SynthV:TestCard":1,"testmod-Acrobat":25,"ChiXiaoBlade":18,"Bag of Marbles":1,"ReplayTheSpireMod:TigerMarble":6,"PureWater":0,"ReplayTheSpireMod:Ring of Challenge":23,"Abe\u0027s Treasure":8,"REME_ComplimentaryCards":0,"MetatronsCube":0},{"DaveBox":0,"testmod-BlackFramedGlasses":13,"Replay:Rubber Ducky":1,"Blood Vial":39,"Civilization":30,"Nunchaku":45,"testmod-D®¶j®§vu":0,"Replay:Wax Seal":41,"Gremlin Food":13,"Potion Belt":83,"testmod-TestBox":0,"NeowsBlessing":0,"Guide Book":18,"Ring of Chaos":83,"Odd Mushroom":16,"Akabeko":41,"SynthV:TestCard":1,"testmod-Acrobat":88,"ChiXiaoBlade":67,"Bag of Marbles":1,"ReplayTheSpireMod:TigerMarble":18,"PureWater":0,"ReplayTheSpireMod:Ring of Challenge":83,"Abe\u0027s Treasure":26,"REME_ComplimentaryCards":0,"MetatronsCube":0}]},"card_choices":[{"not_picked":["Replay:Vibes","EmptyBody","Crescendo"],"picked":"SKIP","floor":1.0},{"not_picked":["Replay:BluntJabs","REME_MusicOfDeath","Collect","EmptyFist"],"picked":"TalkToTheHand","floor":4.0},{"not_picked":["ForeignInfluence","EmptyBody","BowlingBash","Halt"],"picked":"Meditate","floor":5.0},{"not_picked":["BattleHymn","SignatureMove","MentalFortress","Replay:Anticipation"],"picked":"Perseverance","floor":6.0},{"not_picked":["Halt","MostiFishMod:Nomercy","Replay:AtTheReady","MostiFishMod:Unraveling"],"picked":"Replay:ManipulateFuture","floor":10.0},{"not_picked":["CrushJoints","Replay:Hum","FlurryOfBlows","Replay:Battleflow"],"picked":"CutThroughFate","floor":11.0},{"not_picked":["Evaluate","REME_MusicOfDeath","Adaptation","REME_Repentance"],"picked":"SandsOfTime","floor":14.0},{"not_picked":["Judgement","MostiFishMod:DustFall","MostiFishMod:Minus","MostiFishMod:Disappear"],"picked":"Establishment","floor":16.0},{"not_picked":["Collect","Halt","REME_Repentance","FollowUp"],"picked":"ThirdEye+1","floor":18.0},{"not_picked":["Replay:ManipulateFuture","REME_Repentance","FlurryOfBlows","Swivel","MostiFishMod:Clarity"],"picked":"SKIP","floor":21},{"not_picked":["Crescendo","Judgement","CrushJoints+1","Replay:BluntJabs"],"picked":"BowlingBash","floor":22},{"not_picked":["FlurryOfBlows","ThirdEye+1","Meditate","Evaluate+1"],"picked":"LessonLearned","floor":23},{"not_picked":["Halt","Replay:AllIn","Evaluate","CarveReality"],"picked":"FearNoEvil+1","floor":25},{"not_picked":["ClearTheMind","DeceiveReality","Evaluate","FollowUp+1","CrushJoints"],"picked":"SKIP","floor":27},{"not_picked":["ReachHeaven","ClearTheMind","Consecrate","EmptyMind"],"picked":"JustLucky+1","floor":28},{"not_picked":["Evaluate","FearNoEvil+1","ThirdEye","Prostrate","Conclude+1"],"picked":"SKIP","floor":29},{"not_picked":["ClearTheMind","REME_Repentance","Judgement","ReachHeaven","Crescendo"],"picked":"SKIP","floor":31},{"not_picked":["ConjureBlade","MostiFishMod:StarWish","Replay:AllIn","MostiFishMod:Moonprays"],"picked":"MostiFishMod:Disappear","floor":33},{"not_picked":["MostiFishMod:Speedup","Pray+1","SignatureMove","REME_Repentance"],"picked":"Replay:Cycle+1","floor":35},{"not_picked":["MostiFishMod:Nomercy+1","FearNoEvil+1","Crescendo","Replay:BluntJabs"],"picked":"WaveOfTheHand","floor":37},{"not_picked":["EmptyFist+1","CrushJoints","Perseverance","WindmillStrike","Sanctity"],"picked":"SKIP","floor":38},{"not_picked":["REME_Repentance","LikeWater+1","FollowUp","Fasting2+1"],"picked":"WindmillStrike+1","floor":39},{"not_picked":["Replay:Battleflow+1","Crescendo+1","ThirdEye","PathToVictory+1"],"picked":"Vault","floor":41},{"not_picked":["Nirvana","EmptyFist","Replay:AtTheReady+1","MentalFortress+1","Prostrate"],"picked":"SKIP","floor":47},{"not_picked":["Replay:Anticipation+1","Protect+1","Wallop+1","CrushJoints+1"],"picked":"Replay:Cycle+1","floor":48}],"player_experience":505000,"relics_obtained":[{"floor":1.0,"key":"SynthV:TestCard"},{"floor":6.0,"key":"testmod-BlackFramedGlasses"},{"floor":9.0,"key":"Gremlin Food"},{"floor":10.0,"key":"Odd Mushroom"},{"floor":23,"key":"Blood Vial"},{"floor":25,"key":"Replay:Wax Seal"},{"floor":26,"key":"Akabeko"},{"floor":27,"key":"Nunchaku"},{"floor":43,"key":"Potion Belt"},{"floor":45,"key":"Ring of Chaos"},{"floor":45,"key":"ReplayTheSpireMod:Ring of Challenge"},{"floor":48,"key":"testmod-Acrobat"}],"event_choices":[{"damage_healed":0.0,"max_hp_gain":0.0,"max_hp_loss":0.0,"gold_gain":0.0,"event_name":"Scrap Ooze","player_choice":"Success","floor":2.0,"gold_loss":0.0,"damage_taken":7.0,"relics_obtained":["Replay:Rubber Ducky"]},{"damage_healed":0.0,"max_hp_gain":0.0,"max_hp_loss":0.0,"gold_gain":0.0,"event_name":"WeMeetAgain","player_choice":"Gave Potion","floor":3.0,"gold_loss":0.0,"damage_taken":0.0,"relics_obtained":["Bag of Marbles"]},{"damage_healed":0.0,"max_hp_gain":0.0,"max_hp_loss":0.0,"gold_gain":175.0,"event_name":"Liars Game","player_choice":"AGREE","floor":7.0,"gold_loss":0.0,"damage_taken":0.0,"cards_obtained":["Doubt"]},{"damage_healed":0.0,"max_hp_gain":0.0,"max_hp_loss":0.0,"gold_gain":0.0,"event_name":"Mushrooms","player_choice":"Fought Mushrooms","floor":10.0,"gold_loss":0.0,"damage_taken":0.0},{"damage_healed":0.0,"max_hp_gain":0.0,"max_hp_loss":0.0,"gold_gain":0.0,"event_name":"The Library","player_choice":"Read","floor":20.0,"gold_loss":0.0,"damage_taken":0.0,"cards_obtained":["Protect"]},{"cards_removed":["Strike_P"],"damage_healed":0,"gold_gain":0,"player_choice":"Offered Basic","damage_taken":0,"max_hp_gain":0,"max_hp_loss":0,"event_name":"Bonfire Elementals","floor":30,"gold_loss":0},{"damage_healed":0,"gold_gain":0,"player_choice":"Bought 0 Potions","damage_taken":0,"max_hp_gain":0,"max_hp_loss":0,"event_name":"The Woman in Blue","floor":36,"gold_loss":0}],"is_beta":false,"boss_relics":[{"not_picked":["Kintsugi","MoonlightInvasionPlan"],"picked":"Abe\u0027s Treasure"},{"not_picked":["testmod-Prudence","FixedStarFall"],"picked":"ChiXiaoBlade"}],"items_purged_floors":[12,44,46],"is_endless":false,"potions_floor_spawned":[1,5,6,10,11,18,23,25,37,41,48],"ascension_level":9}}