{"host":"0rxdudjy6rylha1k","time":1613228445,"event":{"mods":["Aspiration","BaseMod","Colored Map","Colored Powertips","Downfall","Highlight Path","Hubris","Minty Spire (QoL Compilation)","StSLib"],"gold_per_floor":[0,17,17,30,130,157,157,182,197,207,146,46,58,71,91,189,189,189,201,212,232,65,65,65,96,116,116,116,116,135,135,145,145,145,145],"floor_reached":33,"language":"ENG","playtime":2149,"items_purged":[],"score":513,"play_id":"c8b23bb2-3621-4769-a59f-fb698e218a6f","local_time":"20210213080045","is_ascension_mode":true,"campfire_choices":[{"data":"Sadistic Nature","floor":1.0,"key":"SMITH"},{"floor":12.0,"key":"REST"},{"data":"Slimebound:MassFeed","floor":18.0,"key":"SMITH"},{"floor":29.0,"key":"REST"}],"circlet_count":0,"master_deck":["AscendersBane","Slimebound:Strike_Slimebound","Slimebound:Strike_Slimebound","Slimebound:Tackle","Slimebound:Defend_Slimebound","Slimebound:Defend_Slimebound","Slimebound:Defend_Slimebound","Slimebound:Defend_Slimebound","Slimebound:Split","Slimebound:CorrosiveSpit","Sadistic Nature+1","Slimebound:HauntingLick","Slimebound:MegaLick","Slimebound:Equalize","Slimebound:SplitMire","Slimebound:HauntingLick","Slimebound:GoopSpray","Slimebound:SamplingLick","Slimebound:HauntingLick","Slimebound:Gluttony","Slimebound:MassRepurpose","Slimebound:LeechEnergy","Slimebound:MassFeed+1","CurseOfTheBell","Slimebound:SlimeSpikes+1","Slimebound:OozeBath","Slimebound:SplitMire","Slimebound:LeadByExample","Slimebound:SlimeTap","Slimebound:SplitBruiser"],"relics":["Slimebound:AbsorbEndCombat","Happy Flower","FossilizedHelix","Letter Opener","downfall:HeartBlessingGreen","Calling Bell","Omamori","Matryoshka","hubris:BundleOfHerbs","ClockworkSouvenir","aspiration:HatOfInfinitePower","hubris:TenFootPole","Boot","Bottled Flame"],"acts_visited":["Exordium","TheCity"],"potions_floor_usage":[],"damage_taken":[{"damage":0.0,"enemies":"2 Louse","floor":2.0,"turns":3.0},{"damage":0.0,"enemies":"Small Slimes","floor":4.0,"turns":3.0},{"damage":68.0,"enemies":"Gremlin Nob","floor":6.0,"turns":6.0},{"damage":5.0,"enemies":"3 Sentries","floor":8.0,"turns":5.0},{"damage":0.0,"enemies":"Cultist","floor":9.0,"turns":3.0},{"damage":10.0,"enemies":"Gremlin Gang","floor":10.0,"turns":3.0},{"damage":0.0,"enemies":"downfall:FleeingMerchant","floor":11.0,"turns":4.0},{"damage":0.0,"enemies":"Exordium Thugs","floor":13.0,"turns":2.0},{"damage":0.0,"enemies":"Large Slime","floor":14.0,"turns":2.0},{"damage":9.0,"enemies":"Lots of Slimes","floor":15.0,"turns":3.0},{"damage":0.0,"enemies":"IC_STATUS_ARCHETYPE","floor":16.0,"turns":5.0},{"damage":11.0,"enemies":"Spheric Guardian","floor":19.0,"turns":4.0},{"damage":0.0,"enemies":"Snecko","floor":20.0,"turns":4.0},{"damage":28.0,"enemies":"Snake Plant","floor":21.0,"turns":4.0},{"damage":0.0,"enemies":"downfall:FleeingMerchant","floor":22.0,"turns":4.0},{"damage":44.0,"enemies":"Slavers","floor":25.0,"turns":4.0},{"damage":0.0,"enemies":"Shelled Parasite and Fungi","floor":26.0,"turns":3.0},{"damage":12.0,"enemies":"Snecko","floor":30.0,"turns":5.0},{"damage":18,"enemies":"Sentry and Sphere","floor":32,"turns":5},{"damage":55,"enemies":"WA_ARCHETYPE_CALM","floor":33,"turns":5}],"seed_played":"-7402017192898027489","potions_obtained":[{"floor":4.0,"key":"CultistPotion"},{"floor":9.0,"key":"sneckomod:MuddlingPotion"},{"floor":14.0,"key":"hexamod:SoulburnPotion"},{"floor":15.0,"key":"Guardian:BlockOnCardUsePotion"},{"floor":19.0,"key":"EntropicBrew"},{"floor":20.0,"key":"DuplicationPotion"},{"floor":21.0,"key":"Explosive Potion"},{"floor":25.0,"key":"LiquidBronze"}],"is_trial":false,"path_per_floor":["R","M","?","M","?","E","T","E","M","M","$","R","M","M","M","B",null,"R","M","M","M","$","?","T","E","M","?","?","R","M","?","M","B"],"character_chosen":"SLIMEBOUND","items_purchased":["Slimebound:HauntingLick","ClockworkSouvenir"],"campfire_rested":2,"item_purchase_floors":[11,22],"current_hp_per_floor":[59,61,61,65,65,3,3,10,20,22,38,57,65,65,56,65,65,65,56,66,53,69,69,69,35,47,47,47,68,61,61,47,0,0,0],"gold":145,"neow_bonus":"RANDOM_COLORLESS_2","is_daily":false,"chose_seed":false,"campfire_upgraded":2,"win_rate":0.0,"timestamp":1613228445,"path_taken":["R","M","?","M","?","E","T","E","M","?","$","R","?","M","M","BOSS","R","M","M","M","$","?","T","E","?","?","?","R","?","?","M","BOSS"],"items_purchased_type":["Card","Relic"],"build_version":"2020-12-22","purchased_purges":0,"victory":false,"max_hp_per_floor":[65,65,65,65,65,65,65,65,65,65,65,65,65,65,65,65,65,65,65,69,69,69,69,69,69,73,73,73,73,73,73,73,73,73,73],"card_choices":[{"not_picked":["HandOfGreed","Transmutation"],"picked":"Sadistic Nature","floor":0.0},{"not_picked":["Slimebound:ComboTackle","Slimebound:LivingWall"],"picked":"Slimebound:HauntingLick","floor":2.0},{"not_picked":["Slimebound:SlimeTap","Slimebound:ItLooksTasty"],"picked":"Slimebound:MegaLick","floor":4.0},{"not_picked":["Slimebound:LevelUp","Slimebound:Recollect"],"picked":"Slimebound:Equalize","floor":6.0},{"not_picked":["Slimebound:SplitAcid","Slimebound:DivideAndConquer"],"picked":"Slimebound:SplitMire","floor":8.0},{"not_picked":["Slimebound:DivideAndConquer","Slimebound:FlameTackle"],"picked":"Slimebound:HauntingLick","floor":9.0},{"not_picked":["Slimebound:LeechingTouch","Slimebound:SplitAcid"],"picked":"Slimebound:GoopSpray","floor":10.0},{"not_picked":["Slimebound:GoopTackle","Slimebound:ServeAndProtect"],"picked":"Slimebound:SamplingLick","floor":11.0},{"not_picked":["Slimebound:FinishingTackle","Slimebound:GoopSpray"],"picked":"Slimebound:Gluttony","floor":13.0},{"not_picked":["Slimebound:RollThrough","Slimebound:Chomp"],"picked":"Slimebound:MassRepurpose","floor":14.0},{"not_picked":["Slimebound:HauntingLick","Slimebound:Schlurp"],"picked":"Slimebound:LeechEnergy","floor":15.0},{"not_picked":["Slimebound:Darklings","Slimebound:MassRepurpose"],"picked":"Slimebound:MassFeed","floor":16.0},{"not_picked":["Slimebound:Dissolve","Slimebound:SlimeBarrage"],"picked":"Slimebound:SlimeSpikes+1","floor":19.0},{"not_picked":["Slimebound:MegaLick","Slimebound:Grow"],"picked":"Slimebound:OozeBath","floor":20.0},{"not_picked":["Slimebound:PressTheAttack","Slimebound:SamplingLick"],"picked":"Slimebound:SplitMire","floor":21.0},{"not_picked":["Slimebound:Dissolve","Slimebound:PressTheAttack"],"picked":"Slimebound:LeadByExample","floor":22.0},{"not_picked":["Slimebound:Schlurp+1","Slimebound:GoopSpray+1"],"picked":"Slimebound:SlimeTap","floor":25.0},{"not_picked":["Slimebound:LeechEnergy","Slimebound:SamplingLick+1","Slimebound:SlimeTap+1"],"picked":"SKIP","floor":26.0},{"not_picked":["Slimebound:Chomp","Slimebound:RollThrough","Slimebound:ServeAndProtect"],"picked":"SKIP","floor":30.0},{"not_picked":["Slimebound:ItLooksTasty","Slimebound:SamplingLick"],"picked":"Slimebound:SplitBruiser","floor":32}],"player_experience":2927172,"relics_obtained":[{"floor":6.0,"key":"Happy Flower"},{"floor":7.0,"key":"FossilizedHelix"},{"floor":8.0,"key":"Letter Opener"},{"floor":17.0,"key":"Omamori"},{"floor":17.0,"key":"Matryoshka"},{"floor":17.0,"key":"hubris:BundleOfHerbs"},{"floor":23.0,"key":"aspiration:HatOfInfinitePower"},{"floor":24.0,"key":"hubris:TenFootPole"},{"floor":24.0,"key":"Boot"},{"floor":25.0,"key":"Bottled Flame"}],"event_choices":[{"damage_healed":0.0,"max_hp_gain":0.0,"max_hp_loss":0.0,"gold_gain":100.0,"event_name":"Wheel of Change","player_choice":"Gold","floor":5.0,"gold_loss":0.0,"damage_taken":0.0},{"damage_healed":0.0,"max_hp_gain":0.0,"max_hp_loss":0.0,"gold_gain":0.0,"event_name":"Wheel of Change","player_choice":"Relic","floor":23.0,"gold_loss":0.0,"damage_taken":0.0},{"damage_healed":0,"gold_gain":0,"player_choice":"Leave","damage_taken":0,"max_hp_gain":0,"max_hp_loss":0,"event_name":"FaceTrader","floor":31,"gold_loss":0}],"is_beta":false,"boss_relics":[{"not_picked":["hubris:TerracottaHorce","Fusion Hammer"],"picked":"Calling Bell"}],"items_purged_floors":[],"is_endless":false,"potions_floor_spawned":[4,9,14,15,19,20,21,25],"killed_by":"WA_ARCHETYPE_CALM","ascension_level":11}}