{"host":"ee5exjejqz6r5zx9","time":1613229728,"event":{"mods":["ATMod(°¢èªMod)","Act Like it!","BaseMod","Card Forge","Colored Map","Colored Powertips","Custom Start","Gensokyo","HololiveMod","Minty Spire (QoL Compilation)","MostiFishMod","Quick Restart","Rare Cards Sparkle","Remove Card Discount Mod","Reorder Act Four","Replay The Spire","RumiaBox-Â¶Ã×æ«µÄÉñÃØºÐ×Ó","Shop Mod","StSLib","TestMod","¡¾¹¦ÄÜMod¡¿»ìãçÖ®»·ÐÞ¸´²¹¶¡","¡¾ÒÅÎï¿¨ÅÆ¡¿REMEMod"],"gold_per_floor":[1111,1124,1137,1152,815,815,481,511,511,536,536,546,576,594,594,672,672,685,701,701,712,234,234,179,213,213,213,240,255,255,285,285,359,3433,3445,3445,3461,3479,3479,3514,3012,3027,3106,3102,3116,3149,3149,3159,3159,3159,3159,3159,2592,2592,2619,2619],"floor_reached":57,"language":"ZHS","playtime":2562,"items_purged":["Defend_G","Strike_G","Strike_G","Strike_G","Glass Knife+1","Corpse Explosion"],"score":3184,"play_id":"c60939d7-138e-4152-bf2d-c757bd77cf43","local_time":"20210213232208","is_ascension_mode":true,"campfire_choices":[{"floor":6,"key":"RECALL"},{"floor":15,"key":"DIG"},{"floor":23,"key":"DIG"},{"floor":30,"key":"DIG"},{"floor":32,"key":"DIG"},{"floor":47,"key":"DIG"},{"floor":49,"key":"DIG"},{"floor":54,"key":"DIG"}],"circlet_count":0,"master_deck":["AscendersBane","Survivor+1","Neutralize+1","Gensokyo:Dawn+1","Cloak And Dagger+1","Predator+1","Blade Dance+1","Backflip+1","Concentrate+1","Calculated Gamble+1","Accuracy+1","Cloak And Dagger+1","Acrobatics+1","MostiFishMod:ShivMaster+1","AT_Desolate+1","Tactician+1","Backflip+1","Terror+1","Footwork+1","Calculated Gamble+1"],"relics":["Ring of the Snake","Hammer of Thor","Seething Fire","Anvil of the Gods","testmod-TestBox","REME_ComplimentaryCards","DaveBox","AT_ATBox","testmod-BouquetWithThorns","ChiXiaoBlade","SynthV:TestCard","Lantern","Orrery","Tiny Chest","Replay:Rubber Ducky","Snack Pack","testmod-Alchemist","Shovel","AT_ForceNature","Bag of Marbles","Bronze Scales","Fusion Hammer","ImprovedEquipment","OrangePellets","DianPoetry","Replay:Bottled Steam","White Beast Statue","Juzu Bracelet","testmod-FatalChain","testmod-OneHitWonder","Ninja Scroll","Replay:Wanted Poster","GodSword5","MerchantsRug","PreservedInsect","Sling","Chameleon Ring","AT_PhaseBoots","Replay:Arrowhead","Replay:Baseball","Ice Cream","ClockworkSouvenir","MagicDraw2","AT_SunfireAegis"],"acts_visited":["Exordium","TheCity","TheBeyond","TheEnding"],"potions_floor_usage":[16,56,56],"damage_taken":[{"damage":1,"enemies":"Cultist","floor":1,"turns":4},{"damage":2,"enemies":"Jaw Worm","floor":2,"turns":2},{"damage":0,"enemies":"Small Slimes","floor":3,"turns":3},{"damage":3,"enemies":"Exordium Thugs","floor":4,"turns":3},{"damage":4,"enemies":"Gremlin Nob","floor":8,"turns":2},{"damage":0,"enemies":"3 Sentries","floor":10,"turns":3},{"damage":0,"enemies":"Red Slaver","floor":12,"turns":1},{"damage":0,"enemies":"Gremlin Nob","floor":13,"turns":2},{"damage":0,"enemies":"Gremlin Gang","floor":14,"turns":3},{"damage":0,"enemies":"Fading Forest","floor":16,"turns":13},{"damage":0,"enemies":"Spheric Guardian","floor":18,"turns":3},{"damage":0,"enemies":"3 Byrds","floor":19,"turns":1},{"damage":0,"enemies":"Cultist and Chosen","floor":21,"turns":1},{"damage":0,"enemies":"Gremlin Leader","floor":25,"turns":2},{"damage":0,"enemies":"Slavers","floor":28,"turns":1},{"damage":0,"enemies":"Centurion and Healer","floor":29,"turns":1},{"damage":0,"enemies":"Replay:Snechameleon","floor":31,"turns":1},{"damage":0,"enemies":"Automaton","floor":33,"turns":1},{"damage":0,"enemies":"3 Darklings","floor":35,"turns":1},{"damage":0,"enemies":"3 Shapes","floor":37,"turns":1},{"damage":0,"enemies":"Spire Growth","floor":38,"turns":1},{"damage":0,"enemies":"Reptomancer","floor":40,"turns":1},{"damage":0,"enemies":"Maw","floor":42,"turns":2},{"damage":0,"enemies":"4 Shapes","floor":45,"turns":1},{"damage":0,"enemies":"R_Hoarder","floor":46,"turns":2},{"damage":0,"enemies":"Writhing Mass","floor":48,"turns":1},{"damage":0,"enemies":"Time Eater","floor":50,"turns":3},{"damage":0,"enemies":"Replay:Hell Engine","floor":51,"turns":2},{"damage":0,"enemies":"Shield and Spear","floor":55,"turns":2},{"damage":0,"enemies":"The Heart","floor":56,"turns":4}],"seed_played":"1710532843774147199","potions_obtained":[{"floor":8,"key":"Venom Potion"},{"floor":12,"key":"Explosive Potion"},{"floor":13,"key":"FearPotion"},{"floor":14,"key":"Elixir"},{"floor":19,"key":"Block Potion"},{"floor":28,"key":"AttackPotion"},{"floor":29,"key":"Adrenaline Potion"}],"is_trial":false,"path_per_floor":["M","M","M","M","$","R","$","E","T","E","?","M","E","M","R","B",null,"M","M","?","M","$","R","$","E","T","T","E","M","R","E","R_BF","B",null,"M","?","M","M","?","E","$","M","T","$","M","E","R","M","R","B","B",null,"$","R","E","B",null],"character_chosen":"THE_SILENT","items_purchased":["Lantern","Orrery","Tiny Chest","Replay:Rubber Ducky","OrangePellets","DianPoetry","Acrobatics","MerchantsRug","PreservedInsect","Sling","AT_Desolate","Ice Cream","Footwork","ClockworkSouvenir"],"campfire_rested":0,"item_purchase_floors":[5,5,7,7,22,22,24,41,41,41,41,53,53,53],"current_hp_per_floor":[58,56,56,53,53,53,53,49,49,55,44,46,52,58,58,66,66,66,66,66,66,66,66,66,66,66,66,66,66,66,66,66,66,66,66,66,66,66,63,63,63,63,63,63,63,63,63,63,63,63,63,63,63,63,63,63],"gold":2619,"neow_bonus":"THREE_CARDS","is_daily":false,"chose_seed":false,"campfire_upgraded":0,"win_rate":0.0,"timestamp":1613229728,"path_taken":["M","M","?","?","$","R","$","E","T","E","?","M","E","M","R","BOSS","M","M","?","M","?","R","$","E","T","?","E","M","R","E","R_BF","BOSS","M","?","M","M","?","E","$","M","T","$","M","E","R","M","R","BOSS","BOSS","$","R","E","BOSS"],"items_purchased_type":["Relic","Relic","Relic","Relic","Relic","Relic","Card","Relic","Relic","Relic","Card","Relic","Card","Relic"],"build_version":"2020-12-22","purchased_purges":6,"victory":true,"max_hp_per_floor":[66,66,66,66,66,66,66,66,66,66,66,66,66,66,66,66,66,66,66,66,66,66,66,66,66,66,66,66,66,66,66,66,66,66,66,66,66,66,63,63,63,63,63,63,63,63,63,63,63,63,63,63,63,63,63,63],"card_choices":[{"not_picked":["AT_ShadowStep","AT_WindFlip"],"picked":"Bane","floor":0},{"not_picked":["Masterful Stab","Dagger Spray"],"picked":"Cloak And Dagger","floor":1},{"not_picked":["Underhanded Strike","Hidden Blade","Dagger Spray","PiercingWail","AT_ThistleTea"],"picked":"SKIP","floor":2},{"not_picked":["ReplayTheSpireMod:Shiv Toss","AT_WindFlip","Sneak Up","Flying Knee","Draining Mist"],"picked":"SKIP","floor":3},{"not_picked":["AT_KneejerkReflex","All Out Attack","Draining Mist","Choke"],"picked":"Glass Knife","floor":4},{"not_picked":["REME_CopyPotion","Deflect","Noxious Fumes","Choke"],"picked":"Predator","floor":5},{"not_picked":["Dagger Throw","MostiFishMod:FrostNova","Flying Knee","Underhanded Strike"],"picked":"Blade Dance","floor":5},{"not_picked":["Dagger Throw","REME_GreenPollution","Deadly Poison","Dodge and Roll"],"picked":"Backflip","floor":5},{"not_picked":["MostiFishMod:GrandStart","Flechettes","ReplayTheSpireMod:Tripwire","PiercingWail"],"picked":"Concentrate","floor":8},{"not_picked":["ReplayTheSpireMod:Speed Training","Predator","Bane","AT_WindFlip"],"picked":"Calculated Gamble","floor":10},{"not_picked":["Catalyst","MostiFishMod:PerfectParry","Bane","ReplayTheSpireMod:Tripwire"],"picked":"Accuracy","floor":12},{"not_picked":["MostiFishMod:PreservedThorns","REME_SpectralBlade","Dagger Throw","AT_WomanClash","Predator"],"picked":"SKIP","floor":13},{"not_picked":["MostiFishMod:FrostNova","Dagger Spray","Deflect","Blade Dance","Riddle With Holes"],"picked":"SKIP","floor":14},{"not_picked":["Adrenaline","Replay:Bag of Tricks","Atom Bomb","Bullet Time"],"picked":"Corpse Explosion","floor":16},{"not_picked":["Hidden Blade","Flechettes","MostiFishMod:ThornCasing","Deadly Poison","AT_WomanClash"],"picked":"SKIP","floor":18},{"not_picked":["AT_ArcaneSupremacy+1","Dagger Throw+1","PiercingWail","Predator"],"picked":"Cloak And Dagger","floor":19},{"not_picked":["Underhanded Strike","Infinite Blades","Dagger Spray","MostiFishMod:PoisonShield","Caltrops"],"picked":"SKIP","floor":21},{"not_picked":["Expertise","Setup","Slice","Outmaneuver"],"picked":"Venomology","floor":25},{"not_picked":["Bullet Time","AT_WomanClash","Escape Plan+1","Prepared+1","Flying Knee"],"picked":"SKIP","floor":28},{"not_picked":["Poisoned Stab","Toxin Wave","MostiFishMod:PerfectParry","Distraction","PiercingWail"],"picked":"SKIP","floor":29},{"not_picked":["Corpse Explosion","ReplayTheSpireMod:Exploit Weakness+1","Blade Dance","Heel Hook","MostiFishMod:InvigoratingSolution"],"picked":"SKIP","floor":31},{"not_picked":["ReplayTheSpireMod:Necrosis","Adrenaline","MostiFishMod:FullyArmed","REME_GrazeFinale"],"picked":"MostiFishMod:ShivMaster","floor":33},{"not_picked":["Prepared","ReplayTheSpireMod:Speed Training+1","Fluid Movement+1","Outmaneuver","Riddle With Holes+1"],"picked":"SKIP","floor":35},{"not_picked":["Deadly Poison","Underhanded Strike","AT_TwilightShroud","Dagger Spray+1","Sucker Punch+1"],"picked":"SKIP","floor":37},{"not_picked":["AT_WomanClash+1","ReplayTheSpireMod:Tripwire","Finisher","Quick Slash","Bane"],"picked":"SKIP","floor":38},{"not_picked":["MostiFishMod:PerfectParry","MostiFishMod:ThornCasing","Dodge and Roll","Eviscerate","Finisher+1"],"picked":"SKIP","floor":40},{"not_picked":["Sucker Punch+1","MostiFishMod:GrandStart","Outmaneuver+1","Backflip"],"picked":"Tactician+1","floor":42},{"not_picked":["Slice","Blade Dance","Bouncing Flask","Quick Slash"],"picked":"Backflip","floor":45},{"not_picked":["Outmaneuver","Blade Dance","REME_LeechingPoison","MostiFishMod:PerfectParry","Deflect+1"],"picked":"SKIP","floor":46},{"not_picked":["Bouncing Flask+1","AT_ShadowStep","AT_WindFlip","Deadly Poison+1"],"picked":"Terror+1","floor":48},{"not_picked":["Prepared","MostiFishMod:PreservedThorns","Underhanded Strike+1","Heel Hook"],"picked":"Calculated Gamble","floor":55}],"player_experience":440918,"relics_obtained":[{"floor":1,"key":"SynthV:TestCard"},{"floor":8,"key":"Snack Pack"},{"floor":9,"key":"testmod-Alchemist"},{"floor":10,"key":"Shovel"},{"floor":13,"key":"Bag of Marbles"},{"floor":15,"key":"Bronze Scales"},{"floor":23,"key":"Replay:Bottled Steam"},{"floor":25,"key":"testmod-RainbowHikingShoes"},{"floor":27,"key":"White Beast Statue"},{"floor":28,"key":"Juzu Bracelet"},{"floor":30,"key":"testmod-FatalChain"},{"floor":31,"key":"testmod-OneHitWonder"},{"floor":32,"key":"Ninja Scroll"},{"floor":40,"key":"GodSword5"},{"floor":43,"key":"Chameleon Ring"},{"floor":46,"key":"AT_SpeedBoots"},{"floor":47,"key":"Replay:Arrowhead"},{"floor":49,"key":"Replay:Baseball"},{"floor":54,"key":"MagicDraw2"},{"floor":55,"key":"AT_SunfireAegis"}],"event_choices":[{"damage_healed":0,"gold_gain":0,"player_choice":"Success","damage_taken":11,"relics_obtained":["AT_ForceNature"],"max_hp_gain":0,"max_hp_loss":0,"event_name":"Scrap Ooze","floor":11,"gold_loss":0},{"damage_healed":0,"gold_gain":0,"player_choice":"Max HP","damage_taken":0,"max_hp_gain":0,"max_hp_loss":3,"event_name":"Winding Halls","floor":39,"gold_loss":0}],"is_beta":false,"boss_relics":[{"not_picked":["Snecko Eye","Honey Jar"],"picked":"Fusion Hammer"},{"not_picked":["testmod-SaigiyounoYou","Transparent"],"picked":"Replay:Wanted Poster"}],"items_purged_floors":[5,5,5,5,44,44],"is_endless":false,"potions_floor_spawned":[8,12,13,14,19,28,29,31,33,35,37,38,40,42,45,46,48,55],"ascension_level":20}}