{"host":"okvf2hy7r209l3k2","time":1613185195,"event":{"mods":["BaseMod","Block Reminder","Colored Map","Colored Powertips","Downfall","Hermit","Highlight Path","Minty Spire (QoL Compilation)","Permanent Neow","Quick Restart","StSLib","The Cursed","The Disciple","The Hierophant","The Necromancer","The Runesmith","The Servant 0.9.4"],"gold_per_floor":[109,129,204,204,2,2,17,17,44,44,59,86,10,21,21,126,126,137,156,56,72,171,171,171,171],"floor_reached":24,"language":"ENG","playtime":1725,"items_purged":["Runesmith:Strike_RS","Runesmith:Strike_RS"],"score":221,"play_id":"bc766933-44ea-40ea-8aac-14e91fcb7990","local_time":"20210212175955","is_ascension_mode":false,"campfire_choices":[{"data":"Runesmith:Attraction","floor":6,"key":"SMITH"},{"data":"Runesmith:ChaoticBlast","floor":8,"key":"SMITH"},{"data":"Runesmith:ReplicatingBarrier","floor":10,"key":"SMITH"},{"data":"Runesmith:PoweredAnvil","floor":15,"key":"SMITH"},{"floor":23,"key":"REST"}],"circlet_count":0,"master_deck":["Runesmith:Strike_RS","Runesmith:Defend_RS","Runesmith:Defend_RS","Runesmith:Defend_RS","Runesmith:CraftFirestone","Runesmith:Fortify","Runesmith:EarthShield","Runesmith:Attraction+1","Runesmith:ReplicatingBarrier+1","Runesmith:CraftProtectio","Runesmith:ChaoticBlast+1","Runesmith:PoweredAnvil+1","Runesmith:HammerThrow","Runesmith:GoWithTheFlow","Runesmith:CreatorForm","Runesmith:ChiselStab","Runesmith:GenerateForcefield"],"relics":["Runesmith:BrokenRuby","Juzu Bracelet","FossilizedHelix","Fusion Hammer"],"acts_visited":["Exordium","TheCity"],"potions_floor_usage":[19,21],"damage_taken":[{"damage":1,"enemies":"Jaw Worm","floor":1,"turns":4},{"damage":8,"enemies":"2 Louse","floor":2,"turns":5},{"damage":0,"enemies":"Small Slimes","floor":7,"turns":4},{"damage":0,"enemies":"3 Louse","floor":11,"turns":2},{"damage":0,"enemies":"Lagavulin","floor":12,"turns":7},{"damage":0,"enemies":"Exordium Wildlife","floor":14,"turns":6},{"damage":13,"enemies":"Hexaghost","floor":16,"turns":12},{"damage":11,"enemies":"Shell Parasite","floor":18,"turns":6},{"damage":12,"enemies":"2 Thieves","floor":19,"turns":3},{"damage":18,"enemies":"Snake Plant","floor":21,"turns":5},{"damage":60,"enemies":"Gremlin Leader","floor":24,"turns":3}],"seed_played":"4829456307604587658","potions_obtained":[{"floor":7,"key":"BlessingOfTheForge"},{"floor":12,"key":"hexamod:SoulburnPotion"},{"floor":21,"key":"Fruit Juice"}],"is_trial":false,"path_per_floor":["M","M","?","?","$","R","M","R","T","R","M","E","$","M","R","B",null,"M","M","$","M","?","R","E"],"character_chosen":"RUNESMITH_CLASS","items_purchased":["Runesmith:ReplicatingBarrier","Runesmith:CraftProtectio","Runesmith:GoWithTheFlow"],"campfire_rested":1,"item_purchase_floors":[5,5,13],"current_hp_per_floor":[69,61,50,43,43,43,43,43,43,43,43,43,43,43,43,30,70,59,47,47,34,34,56,0,0],"gold":171,"neow_bonus":"REMOVE_CARD","is_daily":false,"chose_seed":false,"campfire_upgraded":4,"win_rate":0.0,"timestamp":1613185195,"path_taken":["M","M","?","?","$","R","M","R","T","R","M","E","$","M","R","BOSS","M","M","$","M","?","R","E"],"items_purchased_type":["Card","Card","Card"],"build_version":"2020-12-22","purchased_purges":2,"victory":false,"max_hp_per_floor":[70,70,70,70,70,70,70,70,70,70,70,70,70,70,70,70,70,70,70,70,75,75,75,75,75],"card_choices":[{"not_picked":["Runesmith:HeatExchange","Runesmith:ChargedHammer"],"picked":"Runesmith:EarthShield","floor":1},{"not_picked":["Runesmith:StaticCage","Runesmith:MakeshiftArmor"],"picked":"Runesmith:Attraction","floor":2},{"not_picked":["Runesmith:HeatedChisel","Runesmith:RuneHurl"],"picked":"Runesmith:ChaoticBlast","floor":7},{"not_picked":["Runesmith:CraftProtectio","Runesmith:CraftPrismatica"],"picked":"Runesmith:PoweredAnvil","floor":11},{"not_picked":["Runesmith:ChaoticBlast","Runesmith:UnstableHammer"],"picked":"Runesmith:HammerThrow","floor":12},{"not_picked":["Runesmith:FrozenChisel","Runesmith:StaticCage","Runesmith:CraftProtectio"],"picked":"SKIP","floor":14},{"not_picked":["Runesmith:GrandSlam","Runesmith:DuctTape"],"picked":"Runesmith:CreatorForm","floor":16},{"not_picked":["Runesmith:Reinforce","Runesmith:HammerTime"],"picked":"Runesmith:ChiselStab","floor":18},{"not_picked":["Runesmith:HeatExchange","Runesmith:ChiselStab","Runesmith:HeatedChisel"],"picked":"SKIP","floor":19},{"not_picked":["Runesmith:Malloc","Runesmith:CraftProtectio"],"picked":"Runesmith:GenerateForcefield","floor":21}],"player_experience":236219,"relics_obtained":[{"floor":9,"key":"Juzu Bracelet"},{"floor":12,"key":"FossilizedHelix"}],"event_choices":[{"damage_healed":0,"gold_gain":75,"player_choice":"Gather Gold","damage_taken":11,"max_hp_gain":0,"max_hp_loss":0,"event_name":"World of Goop","floor":3,"gold_loss":0},{"cards_removed":["Runesmith:Defend_RS"],"damage_healed":0,"gold_gain":0,"player_choice":"Card Removal","damage_taken":7,"max_hp_gain":0,"max_hp_loss":0,"event_name":"Golden Wing","floor":4,"gold_loss":0},{"damage_healed":0,"gold_gain":99,"player_choice":"Stole From Cult","damage_taken":0,"max_hp_gain":0,"max_hp_loss":0,"event_name":"Nest","floor":22,"gold_loss":0}],"is_beta":false,"boss_relics":[{"not_picked":["Cursed Key","SlaversCollar"],"picked":"Fusion Hammer"}],"items_purged_floors":[5,20],"is_endless":false,"potions_floor_spawned":[7,12,21],"killed_by":"Gremlin Leader","ascension_level":0}}