{"host":"6ggzka4dag2kvku2","time":1613218638,"event":{"mods":["AchievementEnabler","BaseMod","DeckTracker","Minty Spire (QoL Compilation)","Permanent Neow","Quick Restart","SuperFastMode"],"gold_per_floor":[362,374,374,48,61,61,94,168,168,195,195,226,250,250,250,370,370,386,386,405,405,420,458,458,385,456,555,102,121,121,135,135,135,135],"floor_reached":33,"language":"KOR","playtime":768,"items_purged":["Pain"],"score":325,"play_id":"81a262a9-51fe-4145-8b9a-4a18208637a7","local_time":"20210213211718","is_ascension_mode":true,"campfire_choices":[{"data":"Uppercut","floor":6,"key":"SMITH"},{"floor":15,"key":"REST"},{"data":"Intimidate","floor":24,"key":"SMITH"},{"data":"Evolve","floor":30,"key":"SMITH"},{"data":"Bash","floor":32,"key":"SMITH"}],"circlet_count":0,"master_deck":["Strike_R","Strike_R","Strike_R","Strike_R","Strike_R","Defend_R+1","Defend_R+1","Defend_R","Defend_R","Bash+1","Uppercut+1","True Grit+1","Ghostly Armor","Intimidate+1","Double Tap+1","Infernal Blade+1","Evolve+1","Reaper"],"relics":["Burning Blood","WarpedTongs","Paper Frog","StrikeDummy","Omamori","Darkstone Periapt","Golden Idol","Kunai","Coffee Dripper","Toy Ornithopter","Mercury Hourglass","Akabeko","War Paint","HandDrill"],"acts_visited":["Exordium","TheCity"],"potions_floor_usage":[12,23],"damage_taken":[{"damage":1,"enemies":"Cultist","floor":1,"turns":4},{"damage":8,"enemies":"2 Louse","floor":2,"turns":2},{"damage":0,"enemies":"Small Slimes","floor":5,"turns":3},{"damage":22,"enemies":"Gremlin Nob","floor":7,"turns":4},{"damage":20,"enemies":"3 Sentries","floor":10,"turns":6},{"damage":15,"enemies":"Gremlin Nob","floor":12,"turns":4},{"damage":9,"enemies":"Gremlin Gang","floor":13,"turns":4},{"damage":50,"enemies":"Hexaghost","floor":16,"turns":11},{"damage":12,"enemies":"2 Thieves","floor":18,"turns":4},{"damage":12,"enemies":"3 Byrds","floor":20,"turns":7},{"damage":9,"enemies":"Centurion and Healer","floor":22,"turns":4},{"damage":14,"enemies":"Gremlin Leader","floor":23,"turns":3},{"damage":0,"enemies":"Snake Plant","floor":29,"turns":3},{"damage":25,"enemies":"Sentry and Sphere","floor":31,"turns":4},{"damage":44,"enemies":"Champ","floor":33,"turns":8}],"seed_played":"-7435367398950966500","potions_obtained":[{"floor":1,"key":"ColorlessPotion"},{"floor":10,"key":"BloodPotion"},{"floor":16,"key":"Ancient Potion"},{"floor":18,"key":"Weak Potion"},{"floor":23,"key":"Explosive Potion"}],"is_trial":false,"path_per_floor":["M","M","?","$","M","R","E","?","T","E","?","E","M","?","R","B",null,"M","?","M","?","M","E","R","$","T","?","$","M","R","M","R","B"],"character_chosen":"IRONCLAD","items_purchased":["Paper Frog","Evolve","Akabeko","War Paint","HandDrill"],"campfire_rested":1,"item_purchase_floors":[4,25,28,28,28],"current_hp_per_floor":[80,78,78,78,80,80,64,64,64,50,50,41,38,38,62,18,80,74,74,68,68,65,57,57,57,57,57,57,63,63,44,44,0,0],"gold":135,"neow_bonus":"TWO_FIFTY_GOLD","is_daily":false,"chose_seed":false,"campfire_upgraded":4,"win_rate":0.0,"timestamp":1613218638,"path_taken":["M","M","?","$","?","R","E","?","T","E","?","E","M","?","R","BOSS","M","?","?","?","?","E","R","$","T","?","$","M","R","M","R","BOSS"],"items_purchased_type":["Relic","Card","Relic","Relic","Relic"],"build_version":"2020-12-22","purchased_purges":1,"victory":false,"max_hp_per_floor":[80,80,80,80,80,80,80,80,80,80,80,80,80,80,80,80,80,80,80,80,80,80,80,80,80,80,80,80,80,80,80,80,80,80],"card_choices":[{"not_picked":["Sword Boomerang","Heavy Blade"],"picked":"Uppercut","floor":1},{"not_picked":["Combust","Thunderclap"],"picked":"True Grit","floor":2},{"not_picked":["Anger","Cleave","Perfected Strike"],"picked":"SKIP","floor":5},{"not_picked":["Metallicize","Feel No Pain"],"picked":"Ghostly Armor","floor":7},{"not_picked":["Cleave","Anger","True Grit"],"picked":"SKIP","floor":10},{"not_picked":["Clothesline","Uppercut"],"picked":"Intimidate","floor":12},{"not_picked":["Dark Embrace","Shockwave","Blood for Blood"],"picked":"SKIP","floor":13},{"not_picked":["Offering","Reaper"],"picked":"Double Tap","floor":16},{"not_picked":["Cleave","Feel No Pain"],"picked":"Infernal Blade+1","floor":18},{"not_picked":["Armaments","Anger","Thunderclap"],"picked":"SKIP","floor":20},{"not_picked":["Clothesline+1","Clash","Wild Strike"],"picked":"SKIP","floor":22},{"not_picked":["True Grit+1","Hemokinesis","Iron Wave"],"picked":"SKIP","floor":23},{"not_picked":["Sentinel","Thunderclap+1","Iron Wave+1"],"picked":"SKIP","floor":29},{"not_picked":["Thunderclap","Rage"],"picked":"Reaper","floor":31}],"player_experience":295397,"relics_obtained":[{"floor":7,"key":"StrikeDummy"},{"floor":9,"key":"Omamori"},{"floor":10,"key":"Darkstone Periapt"},{"floor":12,"key":"Kunai"},{"floor":23,"key":"Toy Ornithopter"},{"floor":26,"key":"Mercury Hourglass"}],"event_choices":[{"damage_healed":0,"gold_gain":0,"player_choice":"Rummage","damage_taken":0,"relics_obtained":["WarpedTongs"],"max_hp_gain":0,"max_hp_loss":0,"event_name":"Accursed Blacksmith","floor":3,"gold_loss":0,"cards_obtained":["Pain"]},{"damage_healed":0,"gold_gain":74,"player_choice":"Gained Gold","damage_taken":0,"max_hp_gain":0,"max_hp_loss":0,"event_name":"Golden Wing","floor":8,"gold_loss":0},{"damage_healed":0,"gold_gain":0,"player_choice":"Take Wound","damage_taken":0,"relics_obtained":["Golden Idol"],"max_hp_gain":0,"max_hp_loss":0,"event_name":"Golden Idol","floor":11,"gold_loss":0,"cards_obtained":["Injury"]},{"damage_healed":0,"gold_gain":0,"player_choice":"Grow","damage_taken":0,"max_hp_gain":0,"max_hp_loss":0,"event_name":"Living Wall","floor":14,"gold_loss":0,"cards_upgraded":["True Grit"]},{"cards_removed":["Writhe"],"damage_healed":0,"gold_gain":0,"player_choice":"Purged","damage_taken":0,"max_hp_gain":0,"max_hp_loss":0,"event_name":"Purifier","floor":19,"gold_loss":0},{"damage_healed":0,"gold_gain":0,"player_choice":"Upgraded","damage_taken":0,"max_hp_gain":0,"max_hp_loss":0,"event_name":"Upgrade Shrine","floor":21,"gold_loss":0,"cards_upgraded":["Double Tap"]},{"damage_healed":0,"gold_gain":99,"player_choice":"Stole From Cult","damage_taken":0,"max_hp_gain":0,"max_hp_loss":0,"event_name":"Nest","floor":27,"gold_loss":0}],"is_beta":false,"boss_relics":[{"not_picked":["Busted Crown","Mark of Pain"],"picked":"Coffee Dripper"}],"items_purged_floors":[4],"is_endless":false,"potions_floor_spawned":[1,10,16,18,23],"killed_by":"Champ","ascension_level":3}}