{"host":"mj8akmyfd5lo602f","time":1613231081,"event":{"mods":["2.2 Compatiblity","Act Like it!","BaseMod","Bestiary","BshForSts","Colored Map","Colored Powertips","Downfall","Highlight Path","Minty Spire (QoL Compilation)","Permanent Neow","Relic Stats","StSLib"],"gold_per_floor":[116,127,141,141,216,216,255,271,323,323,323,347,123,143,143,262,262,281,306,329,329,347,347,360,360,386,407,431,431,66,85,85,190,190,206,216,216,235,235,235,250,250,307,135,151,173,203,216,216,216],"floor_reached":51,"language":"ENG","playtime":2460,"items_purged":["Doubt","Doubt"],"score":712,"play_id":"a205e048-c484-403f-b217-aef0444ffd17","local_time":"20210213154441","is_ascension_mode":false,"campfire_choices":[{"data":"Neutralize","floor":6.0,"key":"SMITH"},{"floor":10.0,"key":"REST"},{"data":"Burst","floor":15.0,"key":"SMITH"},{"data":"Malaise","floor":23.0,"key":"SMITH"},{"data":"Noxious Fumes","floor":25.0,"key":"SMITH"},{"data":"Catalyst","floor":32.0,"key":"SMITH"},{"data":"Distraction","floor":40,"key":"SMITH"},{"data":"Crippling Poison","floor":42,"key":"SMITH"},{"data":"Caltrops","floor":49,"key":"SMITH"}],"circlet_count":0,"master_deck":["Strike_G","Strike_G","Strike_G","Strike_G","Defend_G","Defend_G","Defend_G","Defend_G","Defend_G","Survivor","Neutralize+1","Dagger Spray","Distraction+1","Crippling Poison+1","Burst+1","Caltrops+1","Deadly Poison","Catalyst+1","Deadly Poison","Malaise+1","PiercingWail+1","Backflip","Noxious Fumes+1","Escape Plan+1","Backstab+1","Footwork","Corpse Explosion","Footwork","Footwork+1","Backflip","Crippling Poison+1","Deadly Poison+1","Caltrops+1","Dodge and Roll+1"],"relics":["Ring of the Snake","Bronze Scales","Bloody Idol","The Courier","Pen Nib","Cursed Key","CeramicFish","Strange Spoon","Sozu","Nunchaku","Orrery","Lantern"],"acts_visited":[],"potions_floor_usage":[50],"damage_taken":[{"damage":0.0,"enemies":"2 Louse","floor":1.0,"turns":3.0},{"damage":0.0,"enemies":"Small Slimes","floor":2.0,"turns":3.0},{"damage":9.0,"enemies":"Jaw Worm","floor":3.0,"turns":5.0},{"damage":26.0,"enemies":"Lagavulin","floor":7.0,"turns":9.0},{"damage":2.0,"enemies":"Looter","floor":8.0,"turns":4.0},{"damage":0.0,"enemies":"3 Louse","floor":12.0,"turns":2.0},{"damage":0.0,"enemies":"Gremlin Gang","floor":14.0,"turns":2.0},{"damage":26.0,"enemies":"Slime Boss","floor":16.0,"turns":12.0},{"damage":13.0,"enemies":"Shell Parasite","floor":18.0,"turns":3.0},{"damage":8.0,"enemies":"Spheric Guardian","floor":19.0,"turns":4.0},{"damage":11.0,"enemies":"Snake Plant","floor":20.0,"turns":4.0},{"damage":2.0,"enemies":"Centurion and Healer","floor":22.0,"turns":7.0},{"damage":5.0,"enemies":"Sentry and Sphere","floor":24.0,"turns":6.0},{"damage":23.0,"enemies":"3 Cultists","floor":27.0,"turns":6.0},{"damage":0.0,"enemies":"Centurion and Healer","floor":28.0,"turns":5.0},{"damage":1.0,"enemies":"Snake Plant","floor":31.0,"turns":5.0},{"damage":24.0,"enemies":"Automaton","floor":33.0,"turns":9.0},{"damage":0.0,"enemies":"3 Shapes","floor":35.0,"turns":4.0},{"damage":11.0,"enemies":"3 Darklings","floor":36.0,"turns":2.0},{"damage":11.0,"enemies":"Spire Growth","floor":38.0,"turns":5.0},{"damage":13,"enemies":"Jaw Worm Horde","floor":41,"turns":4},{"damage":20,"enemies":"Transient","floor":45,"turns":5},{"damage":1,"enemies":"4 Shapes","floor":46,"turns":3},{"damage":4,"enemies":"Giant Head","floor":47,"turns":6},{"damage":0,"enemies":"Jaw Worm Horde","floor":48,"turns":3},{"damage":18,"enemies":"Time Eater","floor":50,"turns":12}],"seed_played":"6546743242772401289","potions_obtained":[{"floor":7.0,"key":"ColorlessPotion"},{"floor":8.0,"key":"Energy Potion"},{"floor":12.0,"key":"Strength Potion"},{"floor":16.0,"key":"BlessingOfTheForge"},{"floor":19.0,"key":"PowerPotion"},{"floor":24.0,"key":"DistilledChaos"},{"floor":28.0,"key":"FairyPotion"},{"floor":33.0,"key":"LiquidMemories"}],"is_trial":false,"path_per_floor":["M","M","M","?","?","R","E","M","T","R","?","M","$","M","R","B",null,"M","M","M","?","M","R","M","R","T","M","M","?","$","M","R","B",null,"M","M","?","M","?","R","M","R","T","$","M","M","E","M","R","B",null],"character_chosen":"THE_SILENT","items_purchased":["Burst","Caltrops","Deadly Poison","Catalyst","Strange Spoon","Footwork","Corpse Explosion","Footwork","Orrery"],"campfire_rested":1,"item_purchase_floors":[13,13,13,13,30,30,30,30,44],"current_hp_per_floor":[70,70,61,44,33,33,7,5,5,26,49,49,49,49,49,23,70,57,49,38,38,41,41,41,41,46,33,43,43,58,67,67,48,70,70,64,64,63,63,63,55,55,65,66,51,60,61,66,66,48],"gold":216,"neow_bonus":"RANDOM_COMMON_RELIC","is_daily":false,"chose_seed":false,"campfire_upgraded":8,"win_rate":0.0,"timestamp":1613231081,"path_taken":["M","M","M","?","?","R","E","M","T","R","?","M","$","M","R","BOSS","M","M","M","?","M","R","M","R","T","M","M","?","$","M","R","BOSS","M","M","?","M","?","R","M","R","T","$","M","M","E","M","R","BOSS"],"items_purchased_type":["Card","Card","Card","Card","Relic","Card","Card","Card","Relic"],"build_version":"2020-12-22","purchased_purges":2,"victory":true,"max_hp_per_floor":[70,70,70,70,70,70,70,70,70,70,70,70,70,70,70,70,70,70,70,70,70,70,70,70,70,70,70,70,70,70,70,70,70,70,70,70,70,70,66,66,66,66,66,66,66,66,66,66,66,66],"relic_stats":{"Sozu":3,"Strange Spoon":[21],"Nunchaku":[2],"counters":[7,38],"Bronze Scales":[102],"Bloody Idol":56,"CeramicFish":54,"Pen Nib":[3],"Cursed Key":1,"obtain_stats":[{"Sozu":0,"Strange Spoon":0,"Nunchaku":43,"Lantern":47,"Bronze Scales":0,"Bloody Idol":0,"CeramicFish":0,"Orrery":44,"The Courier":0,"Pen Nib":0,"Cursed Key":0,"Ring of the Snake":0},{"Sozu":0,"Strange Spoon":0,"Nunchaku":2,"Lantern":5,"Bronze Scales":0,"Bloody Idol":0,"CeramicFish":0,"Orrery":2,"The Courier":0,"Pen Nib":0,"Cursed Key":0,"Ring of the Snake":0},{"Sozu":0,"Strange Spoon":0,"Nunchaku":9,"Lantern":23,"Bronze Scales":0,"Bloody Idol":0,"CeramicFish":0,"Orrery":9,"The Courier":0,"Pen Nib":0,"Cursed Key":0,"Ring of the Snake":0}],"Ring of the Snake":[14]},"card_choices":[{"not_picked":["Flying Knee","Catalyst"],"picked":"Dagger Spray","floor":1.0},{"not_picked":["Choke","Prepared"],"picked":"Distraction","floor":2.0},{"not_picked":["Blade Dance","Heel Hook"],"picked":"Crippling Poison","floor":3.0},{"not_picked":["Poisoned Stab","Masterful Stab","Slice"],"picked":"SKIP","floor":7.0},{"not_picked":["Poisoned Stab","Masterful Stab","Acrobatics"],"picked":"SKIP","floor":8.0},{"not_picked":["Prepared","All Out Attack","Dagger Throw"],"picked":"SKIP","floor":12.0},{"not_picked":["Skewer","Catalyst"],"picked":"Deadly Poison","floor":14.0},{"not_picked":["Die Die Die","Phantasmal Killer"],"picked":"Malaise","floor":16.0},{"not_picked":["Reflex+1","Infinite Blades","Distraction"],"picked":"SKIP","floor":18.0},{"not_picked":["Dagger Throw","Cloak And Dagger"],"picked":"PiercingWail+1","floor":19.0},{"not_picked":["Dodge and Roll","Dagger Spray"],"picked":"Backflip","floor":20.0},{"not_picked":["Predator","Dagger Spray"],"picked":"Noxious Fumes","floor":22.0},{"not_picked":["Outmaneuver","Expertise","Bane"],"picked":"SKIP","floor":24.0},{"not_picked":["Concentrate","Flying Knee"],"picked":"Escape Plan+1","floor":27.0},{"not_picked":["Eviscerate","Dodge and Roll"],"picked":"Backstab+1","floor":28.0},{"not_picked":["Blade Dance+1","Caltrops+1"],"picked":"Footwork+1","floor":31.0},{"not_picked":["Riddle With Holes","Outmaneuver+1","Blade Dance"],"picked":"SKIP","floor":35.0},{"not_picked":["Concentrate","Flechettes+1","Tactician+1"],"picked":"SKIP","floor":36.0},{"not_picked":["Setup+1","Dodge and Roll+1"],"picked":"Backflip","floor":38},{"not_picked":["Flying Knee+1","Dagger Throw","Sucker Punch+1"],"picked":"SKIP","floor":41},{"not_picked":["Acrobatics+1","Prepared+1"],"picked":"Crippling Poison+1","floor":44},{"not_picked":["Distraction","Prepared+1"],"picked":"Deadly Poison+1","floor":44},{"not_picked":["Bouncing Flask+1","Outmaneuver+1"],"picked":"Caltrops+1","floor":44},{"not_picked":["Dagger Throw+1","Deadly Poison","Underhanded Strike"],"picked":"SKIP","floor":45},{"not_picked":["Dagger Throw+1","Deadly Poison","Underhanded Strike"],"picked":"SKIP","floor":45},{"not_picked":["All Out Attack+1","Quick Slash"],"picked":"Dodge and Roll+1","floor":46},{"not_picked":["Choke+1","Deadly Poison","Doppelganger"],"picked":"SKIP","floor":47},{"not_picked":["Deflect","Masterful Stab+1","Prepared"],"picked":"SKIP","floor":48}],"player_experience":484540,"relics_obtained":[{"floor":7.0,"key":"The Courier"},{"floor":9.0,"key":"Pen Nib"},{"floor":26.0,"key":"CeramicFish"},{"floor":43,"key":"Nunchaku"},{"floor":47,"key":"Lantern"}],"event_choices":[{"damage_healed":0.0,"max_hp_gain":0.0,"max_hp_loss":0.0,"gold_gain":0.0,"event_name":"Golden Idol","player_choice":"Take Damage","floor":4.0,"gold_loss":0.0,"damage_taken":17.0,"relics_obtained":["Golden Idol"]},{"damage_healed":0.0,"max_hp_gain":0.0,"max_hp_loss":0.0,"gold_gain":75.0,"event_name":"World of Goop","player_choice":"Gather Gold","floor":5.0,"gold_loss":0.0,"damage_taken":11.0},{"damage_healed":23.0,"max_hp_gain":0.0,"max_hp_loss":0.0,"gold_gain":0.0,"event_name":"Big Fish","player_choice":"Banana","floor":11.0,"gold_loss":0.0,"damage_taken":0.0},{"damage_healed":0.0,"max_hp_gain":0.0,"max_hp_loss":0.0,"gold_gain":0.0,"event_name":"Forgotten Altar","player_choice":"Gave Idol","floor":21.0,"relics_lost":["Golden Idol"],"gold_loss":0.0,"damage_taken":0.0,"relics_obtained":["Bloody Idol"]},{"damage_healed":0.0,"max_hp_gain":0.0,"max_hp_loss":0.0,"gold_gain":0.0,"event_name":"Ghosts","player_choice":"Ignored","floor":29.0,"gold_loss":0.0,"damage_taken":0.0},{"cards_removed":["Strike_G"],"damage_healed":0.0,"max_hp_gain":0.0,"max_hp_loss":0.0,"gold_gain":0.0,"event_name":"Falling","player_choice":"Removed Attack","floor":37.0,"gold_loss":0.0,"damage_taken":0.0},{"damage_healed":0,"gold_gain":0,"player_choice":"Max HP","damage_taken":0,"max_hp_gain":0,"max_hp_loss":4,"event_name":"Winding Halls","floor":39,"gold_loss":0}],"is_beta":false,"boss_relics":[{"not_picked":["Astrolabe","SacredBark"],"picked":"Cursed Key"},{"not_picked":["Snecko Eye","WristBlade"],"picked":"Sozu"}],"items_purged_floors":[30,44],"is_endless":false,"potions_floor_spawned":[7,8,12,16,19,24,28,31,33,36,41,47,48],"ascension_level":0}}