{"host":"n605f8gctjc87d7h","time":1613242390,"event":{"mods":["Aspiration","Bard","BaseMod","Better Match","Better Note","Better Skull","Better Third Choice","Conspire","Downfall","Halation","Hermit","Infinite Spire","Minty Spire (QoL Compilation)","Reliquary","Replay The Spire","Retaliation","Shade Mod","Spicy Shops","StSLib","The IronCluck","The Jungle","The Runesmith"],"gold_per_floor":[115,115,115,134,149,149,174,174,199,199,199,209,222,39,39,140,140,158,158,177,197,197,197,208,223,223,223,273,273,288,308,218,237,237,337,337,347,347,361,373,648,648,660,679,679,709,171,251,251,268,268,268],"floor_reached":53,"language":"ENG","playtime":5115,"items_purged":["Strike_G","Strike_G","Defend_G"],"score":1159,"play_id":"196a8b1f-ed39-4e3e-83a2-8240e443fbb7","local_time":"20210213105310","is_ascension_mode":true,"campfire_choices":[{"data":"Replay:Bag of Tricks","floor":6,"key":"SMITH"},{"data":"Finisher","floor":8,"key":"SMITH"},{"data":"Backflip","floor":11,"key":"SMITH"},{"data":"Prepared","floor":15,"key":"SMITH"},{"floor":23,"key":"REST"},{"floor":29,"key":"REST"},{"floor":34,"key":"REST"},{"floor":42,"key":"REST"},{"floor":51,"key":"REST"}],"circlet_count":0,"master_deck":["AscendersBane","Strike_G","Strike_G","Defend_G","Defend_G","Survivor","Neutralize","Replay:Bag of Tricks+1","Prepared+1","Cloak And Dagger","Backflip+1","Finisher+1","Toxin Wave","ReplayTheSpireMod:Scrap Shanks","Fluid Movement","Quick Slash","infinitespire:Collect","All Out Attack+1","Dagger Throw","Slice","Poisoned Stab","Escape Plan+1","Glass Knife","Catalyst+1","Acrobatics+1","ReplayTheSpireMod:Scrap Shanks+1","Blade Dance","infinitespire:NeuralNetwork+1"],"relics":["Sizzling Blood","halation:YellowSoulGem","Basket Of Snakes","Omamori","conspire:Flyswatter","HoveringKite","infinitespire:Lucky Rock","conspire:DecoderRing","reliquary:RadioactivePellet","infinitespire:WardingShard","halation:QuantumPhysicsTextbook","Divine Protection","Bottled Lightning","Frozen Egg 2","Pondfish Scales"],"acts_visited":["Exordium","TheCity","TheBeyond"],"potions_floor_usage":[16,18,33,35,37,43,44,46,50],"damage_taken":[{"damage":7,"enemies":"Small Slimes","floor":1,"turns":5},{"damage":1,"enemies":"Cultist","floor":4,"turns":4},{"damage":0,"enemies":"conspire:RoseBush","floor":5,"turns":4},{"damage":12,"enemies":"3 Sentries","floor":7,"turns":10},{"damage":3,"enemies":"Red Slaver","floor":12,"turns":4},{"damage":1,"enemies":"Looter","floor":13,"turns":3},{"damage":29,"enemies":"Slime Boss","floor":16,"turns":10},{"damage":4,"enemies":"3 Byrds","floor":18,"turns":4},{"damage":4,"enemies":"Shell Parasite","floor":20,"turns":5},{"damage":37,"enemies":"Snecko","floor":21,"turns":5},{"damage":2,"enemies":"Cultist and Chosen","floor":24,"turns":4},{"damage":25,"enemies":"Sentry and Sphere","floor":25,"turns":7},{"damage":8,"enemies":"Snecko","floor":30,"turns":3},{"damage":17,"enemies":"Cultist and Chosen","floor":31,"turns":6},{"damage":14,"enemies":"Snake Plant","floor":33,"turns":5},{"damage":28,"enemies":"conspire:MysteriousRune","floor":35,"turns":5},{"damage":28,"enemies":"3 Darklings","floor":37,"turns":5},{"damage":20,"enemies":"3 Shapes","floor":39,"turns":4},{"damage":7,"enemies":"Jaw Worm Horde","floor":40,"turns":4},{"damage":6,"enemies":"4 Shapes","floor":43,"turns":8},{"damage":0,"enemies":"Transient","floor":44,"turns":5},{"damage":10,"enemies":"Reptomancer","floor":46,"turns":5},{"damage":11,"enemies":"3 Darklings","floor":50,"turns":3},{"damage":37,"enemies":"Donu and Deca","floor":52,"turns":6}],"seed_played":"4131598311576399170","potions_obtained":[{"floor":4,"key":"sneckomod:MuddlingPotion"},{"floor":5,"key":"Poison Potion"},{"floor":12,"key":"Fire Potion"},{"floor":20,"key":"SteroidPotion"},{"floor":21,"key":"Explosive Potion"},{"floor":33,"key":"Energy Potion"},{"floor":37,"key":"Explosive Potion"},{"floor":40,"key":"PowerPotion"},{"floor":43,"key":"Explosive Potion"},{"floor":44,"key":"GhostInAJar"}],"is_trial":false,"path_per_floor":["M","?","?","M","M","R","E","R","T","T","R","M","M","$","R","B",null,"M","?","M","M","AVR","R","M","M","PTL","PTL","T","R","M","M","?","M","R","B",null,"M","?","M","M","?","R","M","M","T","E","$","T","AVR","M","R","B",null],"character_chosen":"THE_SILENT","items_purchased":["Fluid Movement","Divine Protection","Bottled Lightning","Blade Dance"],"campfire_rested":5,"item_purchase_floors":[14,47,47,47],"current_hp_per_floor":[56,60,60,63,67,67,59,59,59,59,59,60,63,63,63,38,65,65,65,65,32,32,54,56,35,35,35,35,57,53,40,40,30,52,28,63,39,39,23,20,20,42,40,44,44,38,38,38,38,31,53,20],"gold":268,"neow_bonus":"TRANSFORM_CARD","is_daily":false,"chose_seed":false,"campfire_upgraded":4,"win_rate":0.0,"timestamp":1613242390,"path_taken":["M","?","?","M","?","R","E","R","T","?","R","M","?","?","R","BOSS","M","?","?","M","AVR","R","M","M","PTL","PTL","T","R","M","M","?","?","R","BOSS","M","?","M","?","?","R","M","M","T","E","?","?","AVR","M","R","BOSS"],"items_purchased_type":["Card","Relic","Relic","Card"],"build_version":"2020-12-22","purchased_purges":3,"victory":true,"max_hp_per_floor":[70,74,74,74,74,74,74,74,74,74,74,74,74,74,74,74,74,74,74,74,74,74,74,74,74,74,74,74,74,74,74,74,74,74,74,74,74,74,74,74,74,74,74,74,74,74,74,74,74,74,74,74],"card_choices":[{"not_picked":["Dagger Spray","Acrobatics"],"picked":"Prepared","floor":1},{"not_picked":["Prepared","Dagger Throw"],"picked":"Cloak And Dagger","floor":4},{"not_picked":["Heel Hook","Outmaneuver"],"picked":"Backflip","floor":5},{"not_picked":["Bane","Dash"],"picked":"Finisher","floor":7},{"not_picked":["Dagger Spray","PiercingWail"],"picked":"Toxin Wave","floor":12},{"not_picked":["ReplayTheSpireMod:Shiv Toss","Draining Mist"],"picked":"ReplayTheSpireMod:Scrap Shanks","floor":13},{"not_picked":["Poisoned Stab","conspire:PoisonWeapons"],"picked":"Slice","floor":18},{"not_picked":["conspire:PoisonWeapons","Bane+1"],"picked":"Quick Slash","floor":20},{"not_picked":["Sucker Punch","Quick Slash","Finisher"],"picked":"SKIP","floor":21},{"not_picked":["Choke+1","ReplayTheSpireMod:The Works"],"picked":"All Out Attack","floor":24},{"not_picked":["Leg Sweep","Bullet Time"],"picked":"Dagger Throw","floor":25},{"not_picked":["Deadly Poison","Dagger Spray"],"picked":"Slice","floor":30},{"not_picked":["Finisher","Setup","Toxin Wave"],"picked":"SKIP","floor":31},{"not_picked":["Hidden Blade","ReplayTheSpireMod:Shiv Toss"],"picked":"Poisoned Stab","floor":33},{"not_picked":["Hidden Blade","Draining Mist+1"],"picked":"Escape Plan+1","floor":37},{"not_picked":["Deadly Poison","Cloak And Dagger","Dagger Throw"],"picked":"SKIP","floor":39},{"not_picked":["Bane","Malaise"],"picked":"Catalyst+1","floor":40},{"not_picked":["Deflect","Flying Knee"],"picked":"Acrobatics+1","floor":43},{"not_picked":["ReplayTheSpireMod:Shiv Toss","Poisoned Stab"],"picked":"ReplayTheSpireMod:Scrap Shanks+1","floor":44},{"not_picked":["All Out Attack","Well Laid Plans","Dash+1"],"picked":"SKIP","floor":46},{"not_picked":["Dagger Spray","Deadly Poison","Bullet Time"],"picked":"SKIP","floor":50}],"player_experience":864257,"relics_obtained":[{"floor":7,"key":"Basket Of Snakes"},{"floor":9,"key":"Omamori"},{"floor":10,"key":"conspire:Flyswatter"},{"floor":28,"key":"reliquary:RadioactivePellet"},{"floor":45,"key":"infinitespire:WardingShard"},{"floor":46,"key":"halation:QuantumPhysicsTextbook"},{"floor":48,"key":"Frozen Egg 2"}],"event_choices":[{"cards_removed":["Slice"],"damage_healed":0,"gold_gain":0,"player_choice":"Gave Card","damage_taken":0,"relics_obtained":["infinitespire:Lucky Rock"],"max_hp_gain":0,"max_hp_loss":0,"event_name":"WeMeetAgain","floor":19,"gold_loss":0},{"cards_removed":["Defend_G"],"damage_healed":0,"gold_gain":0,"player_choice":"Upgrade and Remove","damage_taken":0,"max_hp_gain":0,"max_hp_loss":0,"event_name":"Designer","floor":32,"gold_loss":90,"cards_upgraded":["All Out Attack"]},{"damage_healed":0,"gold_gain":0,"cards_transformed":["Strike_G"],"player_choice":"Transformed","damage_taken":0,"max_hp_gain":0,"max_hp_loss":0,"event_name":"Transmorgrifier","floor":38,"gold_loss":0,"cards_obtained":["Glass Knife"]},{"damage_healed":0,"gold_gain":275,"player_choice":"Desecrate","damage_taken":0,"max_hp_gain":0,"max_hp_loss":0,"event_name":"Golden Shrine","floor":41,"gold_loss":0,"cards_obtained":["Regret"]}],"is_beta":false,"boss_relics":[{"not_picked":["Replay:Drink Me","SlaversCollar"],"picked":"HoveringKite"},{"not_picked":["halation:CatFaceCupcake","halation:PinkAlligatorPlush","Velvet Choker"]}],"items_purged_floors":[14,22,49],"is_endless":false,"potions_floor_spawned":[4,5,12,20,21,33,37,40,43,44],"ascension_level":12}}