{"host":"ypzb5vvnu9f3ii1t","time":1613204992,"event":{"mods":["AchievementEnabler","BaseMod","Colored Map","DeckTracker","Keyboard Shortcuts","Minty Spire (QoL Compilation)","Permanent Neow","Quick Restart","SuperFastMode"],"gold_per_floor":[111,111,32,48,48,74,74,103,130,142,217,68,82,0,0,0,0],"floor_reached":16,"language":"KOR","playtime":307,"items_purged":[],"score":160,"play_id":"bb20178a-8e43-4d87-adcd-c9af6f775f94","local_time":"20210213172952","is_ascension_mode":true,"campfire_choices":[{"data":"Eruption","floor":7,"key":"SMITH"},{"floor":15,"key":"REST"}],"circlet_count":0,"master_deck":["Strike_P","Strike_P","Strike_P","Strike_P","Defend_P","Defend_P","Defend_P","Defend_P","Eruption+1","Vigilance","MentalFortress","DevaForm","Adaptation"],"relics":["PureWater","NeowsBlessing","Potion Belt","Question Card","Bag of Preparation","HandDrill"],"acts_visited":["Exordium"],"potions_floor_usage":[13,16],"damage_taken":[{"damage":0,"enemies":"Cultist","floor":1,"turns":1},{"damage":0,"enemies":"Small Slimes","floor":4,"turns":2},{"damage":0,"enemies":"3 Sentries","floor":6,"turns":1},{"damage":21,"enemies":"Gremlin Nob","floor":8,"turns":4},{"damage":25,"enemies":"Jaw Worm","floor":10,"turns":4},{"damage":8,"enemies":"Blue Slaver","floor":13,"turns":4},{"damage":33,"enemies":"The Guardian","floor":16,"turns":6}],"seed_played":"3240798215861584885","potions_obtained":[{"floor":10,"key":"Fire Potion"},{"floor":13,"key":"DuplicationPotion"}],"is_trial":false,"path_per_floor":["M","$","$","M","?","E","R","E","T","M","?","$","M","$","R","B"],"character_chosen":"WATCHER","items_purchased":["MentalFortress","HandDrill","Adaptation"],"campfire_rested":1,"item_purchase_floors":[3,12,14],"current_hp_per_floor":[72,72,72,72,72,72,72,51,51,26,15,15,7,7,28,0,0],"gold":0,"neow_bonus":"THREE_ENEMY_KILL","is_daily":false,"chose_seed":false,"campfire_upgraded":1,"win_rate":0.0,"timestamp":1613204992,"path_taken":["M","?","$","M","?","E","R","E","T","M","?","?","?","$","R","BOSS"],"items_purchased_type":["Card","Relic","Card"],"build_version":"2020-12-22","purchased_purges":0,"victory":false,"max_hp_per_floor":[72,72,72,72,72,72,72,72,72,72,72,72,72,72,72,72,72],"card_choices":[{"not_picked":["FlurryOfBlows","Consecrate","Conclude"],"picked":"SKIP","floor":1},{"not_picked":["JustLucky","CarveReality","WheelKick"],"picked":"SKIP","floor":4},{"not_picked":["FlyingSleeves","Sanctity"],"picked":"DevaForm","floor":6},{"not_picked":["EmptyBody","Consecrate","Vengeance"],"picked":"SKIP","floor":8},{"not_picked":["Indignation","Halt","SignatureMove","BattleHymn"],"picked":"SKIP","floor":10},{"not_picked":["DevaForm","Nirvana","Pray","FlyingSleeves"],"picked":"SKIP","floor":13}],"player_experience":208802,"relics_obtained":[{"floor":6,"key":"Potion Belt"},{"floor":8,"key":"Question Card"},{"floor":9,"key":"Bag of Preparation"}],"event_choices":[{"damage_healed":0,"gold_gain":0,"player_choice":"Leave","damage_taken":0,"max_hp_gain":0,"max_hp_loss":0,"event_name":"The Cleric","floor":5,"gold_loss":0},{"damage_healed":0,"gold_gain":75,"player_choice":"Gather Gold","damage_taken":11,"max_hp_gain":0,"max_hp_loss":0,"event_name":"World of Goop","floor":11,"gold_loss":0}],"is_beta":false,"boss_relics":[],"items_purged_floors":[],"is_endless":false,"potions_floor_spawned":[10,13],"killed_by":"The Guardian","ascension_level":4}}