{"host":"95opfxp0quumjm7q","time":1613250329,"event":{"mods":["2.2 Compatiblity","BaseMod","Downfall","Minty Spire (QoL Compilation)","StSLib"],"gold_per_floor":[119,119,119,194,209,234,234,260,260,260,279,279,309,338,350,467,479,501,513,525,537,567,610,636,679,737,749,775,237,253,272,272,370,370,390,401,54,54,64,89,89,120,173,185,185,185,194,203,203,203],"floor_reached":51,"language":"DEU","playtime":2920,"items_purged":["Defend_P","Defend_G"],"score":824,"play_id":"0511a5cf-5191-4df9-96d7-10dd382acf97","local_time":"20210213220529","is_ascension_mode":true,"campfire_choices":[{"floor":10.0,"key":"DIG"},{"floor":15.0,"key":"DIG"},{"floor":27.0,"key":"REST"},{"floor":32.0,"key":"REST"},{"floor":41.0,"key":"DIG"},{"floor":46,"key":"DIG"},{"floor":49,"key":"DIG"}],"circlet_count":0,"master_deck":["Strike_P","Strike_P","Defend_P+1","Eruption","Vigilance","ClearTheMind","BowlingBash","Evaluate","BattleHymn","Worship","Wallop","EmptyBody","Brilliance","Prostrate+1","Necronomicurse","Evaluate","Pray","Study","Devotion","Prostrate+1","Devotion","Doubt","Sadistic Nature"],"relics":["HolyWater","Shovel","Juzu Bracelet","Calipers","Shuriken","MawBank","StrikeDummy","Blue Candle","Necronomicon","White Beast Statue","Dead Branch","Regal Pillow","Anchor","Singing Bowl","Coffee Dripper","Matryoshka","Kunai","Blood Vial","Eternal Feather","CeramicFish","Art of War","Bottled Tornado","Orichalcum"],"acts_visited":["Exordium","TheCity","TheBeyond"],"potions_floor_usage":[44,50],"damage_taken":[{"damage":0.0,"enemies":"2 Louse","floor":1.0,"turns":2.0},{"damage":2.0,"enemies":"Small Slimes","floor":5.0,"turns":3.0},{"damage":2.0,"enemies":"Gremlin Nob","floor":6.0,"turns":3.0},{"damage":10.0,"enemies":"Lagavulin","floor":8.0,"turns":4.0},{"damage":6.0,"enemies":"Cultist","floor":11.0,"turns":3.0},{"damage":9.0,"enemies":"Gremlin Nob","floor":13.0,"turns":4.0},{"damage":1.0,"enemies":"Lots of Slimes","floor":14.0,"turns":3.0},{"damage":16.0,"enemies":"Hexaghost","floor":16.0,"turns":8.0},{"damage":2.0,"enemies":"Spheric Guardian","floor":18.0,"turns":3.0},{"damage":1.0,"enemies":"Chosen","floor":22.0,"turns":3.0},{"damage":12.0,"enemies":"Book of Stabbing","floor":23.0,"turns":5.0},{"damage":15.0,"enemies":"Snake Plant","floor":24.0,"turns":4.0},{"damage":22.0,"enemies":"Gremlin Leader","floor":25.0,"turns":3.0},{"damage":20.0,"enemies":"Sentry and Sphere","floor":28.0,"turns":4.0},{"damage":8.0,"enemies":"Centurion and Healer","floor":30.0,"turns":3.0},{"damage":0.0,"enemies":"Snake Plant","floor":31.0,"turns":4.0},{"damage":1.0,"enemies":"Collector","floor":33.0,"turns":5.0},{"damage":0.0,"enemies":"3 Darklings","floor":35.0,"turns":4.0},{"damage":0.0,"enemies":"Orb Walker","floor":36.0,"turns":3.0},{"damage":0.0,"enemies":"3 Darklings","floor":39.0,"turns":3.0},{"damage":1.0,"enemies":"Nemesis","floor":40.0,"turns":3.0},{"damage":55.0,"enemies":"Reptomancer","floor":42.0,"turns":5.0},{"damage":4,"enemies":"Writhing Mass","floor":44,"turns":5},{"damage":75,"enemies":"Time Eater","floor":50,"turns":6}],"seed_played":"2212778862837846991","potions_obtained":[{"floor":5.0,"key":"BlessingOfTheForge"},{"floor":11.0,"key":"AttackPotion"},{"floor":22.0,"key":"champ:CounterPotion"},{"floor":24.0,"key":"AttackPotion"},{"floor":25.0,"key":"sneckomod:MuddlingPotion"},{"floor":28.0,"key":"BottledMiracle"},{"floor":30.0,"key":"SteroidPotion"},{"floor":31.0,"key":"FairyPotion"},{"floor":35.0,"key":"Explosive Potion"},{"floor":36.0,"key":"LiquidBronze"},{"floor":39.0,"key":"SpeedPotion"},{"floor":40.0,"key":"SpeedPotion"},{"floor":42.0,"key":"Guardian:BlockOnCardUsePotion"},{"floor":44,"key":"Swift Potion"}],"is_trial":false,"path_per_floor":["M","?","?","?","M","E","?","E","T","R","M","?","E","M","R","B",null,"M","?","?","?","M","E","M","E","T","R","M","$","M","M","R","B",null,"M","M","$","?","M","E","R","E","T","M","?","R","?","?","R","B",null],"character_chosen":"WATCHER","items_purchased":["Anchor","Singing Bowl","Study","Matryoshka"],"campfire_rested":2,"item_purchase_floors":[29,29,29,37],"current_hp_per_floor":[79,63,63,52,50,48,48,38,38,38,32,32,23,22,22,6,79,77,77,72,56,55,43,28,6,6,44,24,24,18,20,59,58,83,85,87,87,87,87,88,88,34,34,34,34,46,91,91,91,16],"gold":203,"neow_bonus":"TEN_PERCENT_HP_BONUS","is_daily":false,"chose_seed":false,"campfire_upgraded":0,"win_rate":0.0,"timestamp":1613250329,"path_taken":["M","?","?","?","M","E","?","E","T","R","M","?","E","M","R","BOSS","M","?","?","?","M","E","M","E","T","R","M","$","M","M","R","BOSS","M","M","$","?","M","E","R","E","T","M","?","R","?","?","R","BOSS"],"items_purchased_type":["Relic","Relic","Card","Relic"],"build_version":"2020-12-22","purchased_purges":2,"victory":true,"max_hp_per_floor":[79,79,79,79,79,79,79,79,79,79,79,79,79,79,79,79,79,79,79,79,79,79,79,79,79,79,79,79,79,81,83,83,83,83,85,87,87,87,87,89,89,89,89,91,91,91,91,91,91,91],"card_choices":[{"not_picked":["EmptyFist","Prostrate"],"picked":"ClearTheMind","floor":1.0},{"not_picked":["CrushJoints","WreathOfFlame"],"picked":"Evaluate","floor":5.0},{"not_picked":["SashWhip","SandsOfTime"],"picked":"BattleHymn","floor":6.0},{"not_picked":["WaveOfTheHand","FearNoEvil"],"picked":"Worship","floor":8.0},{"not_picked":["WheelKick","Sanctity","PathToVictory"],"picked":"SKIP","floor":11.0},{"not_picked":["Sanctity","WaveOfTheHand"],"picked":"Wallop","floor":13.0},{"not_picked":["JustLucky","BowlingBash"],"picked":"EmptyBody","floor":14.0},{"not_picked":["Judgement","Blasphemy"],"picked":"Brilliance","floor":16.0},{"not_picked":["CutThroughFate+1","CrushJoints"],"picked":"Prostrate+1","floor":18.0},{"not_picked":["Perseverance","Fasting2","EmptyMind"],"picked":"SKIP","floor":22.0},{"not_picked":["Blasphemy","Vengeance"],"picked":"Evaluate","floor":23.0},{"not_picked":["BattleHymn","ClearTheMind"],"picked":"Pray","floor":24.0},{"not_picked":["EmptyBody","LikeWater","EmptyFist"],"picked":"SKIP","floor":25.0},{"not_picked":["Nirvana","Crescendo+1","Consecrate+1"],"picked":"SKIP","floor":28.0},{"not_picked":["FlurryOfBlows+1","Meditate","Blasphemy"],"picked":"Singing Bowl","floor":30.0},{"not_picked":["FlurryOfBlows","Halt","CutThroughFate+1"],"picked":"Singing Bowl","floor":31.0},{"not_picked":["Wish","Judgement"],"picked":"Devotion","floor":33.0},{"not_picked":["ThirdEye","BowlingBash","LikeWater"],"picked":"Singing Bowl","floor":35.0},{"not_picked":["PathToVictory","ThirdEye","EmptyBody+1"],"picked":"Singing Bowl","floor":36.0},{"not_picked":["SandsOfTime","Conclude+1"],"picked":"Prostrate+1","floor":39.0},{"not_picked":["Crescendo","Meditate+1","BowlingBash+1"],"picked":"Singing Bowl","floor":40.0},{"not_picked":["WreathOfFlame+1","ConjureBlade"],"picked":"Devotion","floor":42.0},{"not_picked":["FlurryOfBlows","Swivel+1","InnerPeace+1"],"picked":"Singing Bowl","floor":44},{"not_picked":["Panacea","Good Instincts"],"picked":"Sadistic Nature","floor":48}],"player_experience":577440,"relics_obtained":[{"floor":6.0,"key":"Shovel"},{"floor":8.0,"key":"Juzu Bracelet"},{"floor":9.0,"key":"Calipers"},{"floor":10.0,"key":"Shuriken"},{"floor":13.0,"key":"MawBank"},{"floor":15.0,"key":"StrikeDummy"},{"floor":21.0,"key":"Necronomicon"},{"floor":23.0,"key":"White Beast Statue"},{"floor":25.0,"key":"Dead Branch"},{"floor":26.0,"key":"Regal Pillow"},{"floor":40.0,"key":"Kunai"},{"floor":41.0,"key":"Blood Vial"},{"floor":42.0,"key":"Eternal Feather"},{"floor":43.0,"key":"CeramicFish"},{"floor":43.0,"key":"Art of War"},{"floor":46,"key":"Bottled Tornado"},{"floor":49,"key":"Orichalcum"}],"event_choices":[{"damage_healed":0.0,"max_hp_gain":0.0,"max_hp_loss":0.0,"gold_gain":0.0,"event_name":"Shining Light","player_choice":"Entered Light","floor":2.0,"gold_loss":0.0,"damage_taken":16.0,"cards_upgraded":["Strike_P","Defend_P"]},{"damage_healed":0.0,"max_hp_gain":0.0,"max_hp_loss":0.0,"gold_gain":0.0,"cards_transformed":["Strike_P"],"event_name":"Living Wall","player_choice":"Change","floor":3.0,"gold_loss":0.0,"damage_taken":0.0,"cards_obtained":["BowlingBash"]},{"damage_healed":0.0,"max_hp_gain":0.0,"max_hp_loss":0.0,"gold_gain":75.0,"event_name":"World of Goop","player_choice":"Gather Gold","floor":4.0,"gold_loss":0.0,"damage_taken":11.0},{"cards_removed":["Defend_P"],"damage_healed":0.0,"max_hp_gain":0.0,"max_hp_loss":0.0,"gold_gain":0.0,"event_name":"Purifier","player_choice":"Purged","floor":7.0,"gold_loss":0.0,"damage_taken":0.0},{"cards_removed":["Defend_P"],"damage_healed":0.0,"max_hp_gain":0.0,"max_hp_loss":0.0,"gold_gain":0.0,"event_name":"NoteForYourself","player_choice":"Took Card","floor":12.0,"gold_loss":0.0,"damage_taken":0.0,"cards_obtained":["Defend_G"]},{"damage_healed":0.0,"max_hp_gain":0.0,"max_hp_loss":0.0,"gold_gain":0.0,"event_name":"Vampires","player_choice":"Ignored","floor":19.0,"gold_loss":0.0,"damage_taken":0.0},{"damage_healed":0.0,"max_hp_gain":0.0,"max_hp_loss":0.0,"gold_gain":0.0,"event_name":"Cursed Tome","player_choice":"Obtained Book","floor":21.0,"gold_loss":0.0,"damage_taken":16.0},{"cards_removed":["Strike_P"],"damage_healed":0.0,"max_hp_gain":0.0,"max_hp_loss":0.0,"gold_gain":0.0,"event_name":"Falling","player_choice":"Removed Attack","floor":38.0,"gold_loss":0.0,"damage_taken":0.0},{"damage_healed":0,"gold_gain":0,"player_choice":"Ignored","damage_taken":0,"max_hp_gain":0,"max_hp_loss":0,"event_name":"Tomb of Lord Red Mask","floor":45,"gold_loss":0},{"damage_healed":45,"gold_gain":0,"player_choice":"Heal","damage_taken":0,"max_hp_gain":0,"max_hp_loss":0,"event_name":"MindBloom","floor":47,"gold_loss":0,"cards_obtained":["Doubt"]},{"damage_healed":0,"gold_gain":0,"player_choice":"Memory 1","damage_taken":0,"max_hp_gain":0,"max_hp_loss":0,"event_name":"SensoryStone","floor":48,"gold_loss":0}],"is_beta":false,"boss_relics":[{"not_picked":["Calling Bell","SacredBark"],"picked":"HolyWater"},{"not_picked":["Runic Dome","Empty Cage"],"picked":"Coffee Dripper"}],"items_purged_floors":[29,37],"is_endless":false,"potions_floor_spawned":[5,11,22,24,25,28,30,31,33,35,36,39,40,42,44],"ascension_level":1}}