{"host":"n4fty02wqqi95laq","time":1613175559,"event":{"mods":["BaseMod","Highlight Path","Minty Spire (QoL Compilation)","Quick Restart","Rare Cards Sparkle","StSLib"],"gold_per_floor":[118,168,181,191,33,33,47,47,47],"floor_reached":8,"language":"ZHS","playtime":212,"items_purged":[],"score":96,"play_id":"eaf0a9ba-d098-4a22-a0e2-00532ef87d8e","local_time":"20210213081919","is_ascension_mode":true,"campfire_choices":[{"data":"Biased Cognition","floor":6.0,"key":"SMITH"}],"circlet_count":0,"master_deck":["AscendersBane","Strike_B","Strike_B","Strike_B","Strike_B","Defend_B","Defend_B","Defend_B","Defend_B","Zap","Dualcast","Biased Cognition+1","Coolheaded","Storm","Genetic Algorithm","Electrodynamics","Hologram","Meteor Strike","Turbo"],"relics":["Cracked Core","Orrery"],"acts_visited":["Exordium"],"potions_floor_usage":[8],"damage_taken":[{"damage":8.0,"enemies":"2 Louse","floor":1.0,"turns":3.0},{"damage":0.0,"enemies":"Cultist","floor":3.0,"turns":2.0},{"damage":2.0,"enemies":"Small Slimes","floor":4.0,"turns":4.0},{"damage":37.0,"enemies":"Gremlin Gang","floor":7.0,"turns":4.0},{"damage":0,"enemies":"Lagavulin","floor":8,"turns":4}],"seed_played":"-2904015183918224286","potions_obtained":[{"floor":7.0,"key":"SpeedPotion"}],"is_trial":false,"path_per_floor":["M","?","M","M","$","R","M","E"],"character_chosen":"DEFECT","items_purchased":["Orrery"],"campfire_rested":0,"item_purchase_floors":[5],"current_hp_per_floor":[56,50,50,48,48,48,11,11,11],"gold":47,"neow_bonus":"THREE_RARE_CARDS","is_daily":false,"chose_seed":false,"campfire_upgraded":1,"win_rate":0.0,"timestamp":1613175559,"path_taken":["M","?","M","M","?","R","M","E"],"items_purchased_type":["Relic"],"build_version":"2020-12-22","purchased_purges":0,"victory":false,"max_hp_per_floor":[64,64,64,64,64,64,64,64,64],"card_choices":[{"not_picked":["Thunder Strike","Fission"],"picked":"Biased Cognition","floor":0.0},{"not_picked":["Rebound","Streamline"],"picked":"Coolheaded","floor":1.0},{"not_picked":["Auto Shields","Doom and Gloom"],"picked":"Storm","floor":3.0},{"not_picked":["Rebound","Cold Snap"],"picked":"Genetic Algorithm","floor":4.0},{"not_picked":["All For One","Compile Driver"],"picked":"Electrodynamics","floor":5.0},{"not_picked":["Conserve Battery","Rebound"],"picked":"Hologram","floor":5.0},{"not_picked":["Turbo","Reprogram"],"picked":"Meteor Strike","floor":5.0},{"not_picked":["Go for the Eyes","Leap"],"picked":"Turbo","floor":7.0}],"player_experience":732608,"relics_obtained":[],"event_choices":[{"damage_healed":0.0,"max_hp_gain":0.0,"max_hp_loss":0.0,"gold_gain":50.0,"event_name":"FaceTrader","player_choice":"Touch","floor":2.0,"gold_loss":0.0,"damage_taken":6.0}],"is_beta":false,"boss_relics":[],"items_purged_floors":[],"is_endless":false,"potions_floor_spawned":[7],"killed_by":"Lagavulin","ascension_level":20}}