{"host":"DOLBYTIME","time":1613255890,"event":{"mods":["BaseMod","Block Reminder","Minty Spire (QoL Compilation)"],"gold_per_floor":[114,131,145,145,155,185,260,260,260,260,260,287,333,355,367,464,476,460,472,484,496,518,530,571,597,686,713,750,777,789,815,827,839,839],"floor_reached":33,"language":"ENG","playtime":1361,"items_purged":[],"score":554,"play_id":"f7b2435a-c2fa-445d-9f6f-aea9fb6eb4a2","local_time":"20210213163810","is_ascension_mode":true,"campfire_choices":[{"floor":8,"key":"REST"},{"data":"Neutralize","floor":10,"key":"SMITH"},{"data":"Envenom","floor":15,"key":"SMITH"},{"data":"After Image","floor":23,"key":"SMITH"},{"floor":30,"key":"REST"},{"floor":32,"key":"REST"}],"circlet_count":0,"master_deck":["AscendersBane","Strike_G","Strike_G","Strike_G","Strike_G","Defend_G","Defend_G","Defend_G","Defend_G","Defend_G","Survivor","Neutralize+1","Dash","Skewer+1","Dagger Spray","Leg Sweep","Envenom+1","After Image+1"],"relics":["Black Star","Ninja Scroll","Tiny Chest","Vajra","MawBank","CeramicFish","Strawberry","Busted Crown","Centennial Puzzle","Omamori","PreservedInsect","InkBottle","Regal Pillow"],"acts_visited":["Exordium","TheCity"],"potions_floor_usage":[6,13,24],"damage_taken":[{"damage":5,"enemies":"Small Slimes","floor":1,"turns":6},{"damage":4,"enemies":"Cultist","floor":2,"turns":5},{"damage":3,"enemies":"2 Louse","floor":3,"turns":5},{"damage":1,"enemies":"Looter","floor":5,"turns":4},{"damage":15,"enemies":"3 Sentries","floor":6,"turns":10},{"damage":7,"enemies":"Lagavulin","floor":13,"turns":7},{"damage":3,"enemies":"Blue Slaver","floor":14,"turns":4},{"damage":15,"enemies":"Hexaghost","floor":16,"turns":10},{"damage":9,"enemies":"2 Thieves","floor":18,"turns":4},{"damage":0,"enemies":"Chosen","floor":22,"turns":3},{"damage":55,"enemies":"Book of Stabbing","floor":24,"turns":8},{"damage":8,"enemies":"Centurion and Healer","floor":25,"turns":6},{"damage":5,"enemies":"Snake Plant","floor":27,"turns":5},{"damage":3,"enemies":"Chosen and Byrds","floor":29,"turns":5},{"damage":0,"enemies":"Centurion and Healer","floor":31,"turns":7},{"damage":86,"enemies":"Automaton","floor":33,"turns":10}],"seed_played":"3141338067134543366","potions_obtained":[{"floor":1,"key":"GamblersBrew"},{"floor":3,"key":"CunningPotion"},{"floor":6,"key":"Poison Potion"},{"floor":14,"key":"Poison Potion"},{"floor":18,"key":"FairyPotion"},{"floor":24,"key":"Strength Potion"},{"floor":27,"key":"Strength Potion"}],"is_trial":false,"path_per_floor":["M","M","M","?","M","E","?","R","T","R","?","T","E","M","R","B",null,"M","T","?","?","M","R","E","M","T","M","T","M","R","M","R","B"],"character_chosen":"THE_SILENT","items_purchased":[],"campfire_rested":3,"item_purchase_floors":[],"current_hp_per_floor":[54,50,47,47,46,31,20,39,39,39,39,39,39,36,36,21,60,51,51,51,51,51,51,21,13,13,8,8,5,41,41,73,0,0],"gold":839,"neow_bonus":"BOSS_RELIC","is_daily":false,"chose_seed":false,"campfire_upgraded":3,"win_rate":0.0,"timestamp":1613255890,"path_taken":["M","M","M","?","?","E","?","R","T","R","?","?","E","M","R","BOSS","M","?","?","?","?","R","E","M","T","M","?","M","R","M","R","BOSS"],"items_purchased_type":[],"build_version":"2020-12-18","purchased_purges":0,"victory":false,"max_hp_per_floor":[66,66,66,66,66,66,66,66,66,66,66,66,73,73,73,73,73,73,73,73,73,73,73,73,73,73,73,73,73,73,73,73,73,73],"card_choices":[{"not_picked":["Footwork","Bane"],"picked":"Dash","floor":1},{"not_picked":["Catalyst","Well Laid Plans"],"picked":"Skewer","floor":2},{"not_picked":["Deflect","Bouncing Flask"],"picked":"Dagger Spray","floor":3},{"not_picked":["Bane","Acrobatics","Prepared"],"picked":"SKIP","floor":5},{"not_picked":["Finisher","Sucker Punch"],"picked":"Leg Sweep","floor":6},{"not_picked":["Backstab","Backflip"],"picked":"Envenom","floor":13},{"not_picked":["Dagger Throw","Backflip","Expertise"],"picked":"SKIP","floor":14},{"not_picked":["Die Die Die","Venomology"],"picked":"After Image","floor":16},{"not_picked":["Cloak And Dagger"],"picked":"SKIP","floor":18},{"not_picked":["Acrobatics"],"picked":"SKIP","floor":22},{"not_picked":["Backflip"],"picked":"SKIP","floor":24},{"not_picked":["Calculated Gamble"],"picked":"SKIP","floor":25},{"not_picked":["Deadly Poison"],"picked":"SKIP","floor":27},{"not_picked":["Well Laid Plans"],"picked":"SKIP","floor":29},{"not_picked":["Flying Knee"],"picked":"SKIP","floor":31}],"player_experience":1700561,"relics_obtained":[{"floor":6,"key":"Ninja Scroll"},{"floor":6,"key":"Tiny Chest"},{"floor":9,"key":"Vajra"},{"floor":12,"key":"MawBank"},{"floor":13,"key":"CeramicFish"},{"floor":13,"key":"Strawberry"},{"floor":19,"key":"Centennial Puzzle"},{"floor":24,"key":"Omamori"},{"floor":24,"key":"PreservedInsect"},{"floor":26,"key":"InkBottle"},{"floor":28,"key":"Regal Pillow"}],"event_choices":[{"damage_healed":0,"gold_gain":0,"player_choice":"Upgraded","damage_taken":0,"max_hp_gain":0,"max_hp_loss":0,"event_name":"Upgrade Shrine","floor":4,"gold_loss":0,"cards_upgraded":["Skewer"]},{"damage_healed":0,"gold_gain":75,"player_choice":"Gather Gold","damage_taken":11,"max_hp_gain":0,"max_hp_loss":0,"event_name":"World of Goop","floor":7,"gold_loss":0},{"cards_removed":["Strike_G"],"damage_healed":0,"gold_gain":0,"player_choice":"Forget","damage_taken":0,"max_hp_gain":0,"max_hp_loss":0,"event_name":"Living Wall","floor":11,"gold_loss":0},{"damage_healed":0,"gold_gain":0,"player_choice":"Ignored","damage_taken":0,"max_hp_gain":0,"max_hp_loss":0,"event_name":"Vampires","floor":20,"gold_loss":0},{"damage_healed":0,"gold_gain":0,"player_choice":"Ignored","damage_taken":0,"max_hp_gain":0,"max_hp_loss":0,"event_name":"Ghosts","floor":21,"gold_loss":0}],"is_beta":true,"boss_relics":[{"not_picked":["Coffee Dripper","HoveringKite"],"picked":"Busted Crown"}],"items_purged_floors":[],"is_endless":false,"potions_floor_spawned":[1,3,6,14,18,22,24,27],"killed_by":"Automaton","ascension_level":20}}