{"host":"8cqz7u612ax6p4mk","time":1613183730,"event":{"mods":["AchievementEnabler","BaseMod","Bestiary","DeckTracker","Minty Spire (QoL Compilation)","Relic Stats","The Servant 0.9.4"],"gold_per_floor":[117,117,134,134,309,344,66,124,147,159,188,200,243,273,285,402,414,439,451,481,493,521,575,610,622,658,595,643,677,689,715,727,842,854,885,681,698,711,740,740,771,771,771],"floor_reached":42,"language":"ENG","playtime":4711,"items_purged":["Doubt","Strike_S"],"score":500,"play_id":"37190bd5-a937-49ce-8b19-a2011edcc1d6","local_time":"20210212213530","is_ascension_mode":false,"campfire_choices":[{"data":"Foresight","floor":12,"key":"SMITH"},{"floor":15,"key":"REST"},{"data":"Revamp","floor":25,"key":"SMITH"},{"floor":32,"key":"REST"},{"data":"Potential","floor":40,"key":"SMITH"}],"circlet_count":0,"master_deck":["Strike_S+1","Defend_S","Defend_S","Defend_S+1","KidneyShot","Exchange","Ricochet","Potential+1","ShatteredReality","Rearm","Foresight+1","Potential","Revamp+1","Initiator","BottledTime","TimeWarp","BottledTime","Replace+1","Contraction","SurpressingFire","Sabotage","Comet+1","Parasite","Deny"],"relics":["Uniform","NeowsBlessing","Mercury Hourglass","Orichalcum","Matryoshka","MawBank","Regal Pillow","Oddly Smooth Stone","SacredBark","Kunai","Gambling Chip","CeramicFish","Lantern","Bird Faced Urn","Philosopher\u0027s Stone","Membership Card"],"acts_visited":["Exordium","TheCity","TheBeyond"],"potions_floor_usage":[18,20],"damage_taken":[{"damage":0,"enemies":"Jaw Worm","floor":1,"turns":1},{"damage":0,"enemies":"Small Slimes","floor":3,"turns":1},{"damage":0,"enemies":"Gremlin Nob","floor":6,"turns":1},{"damage":0,"enemies":"Gremlin Nob","floor":8,"turns":3},{"damage":0,"enemies":"2 Louse","floor":11,"turns":1},{"damage":10,"enemies":"Lagavulin","floor":13,"turns":7},{"damage":7,"enemies":"2 Fungi Beasts","floor":14,"turns":3},{"damage":24,"enemies":"Hexaghost","floor":16,"turns":11},{"damage":1,"enemies":"2 Thieves","floor":18,"turns":3},{"damage":2,"enemies":"Shell Parasite","floor":20,"turns":3},{"damage":4,"enemies":"3 Cultists","floor":22,"turns":4},{"damage":20,"enemies":"Book of Stabbing","floor":23,"turns":6},{"damage":8,"enemies":"Snecko","floor":24,"turns":6},{"damage":14,"enemies":"Slavers","floor":28,"turns":3},{"damage":0,"enemies":"Centurion and Healer","floor":29,"turns":4},{"damage":0,"enemies":"Snake Plant","floor":31,"turns":4},{"damage":28,"enemies":"Automaton","floor":33,"turns":9},{"damage":10,"enemies":"Orb Walker","floor":35,"turns":2},{"damage":11,"enemies":"3 Shapes","floor":37,"turns":4},{"damage":9,"enemies":"3 Darklings","floor":38,"turns":3},{"damage":9,"enemies":"Transient","floor":39,"turns":5},{"damage":0,"enemies":"Writhing Mass","floor":41,"turns":6},{"damage":46,"enemies":"Nemesis","floor":42,"turns":6}],"seed_played":"5073906075036163391","potions_obtained":[{"floor":6,"key":"Energy Potion"},{"floor":8,"key":"Block Potion"},{"floor":11,"key":"SkillPotion"},{"floor":18,"key":"Strength Potion"},{"floor":23,"key":"LiquidBronze"},{"floor":29,"key":"Ancient Potion"},{"floor":31,"key":"DuplicationPotion"}],"is_trial":false,"path_per_floor":["M","?","M","?","?","E","$","?","T","$","M","R","E","M","R","B",null,"M","?","M","T","M","E","M","R","T","?","E","M","?","M","R","B",null,"M","$","M","M","M","R","M","E"],"character_chosen":"THE_SERVANT","items_purchased":["Rearm","Orichalcum","Membership Card","Sabotage"],"campfire_rested":2,"item_purchase_floors":[7,7,36,36],"current_hp_per_floor":[65,58,58,45,45,45,45,45,45,45,45,45,35,28,62,38,65,64,64,62,62,58,38,30,30,30,30,16,18,18,22,56,30,65,55,55,48,43,38,38,42,0,0],"gold":771,"neow_bonus":"THREE_ENEMY_KILL","is_daily":false,"chose_seed":false,"campfire_upgraded":3,"win_rate":0.0,"timestamp":1613183730,"path_taken":["M","?","M","?","?","E","$","?","T","?","?","R","E","M","R","BOSS","M","?","M","?","M","E","M","R","T","?","E","M","?","M","R","BOSS","M","$","M","M","M","R","M","E"],"items_purchased_type":["Card","Relic","Relic","Card"],"build_version":"2020-12-22","purchased_purges":2,"victory":false,"max_hp_per_floor":[65,65,65,65,65,65,65,65,65,65,65,65,65,65,65,65,65,65,65,65,65,65,65,65,65,65,65,65,65,65,65,65,65,65,65,65,65,65,65,65,65,65,65],"relic_stats":{"Regal Pillow":30,"counters":[23,93],"Gambling Chip":[38],"CeramicFish":72,"Bird Faced Urn":[26],"Kunai":[38],"Orichalcum":[210],"MawBank":324,"obtain_stats":[{"Regal Pillow":9,"Lantern":26,"NeowsBlessing":0,"SacredBark":17,"CeramicFish":23,"Oddly Smooth Stone":13,"Uniform":0,"Orichalcum":7,"MawBank":9,"Mercury Hourglass":6,"Matryoshka":8,"Gambling Chip":21,"Bird Faced Urn":28,"Philosopher\u0027s Stone":34,"Kunai":21,"Membership Card":36},{"Regal Pillow":4,"Lantern":13,"NeowsBlessing":0,"SacredBark":8,"CeramicFish":12,"Oddly Smooth Stone":6,"Uniform":0,"Orichalcum":3,"MawBank":4,"Mercury Hourglass":3,"Matryoshka":4,"Gambling Chip":10,"Bird Faced Urn":14,"Philosopher\u0027s Stone":17,"Kunai":10,"Membership Card":18},{"Regal Pillow":6,"Lantern":47,"NeowsBlessing":0,"SacredBark":26,"CeramicFish":41,"Oddly Smooth Stone":13,"Uniform":0,"Orichalcum":3,"MawBank":6,"Mercury Hourglass":3,"Matryoshka":6,"Gambling Chip":32,"Bird Faced Urn":50,"Philosopher\u0027s Stone":67,"Kunai":32,"Membership Card":69}],"Mercury Hourglass":[314]},"card_choices":[{"not_picked":["Alleviate","BestPractice"],"picked":"Ricochet","floor":1},{"not_picked":["Advance","Alleviate"],"picked":"Potential","floor":3},{"not_picked":["Contraction","Rewind"],"picked":"ShatteredReality","floor":6},{"not_picked":["TimeWarp","BottledTime"],"picked":"Foresight","floor":8},{"not_picked":["Starlight","DoubleEdge"],"picked":"Potential","floor":11},{"not_picked":["Ricochet","Defy"],"picked":"Revamp","floor":13},{"not_picked":["MurderousAura","Ricochet","BestPractice"],"picked":"SKIP","floor":14},{"not_picked":["LightFlow","Solidify"],"picked":"Initiator","floor":16},{"not_picked":["Potential","Revamp"],"picked":"BottledTime","floor":18},{"not_picked":["MoonPhase","Starlight","Shuttle+1"],"picked":"SKIP","floor":20},{"not_picked":["Potential","FanOfKnives"],"picked":"TimeWarp","floor":22},{"not_picked":["ShatteredReality","Defy"],"picked":"BottledTime","floor":23},{"not_picked":["GearUp","Starlight"],"picked":"Replace+1","floor":24},{"not_picked":["Reset+1","ShatteredReality+1"],"picked":"Contraction","floor":28},{"not_picked":["LightFlow","FastForward"],"picked":"SurpressingFire","floor":29},{"not_picked":["TimeWarp","Rearm","Spin"],"picked":"SKIP","floor":31},{"not_picked":["SpecialFormula","Starlight","Alleviate+1"],"picked":"SKIP","floor":35},{"not_picked":["ReturningBlade+1","TimeWarp","FastForward+1"],"picked":"SKIP","floor":37},{"not_picked":["Revamp+1","Contraction+1","Replace"],"picked":"SKIP","floor":38},{"not_picked":["Defy+1","TimeWarp+1"],"picked":"Comet+1","floor":39},{"not_picked":["Shuttle+1","Read"],"picked":"Deny","floor":41}],"player_experience":165966,"relics_obtained":[{"floor":6,"key":"Mercury Hourglass"},{"floor":8,"key":"Matryoshka"},{"floor":9,"key":"MawBank"},{"floor":9,"key":"Regal Pillow"},{"floor":13,"key":"Oddly Smooth Stone"},{"floor":21,"key":"Kunai"},{"floor":21,"key":"Gambling Chip"},{"floor":23,"key":"CeramicFish"},{"floor":26,"key":"Lantern"},{"floor":28,"key":"Bird Faced Urn"}],"event_choices":[{"cards_removed":["Strike_S"],"damage_healed":0,"gold_gain":0,"player_choice":"Card Removal","damage_taken":7,"max_hp_gain":0,"max_hp_loss":0,"event_name":"Golden Wing","floor":2,"gold_loss":0},{"damage_healed":0,"gold_gain":0,"player_choice":"Entered Light","damage_taken":13,"max_hp_gain":0,"max_hp_loss":0,"event_name":"Shining Light","floor":4,"gold_loss":0,"cards_upgraded":["Strike_S","Defend_S"]},{"damage_healed":0,"gold_gain":175,"player_choice":"AGREE","damage_taken":0,"max_hp_gain":0,"max_hp_loss":0,"event_name":"Liars Game","floor":5,"gold_loss":0,"cards_obtained":["Doubt"]},{"damage_healed":0,"gold_gain":0,"player_choice":"Searched \u00272\u0027 times","damage_taken":0,"max_hp_gain":0,"max_hp_loss":0,"event_name":"Dead Adventurer","floor":8,"gold_loss":0},{"cards_removed":["Strike_S"],"damage_healed":0,"gold_gain":0,"player_choice":"Elegance","damage_taken":0,"max_hp_gain":0,"max_hp_loss":0,"event_name":"Back to Basics","floor":19,"gold_loss":0},{"cards_removed":["Defend_S"],"damage_healed":0,"gold_gain":0,"player_choice":"Gave Gold","damage_taken":0,"max_hp_gain":0,"max_hp_loss":0,"event_name":"Beggar","floor":27,"gold_loss":75},{"damage_healed":0,"gold_gain":0,"player_choice":"Ignored","damage_taken":0,"max_hp_gain":0,"max_hp_loss":0,"event_name":"Cursed Tome","floor":30,"gold_loss":0}],"is_beta":false,"boss_relics":[{"not_picked":["Cursed Key","SlaversCollar"],"picked":"SacredBark"},{"not_picked":["Sozu","MysterySword"],"picked":"Philosopher\u0027s Stone"}],"items_purged_floors":[7,36],"is_endless":false,"potions_floor_spawned":[6,8,11,18,23,29,31,33,38,41],"killed_by":"Nemesis","ascension_level":0}}