{"host":"mvy2rmdvyttjfm6x","time":1613237196,"event":{"mods":["AchievementEnabler","BaseMod","Keyboard Shortcuts","Lobotomy","Minty Spire (QoL Compilation)","Quick Restart","StSLib"],"gold_per_floor":[119,139,151,164,239,269,194,207,289,289,306,323,342,91,91,91,91],"floor_reached":16,"language":"KOR","playtime":753,"items_purged":["Strike_R"],"score":106,"play_id":"9c072c03-df26-4162-8d50-bb153dc8f22a","local_time":"20210214022636","is_ascension_mode":false,"campfire_choices":[{"data":"Pommel Strike","floor":10,"key":"SMITH"},{"floor":15,"key":"REST"}],"circlet_count":0,"master_deck":["Strike_R","Strike_R","Strike_R","Strike_R","Defend_R","Defend_R","Defend_R","Defend_R","Bash","OldLady","Burning Pact","Wellcheers","Pommel Strike","Scorched","Power Through","Pommel Strike+1","Blood for Blood","BeautyBeast","PlagueDoctor","MHz","Shockwave","FairyFestival"],"relics":["Burning Blood","CogitoBucket","Juzu Bracelet","BehaviorAdjustment","Ornamental Fan","Toxic Egg 2"],"acts_visited":["Exordium"],"potions_floor_usage":[13,13,16],"damage_taken":[{"damage":7.0,"enemies":"Small Slimes","floor":1.0,"turns":4.0},{"damage":5.0,"enemies":"Cultist","floor":2.0,"turns":4.0},{"damage":5.0,"enemies":"2 Louse","floor":3.0,"turns":2.0},{"damage":5.0,"enemies":"Exordium Thugs","floor":4.0,"turns":2.0},{"damage":17,"enemies":"3 Sentries","floor":6,"turns":4},{"damage":9,"enemies":"Blue Slaver","floor":8,"turns":2},{"damage":13,"enemies":"Red Slaver","floor":11,"turns":3},{"damage":0,"enemies":"Large Slime","floor":12,"turns":4},{"damage":58,"enemies":"Exordium Thugs","floor":13,"turns":4},{"damage":41,"enemies":"The Guardian","floor":16,"turns":10}],"seed_played":"-4701019723083333211","potions_obtained":[{"floor":2.0,"key":"Block Potion"},{"floor":4.0,"key":"ElixirPotion"},{"floor":6,"key":"LiquidMemories"}],"is_trial":false,"path_per_floor":["M","M","M","M","?","E","$","M","T","R","M","M","M","$","R","B"],"character_chosen":"IRONCLAD","items_purchased":["Toxic Egg 2"],"campfire_rested":1,"item_purchase_floors":[14],"current_hp_per_floor":[79,80,80,80,72,61,61,58,58,58,51,60,12,12,36,0,0],"gold":91,"neow_bonus":"","is_daily":false,"chose_seed":false,"campfire_upgraded":1,"win_rate":0.0,"timestamp":1613237196,"path_taken":["M","M","M","M","?","E","$","M","T","R","M","M","M","$","R","BOSS"],"items_purchased_type":["Relic"],"build_version":"2020-12-22","purchased_purges":1,"victory":false,"max_hp_per_floor":[80,80,80,80,80,80,80,80,80,80,80,80,80,80,80,80,80],"card_choices":[{"not_picked":["Woodsman","MHz"],"picked":"OldLady","floor":1.0},{"not_picked":["Flex","Battle Trance"],"picked":"Burning Pact","floor":1.0},{"not_picked":["PunishingBird","Bloodbath"],"picked":"Wellcheers","floor":2.0},{"not_picked":["Thunderclap","Body Slam"],"picked":"Pommel Strike","floor":2.0},{"not_picked":["QueenBee","QueenOfHatred"],"picked":"Scorched","floor":3.0},{"not_picked":["Anger","Whirlwind"],"picked":"Power Through","floor":3.0},{"not_picked":["Woodsman","CrumblingArmor"],"picked":"Yin","floor":4.0},{"not_picked":["Rage","Sentinel"],"picked":"Pommel Strike","floor":4.0},{"not_picked":["Headbutt","Reckless Charge"],"picked":"Blood for Blood","floor":6},{"not_picked":["Mercenary","Freischutz"],"picked":"BeautyBeast","floor":8},{"not_picked":["Burning Pact","Clash","Body Slam"],"picked":"SKIP","floor":8},{"not_picked":["ShyLook","SpiderBud"],"picked":"PlagueDoctor","floor":11},{"not_picked":["Sword Boomerang","Headbutt","Cleave"],"picked":"SKIP","floor":11},{"not_picked":["Woodsman","MeatLantern"],"picked":"MHz","floor":12},{"not_picked":["Carnage","Sentinel"],"picked":"Shockwave","floor":12},{"not_picked":["Rudolta","UniverseFragment"],"picked":"FairyFestival","floor":13},{"not_picked":["Sword Boomerang","Anger","Berserk"],"picked":"SKIP","floor":13}],"player_experience":113175,"relics_obtained":[{"floor":6,"key":"Juzu Bracelet"},{"floor":9,"key":"Ornamental Fan"}],"event_choices":[{"damage_healed":0,"gold_gain":75,"player_choice":"Touch","damage_taken":8,"max_hp_gain":0,"max_hp_loss":0,"event_name":"FaceTrader","floor":5,"gold_loss":0}],"is_beta":false,"boss_relics":[],"items_purged_floors":[7],"is_endless":false,"potions_floor_spawned":[2,4,6],"killed_by":"The Guardian","ascension_level":0}}