{"host":"rb2p2z6v6vieend5","time":1613250472,"event":{"mods":["BaseMod","Block Reminder","Colored Map","DeckTracker","Highlight Path","Minty Spire (QoL Compilation)","Random Character Button","Relic Stats"],"gold_per_floor":[115,161,171,186,197,197,224,224,224,224,235,160,160,174,174,270,270,289,44,44,44,44,44,49,60,87,100,100,100],"floor_reached":28,"language":"ENG","playtime":929,"items_purged":["Strike_B","Strike_B"],"score":365,"play_id":"b3d93c34-b8e5-49d2-9904-fe2e7bc528ce","local_time":"20210213220752","is_ascension_mode":true,"campfire_choices":[{"data":"Zap","floor":6,"key":"SMITH"},{"data":"Defragment","floor":8,"key":"SMITH"},{"data":"Go for the Eyes","floor":13,"key":"SMITH"},{"floor":15,"key":"REST"},{"data":"Creative AI","floor":23,"key":"SMITH"}],"circlet_count":0,"master_deck":["Defend_B","Defend_B","Defend_B","Defend_B","Zap+1","Dualcast+1","Echo Form","Coolheaded","Self Repair","Gash","Gash","Defragment+1","Go for the Eyes+1","White Noise","Creative AI+1","Leap"],"relics":["Cracked Core","Vajra","Darkstone Periapt","Incense Burner","Inserter","Runic Capacitor","DataDisk"],"acts_visited":["Exordium","TheCity"],"potions_floor_usage":[27,27,27,27,27],"damage_taken":[{"damage":1,"enemies":"Cultist","floor":1,"turns":4},{"damage":0,"enemies":"Small Slimes","floor":3,"turns":3},{"damage":0,"enemies":"2 Louse","floor":4,"turns":2},{"damage":16,"enemies":"Large Slime","floor":5,"turns":6},{"damage":32,"enemies":"Gremlin Nob","floor":7,"turns":4},{"damage":9,"enemies":"Red Slaver","floor":11,"turns":3},{"damage":10,"enemies":"2 Fungi Beasts","floor":14,"turns":3},{"damage":0,"enemies":"Slime Boss","floor":16,"turns":4},{"damage":10,"enemies":"Shell Parasite","floor":18,"turns":5},{"damage":30,"enemies":"2 Thieves","floor":24,"turns":4},{"damage":29,"enemies":"Sentry and Sphere","floor":25,"turns":4},{"damage":5,"enemies":"Snecko","floor":27,"turns":4},{"damage":15,"enemies":"Snake Plant","floor":28,"turns":2}],"seed_played":"-665351241801537701","potions_obtained":[{"floor":4,"key":"SteroidPotion"},{"floor":5,"key":"EntropicBrew"},{"floor":7,"key":"PowerPotion"}],"is_trial":false,"path_per_floor":["M","T","M","M","M","R","E","R","T","?","M","$","R","M","R","B",null,"M","$","?","?","?","R","M","M","T","M","M"],"character_chosen":"DEFECT","items_purchased":["Runic Capacitor"],"campfire_rested":1,"item_purchase_floors":[19],"current_hp_per_floor":[49,49,49,49,47,47,29,29,29,29,27,27,27,24,46,53,70,74,74,74,60,60,60,37,8,8,10,0,0],"gold":100,"neow_bonus":"THREE_RARE_CARDS","is_daily":false,"chose_seed":false,"campfire_upgraded":4,"win_rate":0.0,"timestamp":1613250472,"path_taken":["M","?","M","?","M","R","E","R","T","?","M","$","R","?","R","BOSS","M","$","?","?","?","R","M","M","T","?","?"],"items_purchased_type":["Relic"],"build_version":"2020-12-22","purchased_purges":2,"victory":false,"max_hp_per_floor":[75,75,75,75,75,75,75,75,75,75,75,75,75,75,75,75,75,75,75,75,80,80,80,80,80,80,80,80,80],"relic_stats":{"Darkstone Periapt":0,"Inserter":[9],"counters":[13,48],"obtain_stats":[{"Darkstone Periapt":7,"DataDisk":26,"Inserter":17,"Vajra":2,"Incense Burner":9,"Runic Capacitor":19,"Cracked Core":0},{"Darkstone Periapt":5,"DataDisk":11,"Inserter":8,"Vajra":1,"Incense Burner":5,"Runic Capacitor":9,"Cracked Core":0},{"Darkstone Periapt":19,"DataDisk":42,"Inserter":29,"Vajra":4,"Incense Burner":19,"Runic Capacitor":34,"Cracked Core":0}]},"card_choices":[{"not_picked":["Rainbow","Machine Learning"],"picked":"Echo Form","floor":0},{"not_picked":["Rip and Tear","Cold Snap"],"picked":"Coolheaded","floor":1},{"not_picked":["Redo","Capacitor"],"picked":"Self Repair","floor":3},{"not_picked":["Auto Shields","Barrage"],"picked":"Gash","floor":4},{"not_picked":["Auto Shields","Steam Power"],"picked":"Gash","floor":5},{"not_picked":["Self Repair","Hologram"],"picked":"Defragment","floor":7},{"not_picked":["Ball Lightning","Stack"],"picked":"Go for the Eyes","floor":11},{"not_picked":["Recycle","Ball Lightning"],"picked":"White Noise","floor":14},{"not_picked":["Buffer","Meteor Strike"],"picked":"Creative AI","floor":16},{"not_picked":["Leap","Turbo+1","Fusion+1"],"picked":"SKIP","floor":18},{"not_picked":["Ball Lightning","Stack+1","Double Energy"],"picked":"SKIP","floor":24},{"not_picked":["Go for the Eyes+1","Steam Power","Steam"],"picked":"SKIP","floor":25},{"not_picked":["Compile Driver+1","Fusion"],"picked":"Leap","floor":27}],"player_experience":737428,"relics_obtained":[{"floor":2,"key":"Vajra"},{"floor":7,"key":"Darkstone Periapt"},{"floor":9,"key":"Incense Burner"},{"floor":26,"key":"DataDisk"}],"event_choices":[{"damage_healed":0,"gold_gain":0,"player_choice":"Upgraded","damage_taken":0,"max_hp_gain":0,"max_hp_loss":0,"event_name":"Upgrade Shrine","floor":10,"gold_loss":0,"cards_upgraded":["Dualcast"]},{"cards_removed":["Strike_B"],"damage_healed":0,"gold_gain":0,"player_choice":"Elegance","damage_taken":0,"max_hp_gain":0,"max_hp_loss":0,"event_name":"Back to Basics","floor":20,"gold_loss":0},{"damage_healed":0,"gold_gain":0,"player_choice":"Shed Blood","damage_taken":19,"max_hp_gain":5,"max_hp_loss":0,"event_name":"Forgotten Altar","floor":21,"gold_loss":0},{"cards_removed":["Strike_B"],"damage_healed":0,"gold_gain":0,"player_choice":"Offered Basic","damage_taken":0,"max_hp_gain":0,"max_hp_loss":0,"event_name":"Bonfire Elementals","floor":22,"gold_loss":0}],"is_beta":false,"boss_relics":[{"not_picked":["SlaversCollar","Astrolabe"],"picked":"Inserter"}],"items_purged_floors":[12,19],"is_endless":false,"potions_floor_spawned":[4,5,7,16,25],"killed_by":"Snake Plant","ascension_level":7}}