{"host":"q2j4ef1ti78v4imq","time":1613212166,"event":{"mods":["AchievementEnabler","BaseMod","Better Altar","Better Match","Better Note","Better Sensory Stone","Better Skull","Better Third Choice","Block Reminder","Hermit","Minty Spire (QoL Compilation)","Relic Stats","Replay The Spire","Shade Mod","StSLib"],"gold_per_floor":[117,117,192,208,208,208,208,208],"floor_reached":7,"language":"ENG","playtime":232,"items_purged":[],"score":74,"play_id":"b1ee9ac7-255a-4f26-a675-b100963bb30b","local_time":"20210213102926","is_ascension_mode":true,"campfire_choices":[{"data":"Bash","floor":6,"key":"SMITH"}],"circlet_count":0,"master_deck":["AscendersBane","Strike_R","Strike_R","Strike_R","Strike_R","Strike_R","Defend_R","Defend_R","Defend_R","Defend_R","Bash+1","Defend_G","hermit:Defend_Hermit","Berserk+1","Twin Strike","ReplayTheSpireMod:Muscle Training"],"relics":["Burning Blood","Peace Pipe"],"acts_visited":["Exordium"],"potions_floor_usage":[],"damage_taken":[{"damage":13,"enemies":"Small Slimes","floor":1,"turns":6},{"damage":1,"enemies":"2 Louse","floor":4,"turns":3},{"damage":47,"enemies":"3 Sentries","floor":7,"turns":9}],"seed_played":"-7569763373042350947","potions_obtained":[],"is_trial":false,"path_per_floor":["M","?","?","M","?","R","E"],"character_chosen":"IRONCLAD","items_purchased":[],"campfire_rested":0,"item_purchase_floors":[],"current_hp_per_floor":[61,61,50,55,44,44,0,0],"gold":208,"neow_bonus":"THREE_RARE_CARDS","is_daily":false,"chose_seed":false,"campfire_upgraded":1,"win_rate":0.0,"timestamp":1613212166,"path_taken":["M","?","?","M","?","R","E"],"items_purchased_type":[],"build_version":"2020-12-22","purchased_purges":0,"victory":false,"max_hp_per_floor":[75,75,75,75,75,75,75,75],"relic_stats":{"Peace Pipe":0,"counters":[3,18],"obtain_stats":[{"Peace Pipe":5,"Burning Blood":0},{"Peace Pipe":2,"Burning Blood":0},{"Peace Pipe":9,"Burning Blood":0}],"Burning Blood":12},"card_choices":[{"not_picked":["Bludgeon","Exhume"],"picked":"Berserk","floor":0},{"not_picked":["Reckless Charge","Wild Strike"],"picked":"Twin Strike","floor":1},{"not_picked":["Twin Strike","True Grit"],"picked":"ReplayTheSpireMod:Muscle Training","floor":4}],"player_experience":871919,"relics_obtained":[],"event_choices":[{"damage_healed":0,"gold_gain":0,"player_choice":"Grow","damage_taken":0,"max_hp_gain":0,"max_hp_loss":0,"event_name":"Living Wall","floor":2,"gold_loss":0,"cards_upgraded":["Berserk"]},{"damage_healed":0,"gold_gain":75,"player_choice":"Gold","damage_taken":11,"max_hp_gain":0,"max_hp_loss":0,"event_name":"betterThird:BetterGoop","floor":3,"gold_loss":0},{"damage_healed":0,"gold_gain":0,"player_choice":"Relic ","damage_taken":11,"max_hp_gain":0,"max_hp_loss":0,"event_name":"betterThird:BetterScrap","floor":5,"gold_loss":0,"cards_obtained":["All Out Attack"]}],"is_beta":false,"boss_relics":[],"items_purged_floors":[],"is_endless":false,"potions_floor_spawned":[],"killed_by":"3 Sentries","ascension_level":18}}