{"host":"szp1d6dso4pv7ddl","time":1613240174,"event":{"mods":["AchievementEnabler","Alarm Clock","BaseMod","Bestiary","Block Reminder","Colored Map","Colored Powertips","Curses Come First","Dark Map","Displayed Cursed Tome","Highlight Path","Minty Spire (QoL Compilation)","Permanent Neow","Quick Restart","Relic Sorter","Relic Stats","StSLib","Synergy Search"],"gold_per_floor":[111,111,126,48,61,61,87,87,87,87,107,107,167,184,184,261,261,273,63,63,80,80,114,114,11,61,2,20,34,50,70,70,144,144,160,160,185,197,197,197,197,197,197,232,232,1,11,11,11,11,11],"floor_reached":50,"language":"ENG","playtime":3068,"items_purged":["Strike_G","Writhe","Strike_G"],"score":1076,"play_id":"0fa0e802-663f-4d46-8db1-9e9bb2e8bd57","local_time":"20210213101614","is_ascension_mode":true,"campfire_choices":[{"data":"Blade Dance","floor":6.0,"key":"SMITH"},{"data":"Neutralize","floor":10.0,"key":"SMITH"},{"floor":12,"key":"REST"},{"data":"Accuracy","floor":15,"key":"SMITH"},{"data":"Cloak And Dagger","floor":24,"key":"SMITH"},{"data":"Phantasmal Killer","floor":32,"key":"SMITH"},{"data":"Phantasmal Killer","floor":40,"key":"SMITH"},{"data":"Calculated Gamble","floor":42,"key":"SMITH"},{"floor":49,"key":"RECALL"}],"circlet_count":0,"master_deck":["AscendersBane","Strike_G","Defend_G","Defend_G","Defend_G","Defend_G","Defend_G","Survivor","Neutralize+1","Dagger Throw","Malaise","Blade Dance+1","Accuracy+1","Terror","Dagger Throw","Blade Dance","Noxious Fumes","Die Die Die","Dodge and Roll","Infinite Blades","Slice","Backflip","Infinite Blades","Cloak And Dagger+1","Cloak And Dagger","Blur","Calculated Gamble+1","Phantasmal Killer+1","Acrobatics","Phantasmal Killer+1","Backstab+1","Slice","Prepared","Dramatic Entrance","Dark Shackles","Endless Agony","Well Laid Plans","Prepared","Prepared"],"relics":["Ring of the Serpent","NeowsBlessing","Question Card","InkBottle","Tiny Chest","Smiling Mask","WristBlade","Meat on the Bone","Pantograph","Eternal Feather","Darkstone Periapt","Bird Faced Urn","Boot","Blue Candle","Bottled Lightning"],"acts_visited":["Exordium","TheCity","TheBeyond"],"potions_floor_usage":[13,21,23,29,29,33,37,38,44,50],"damage_taken":[{"damage":0.0,"enemies":"2 Louse","floor":1.0,"turns":1.0},{"damage":0.0,"enemies":"Cultist","floor":3.0,"turns":1.0},{"damage":0.0,"enemies":"Jaw Worm","floor":5.0,"turns":1.0},{"damage":8.0,"enemies":"Gremlin Nob","floor":7.0,"turns":3.0},{"damage":13,"enemies":"Blue Slaver","floor":11,"turns":2},{"damage":31,"enemies":"3 Sentries","floor":13,"turns":9},{"damage":12,"enemies":"Exordium Wildlife","floor":14,"turns":2},{"damage":12,"enemies":"Slime Boss","floor":16,"turns":7},{"damage":7,"enemies":"Chosen","floor":18,"turns":4},{"damage":0,"enemies":"Shell Parasite","floor":21,"turns":1},{"damage":37,"enemies":"Book of Stabbing","floor":23,"turns":5},{"damage":13,"enemies":"Centurion and Healer","floor":28,"turns":3},{"damage":20,"enemies":"Snecko","floor":29,"turns":6},{"damage":1,"enemies":"3 Cultists","floor":30,"turns":3},{"damage":12,"enemies":"Centurion and Healer","floor":31,"turns":3},{"damage":16,"enemies":"Champ","floor":33,"turns":8},{"damage":32,"enemies":"3 Darklings","floor":35,"turns":6},{"damage":4,"enemies":"Mind Bloom Boss Battle","floor":37,"turns":6},{"damage":1,"enemies":"Orb Walker","floor":38,"turns":2},{"damage":0,"enemies":"Giant Head","floor":44,"turns":4},{"damage":34,"enemies":"Sphere and 2 Shapes","floor":47,"turns":4},{"damage":71,"enemies":"Awakened One","floor":50,"turns":6}],"seed_played":"-5907110356365492603","potions_obtained":[{"floor":3.0,"key":"Weak Potion"},{"floor":7.0,"key":"Regen Potion"},{"floor":13,"key":"DistilledChaos"},{"floor":21,"key":"Ancient Potion"},{"floor":28,"key":"Regen Potion"},{"floor":30,"key":"Strength Potion"},{"floor":31,"key":"SpeedPotion"},{"floor":35,"key":"SneckoOil"},{"floor":38,"key":"LiquidMemories"},{"floor":44,"key":"Ancient Potion"}],"is_trial":false,"path_per_floor":["M","?","M","$","M","R","E","T","T","R","M","R","?","M","R","B",null,"M","$","?","M","T","E","R","$","T","$","M","M","M","M","R","B",null,"M","T","?","M","?","R","?","R","T","E","T","$","M","$","R","B"],"character_chosen":"THE_SILENT","items_purchased":["Accuracy","Infinite Blades","Slice","Backflip","Block Potion","Cloak And Dagger","CunningPotion","Well Laid Plans","Prepared"],"campfire_rested":1,"item_purchase_floors":[4,19,19,19,25,27,46,46,46],"current_hp_per_floor":[59,59,59,59,59,59,51,51,51,51,38,57,41,29,29,17,54,47,47,47,47,47,22,37,37,37,37,36,43,42,42,60,50,62,42,42,62,63,63,66,56,66,66,66,66,66,44,44,65,0,0],"gold":11,"neow_bonus":"THREE_ENEMY_KILL","is_daily":false,"chose_seed":false,"campfire_upgraded":7,"win_rate":0.0,"timestamp":1613240174,"path_taken":["M","?","M","?","M","R","E","?","T","R","M","R","?","?","R","BOSS","M","$","?","M","?","E","R","?","T","?","M","M","?","M","R","BOSS","M","?","?","M","?","R","?","R","T","E","?","$","M","$","R","BOSS"],"items_purchased_type":["Card","Card","Card","Card","Potion","Card","Potion","Card","Card"],"build_version":"2020-12-22","purchased_purges":3,"victory":false,"max_hp_per_floor":[66,66,66,66,66,66,66,66,66,66,66,66,66,66,66,66,66,66,66,66,66,66,66,66,66,66,66,66,66,66,66,66,66,66,66,66,66,66,66,66,66,66,66,66,66,66,66,66,66,66,66],"relic_stats":{"Darkstone Periapt":0,"counters":[22,87],"Blue Candle":[0],"Eternal Feather":67,"Question Card":20,"Smiling Mask":150,"Boot":[4],"Pantograph":31,"Bird Faced Urn":[4],"Tiny Chest":3,"obtain_stats":[{"Darkstone Periapt":36,"NeowsBlessing":0,"Blue Candle":44,"Eternal Feather":23,"Question Card":7,"Smiling Mask":13,"Boot":43,"WristBlade":17,"Pantograph":22,"Bird Faced Urn":37,"Tiny Chest":9,"Bottled Lightning":45,"InkBottle":8,"Ring of the Serpent":34,"Ring of the Snake":0,"Meat on the Bone":20},{"Darkstone Periapt":17,"NeowsBlessing":0,"Blue Candle":20,"Eternal Feather":11,"Question Card":4,"Smiling Mask":6,"Boot":19,"WristBlade":8,"Pantograph":10,"Bird Faced Urn":18,"Tiny Chest":4,"Bottled Lightning":20,"InkBottle":4,"Ring of the Serpent":16,"Ring of the Snake":0,"Meat on the Bone":9},{"Darkstone Periapt":65,"NeowsBlessing":0,"Blue Candle":77,"Eternal Feather":36,"Question Card":6,"Smiling Mask":17,"Boot":73,"WristBlade":26,"Pantograph":31,"Bird Faced Urn":71,"Tiny Chest":6,"Bottled Lightning":77,"InkBottle":6,"Ring of the Serpent":59,"Ring of the Snake":0,"Meat on the Bone":30}],"InkBottle":[40],"Meat on the Bone":72},"card_choices":[{"not_picked":["Backstab","PiercingWail"],"picked":"Dagger Throw","floor":1.0},{"not_picked":["Bane","Deflect"],"picked":"Blade Dance","floor":3.0},{"not_picked":["Dodge and Roll","Dash"],"picked":"Terror","floor":5.0},{"not_picked":["All Out Attack","Masterful Stab"],"picked":"Dagger Throw","floor":7.0},{"not_picked":["Underhanded Strike","Terror","Quick Slash","Outmaneuver"],"picked":"SKIP","floor":11},{"not_picked":["Calculated Gamble","Bouncing Flask","Poisoned Stab"],"picked":"Blade Dance","floor":13},{"not_picked":["Deflect","Setup","Masterful Stab"],"picked":"Noxious Fumes","floor":14},{"not_picked":["Unload","Venomology","Corpse Explosion"],"picked":"Die Die Die","floor":16},{"not_picked":["Terror","Caltrops","PiercingWail"],"picked":"Dodge and Roll","floor":18},{"not_picked":["Underhanded Strike","Dagger Spray","Outmaneuver"],"picked":"Infinite Blades","floor":21},{"not_picked":["Outmaneuver","Slice","Prepared"],"picked":"Cloak And Dagger","floor":23},{"not_picked":["Riddle With Holes","Poisoned Stab","Infinite Blades"],"picked":"Blur","floor":28},{"not_picked":["Sucker Punch+1","Predator","Concentrate"],"picked":"Calculated Gamble","floor":29},{"not_picked":["Expertise","PiercingWail","Backflip"],"picked":"Phantasmal Killer","floor":30},{"not_picked":["Blade Dance","PiercingWail","Distraction+1"],"picked":"Acrobatics","floor":31},{"not_picked":["Doppelganger","Venomology","Wraith Form v2"],"picked":"Phantasmal Killer","floor":33},{"not_picked":["Sucker Punch","Dodge and Roll+1","Cloak And Dagger"],"picked":"Backstab+1","floor":35},{"not_picked":["Caltrops","Reflex","PiercingWail"],"picked":"Slice","floor":37},{"not_picked":["Bullet Time","Deflect","Blade Dance"],"picked":"Prepared","floor":38},{"not_picked":["Trip","Enlightenment","Forethought"],"picked":"Dramatic Entrance","floor":41},{"not_picked":["Magnetism","Bandage Up","Sadistic Nature"],"picked":"Dark Shackles","floor":41},{"not_picked":["Outmaneuver","Deflect+1","Sucker Punch+1"],"picked":"Endless Agony","floor":44},{"not_picked":["Backflip","Unload","Dagger Throw+1"],"picked":"Prepared","floor":47}],"player_experience":1560588,"relics_obtained":[{"floor":7.0,"key":"Question Card"},{"floor":8.0,"key":"InkBottle"},{"floor":9.0,"key":"Tiny Chest"},{"floor":13,"key":"Smiling Mask"},{"floor":22,"key":"Pantograph"},{"floor":23,"key":"Eternal Feather"},{"floor":36,"key":"Darkstone Periapt"},{"floor":37,"key":"Bird Faced Urn"},{"floor":43,"key":"Boot"},{"floor":44,"key":"Blue Candle"},{"floor":45,"key":"Bottled Lightning"}],"event_choices":[{"damage_healed":0.0,"max_hp_gain":0.0,"max_hp_loss":0.0,"gold_gain":0.0,"cards_transformed":["Strike_G"],"event_name":"Transmorgrifier","player_choice":"Transformed","floor":2.0,"gold_loss":0.0,"damage_taken":0.0,"cards_obtained":["Malaise"]},{"damage_healed":0,"gold_gain":0,"player_choice":"Searched \u00271\u0027 times","damage_taken":0,"max_hp_gain":0,"max_hp_loss":0,"event_name":"Dead Adventurer","floor":13,"gold_loss":0},{"damage_healed":0,"gold_gain":0,"player_choice":"Opened","damage_taken":0,"relics_obtained":["Meat on the Bone"],"max_hp_gain":0,"max_hp_loss":0,"event_name":"The Mausoleum","floor":20,"gold_loss":0,"cards_obtained":["Writhe"]},{"damage_healed":0,"gold_gain":0,"player_choice":"Fight","damage_taken":0,"max_hp_gain":0,"max_hp_loss":0,"event_name":"MindBloom","floor":37,"gold_loss":0},{"cards_removed":["Strike_G"],"damage_healed":0,"gold_gain":0,"player_choice":"Removed Attack","damage_taken":0,"max_hp_gain":0,"max_hp_loss":0,"event_name":"Falling","floor":39,"gold_loss":0},{"damage_healed":0,"gold_gain":0,"player_choice":"Memory 3","damage_taken":10,"max_hp_gain":0,"max_hp_loss":0,"event_name":"SensoryStone","floor":41,"gold_loss":0}],"is_beta":false,"boss_relics":[{"not_picked":["Busted Crown","Black Star"],"picked":"WristBlade"},{"not_picked":["Velvet Choker","Pandora\u0027s Box"],"picked":"Ring of the Serpent"}],"items_purged_floors":[19,25,46],"is_endless":false,"potions_floor_spawned":[3,7,13,16,21,28,30,31,35,38,44,47],"killed_by":"Awakened One","ascension_level":20}}