{"host":"0mhttqdumuceah7q","time":1613237005,"event":{"mods":["AchievementEnabler","BaseMod","Colored Map","DeckTracker","Minty Spire (QoL Compilation)","Permanent Neow"],"gold_per_floor":[109,109,126,139,157,157,170,190,217,217,233,233,233],"floor_reached":12,"language":"KOR","playtime":489,"items_purged":[],"score":74,"play_id":"caf2dcca-55ad-43b3-90d4-c6b4a4deb6cc","local_time":"20210214022325","is_ascension_mode":false,"campfire_choices":[{"data":"Aggregate","floor":6,"key":"SMITH"}],"circlet_count":0,"master_deck":["Strike_B","Strike_B","Strike_B+1","Strike_B+1","Defend_B","Defend_B","Defend_B","Defend_B","Zap","Dualcast","Aggregate+1","Ball Lightning","Barrage","Conserve Battery","Compile Driver","Loop","Injury","Stack"],"relics":["Cracked Core","Vajra","Golden Idol"],"acts_visited":["Exordium"],"potions_floor_usage":[5,8,8],"damage_taken":[{"damage":10,"enemies":"Small Slimes","floor":1,"turns":3},{"damage":0,"enemies":"2 Louse","floor":3,"turns":2},{"damage":0,"enemies":"Cultist","floor":4,"turns":3},{"damage":4,"enemies":"3 Louse","floor":5,"turns":3},{"damage":11,"enemies":"Exordium Wildlife","floor":7,"turns":3},{"damage":13,"enemies":"Lots of Slimes","floor":8,"turns":3},{"damage":0,"enemies":"2 Fungi Beasts","floor":11,"turns":2},{"damage":24,"enemies":"Lagavulin","floor":12,"turns":4}],"seed_played":"6851542606221027792","potions_obtained":[{"floor":0,"key":"PowerPotion"},{"floor":0,"key":"FocusPotion"},{"floor":0,"key":"SneckoOil"},{"floor":8,"key":"LiquidBronze"}],"is_trial":false,"path_per_floor":["M","?","M","M","M","R","M","M","T","?","M","E"],"character_chosen":"DEFECT","items_purchased":[],"campfire_rested":0,"item_purchase_floors":[],"current_hp_per_floor":[65,50,50,50,46,46,35,22,22,22,22,0,0],"gold":233,"neow_bonus":"THREE_SMALL_POTIONS","is_daily":false,"chose_seed":false,"campfire_upgraded":1,"win_rate":0.0,"timestamp":1613237005,"path_taken":["M","?","M","M","M","R","M","M","T","?","M","E"],"items_purchased_type":[],"build_version":"2020-12-22","purchased_purges":0,"victory":false,"max_hp_per_floor":[75,75,75,75,75,75,75,75,75,75,75,75,75],"card_choices":[{"not_picked":["Go for the Eyes","Hologram"],"picked":"Aggregate","floor":1},{"not_picked":["Conserve Battery","Hologram"],"picked":"Ball Lightning","floor":3},{"not_picked":["Gash","Beam Cell"],"picked":"Barrage","floor":4},{"not_picked":["Gash","Cold Snap"],"picked":"Conserve Battery","floor":5},{"not_picked":["Gash","Beam Cell"],"picked":"Compile Driver","floor":7},{"not_picked":["Leap","Reinforced Body"],"picked":"Loop","floor":8},{"not_picked":["Defragment","Storm"],"picked":"Stack","floor":11}],"player_experience":53379,"relics_obtained":[{"floor":9,"key":"Vajra"}],"event_choices":[{"damage_healed":0,"gold_gain":0,"player_choice":"Entered Light","damage_taken":15,"max_hp_gain":0,"max_hp_loss":0,"event_name":"Shining Light","floor":2,"gold_loss":0,"cards_upgraded":["Strike_B","Strike_B"]},{"damage_healed":0,"gold_gain":0,"player_choice":"Take Wound","damage_taken":0,"relics_obtained":["Golden Idol"],"max_hp_gain":0,"max_hp_loss":0,"event_name":"Golden Idol","floor":10,"gold_loss":0,"cards_obtained":["Injury"]}],"is_beta":false,"boss_relics":[],"items_purged_floors":[],"is_endless":false,"potions_floor_spawned":[1,4,8],"killed_by":"Lagavulin","ascension_level":0}}