{"host":"dlqyscxstsnu98l1","time":1613237527,"event":{"mods":["AchievementEnabler","BaseMod","Colored Map","Colored Powertips","GifTheSpireLib","Highlight Path","Minty Spire (QoL Compilation)","Random Character Button","SacredBarkPlus","StSLib","everything is the same but u backflip on backflip"],"gold_per_floor":[117,117,117,172,55,55,99,99,123,163,179,198,229,304,304,432,432,450,474,498,498,522,522,558,576,576,576,73,113,10,19,19,151,151,174,203,536,213,213,213,213,213],"floor_reached":41,"language":"ENG","playtime":2879,"items_purged":["Strike_B"],"score":617,"play_id":"3d0eeb7c-bfbf-4988-93d2-701107ae397a","local_time":"20210213113207","is_ascension_mode":true,"campfire_choices":[{"data":"Streamline","floor":6.0,"key":"SMITH"},{"data":"Glacier","floor":8.0,"key":"SMITH"},{"floor":15.0,"key":"REST"},{"data":"Defragment","floor":23,"key":"SMITH"},{"floor":27,"key":"REST"},{"data":"Defragment","floor":32,"key":"SMITH"},{"floor":40,"key":"RECALL"}],"circlet_count":0,"master_deck":["Strike_B+1","Defend_B","Defend_B+1","Defend_B","Defend_B","Zap","Dualcast","Streamline+1","Glacier+1","Capacitor","Defragment+1","Conserve Battery","Conserve Battery","Defragment+1","Electrodynamics","Streamline","Steam+1","Redo+1","Rip and Tear","Tempest","Self Repair+1","Leap","Glacier","Lockon","Capacitor+1","Creative AI+1","Barrage+1"],"relics":["Cracked Core","NeowsBlessing","Lantern","Happy Flower","HornCleat","Omamori","Calling Bell","Anchor","Meat on the Bone","TungstenRod","Symbiotic Virus","CeramicFish","Frozen Egg 2","Chemical X","StoneCalendar","Sundial","Runic Pyramid","Shuriken"],"acts_visited":["Exordium","TheCity","TheBeyond"],"potions_floor_usage":[24,24,24,33,41],"damage_taken":[{"damage":0.0,"enemies":"2 Louse","floor":1.0,"turns":1.0},{"damage":0.0,"enemies":"Lagavulin","floor":7.0,"turns":1.0},{"damage":0.0,"enemies":"Gremlin Nob","floor":10.0,"turns":1.0},{"damage":0.0,"enemies":"Small Slimes","floor":11.0,"turns":3.0},{"damage":0.0,"enemies":"Jaw Worm","floor":12.0,"turns":3.0},{"damage":5.0,"enemies":"3 Sentries","floor":13.0,"turns":7.0},{"damage":32.0,"enemies":"Hexaghost","floor":16.0,"turns":12.0},{"damage":4.0,"enemies":"2 Thieves","floor":18.0,"turns":4.0},{"damage":6.0,"enemies":"Spheric Guardian","floor":19.0,"turns":4.0},{"damage":16,"enemies":"Snake Plant","floor":20,"turns":6},{"damage":12,"enemies":"Centurion and Healer","floor":22,"turns":6},{"damage":23,"enemies":"Book of Stabbing","floor":24,"turns":7},{"damage":7,"enemies":"Gremlin Leader","floor":29,"turns":4},{"damage":7,"enemies":"Champ","floor":33,"turns":9},{"damage":13,"enemies":"3 Darklings","floor":35,"turns":4},{"damage":0,"enemies":"Orb Walker","floor":36,"turns":3},{"damage":74,"enemies":"Reptomancer","floor":41,"turns":5}],"seed_played":"-1258193243247891271","potions_obtained":[{"floor":10.0,"key":"Regen Potion"},{"floor":12.0,"key":"Dexterity Potion"},{"floor":13.0,"key":"FearPotion"},{"floor":19.0,"key":"CultistPotion"},{"floor":22,"key":"ColorlessPotion"},{"floor":29,"key":"ColorlessPotion"},{"floor":33,"key":"Block Potion"},{"floor":36,"key":"Swift Potion"}],"is_trial":false,"path_per_floor":["M","?","?","?","$","R","E","R","T","E","M","M","E","?","R","B",null,"M","M","M","?","M","R","E","?","T","R","$","E","$","?","R","B",null,"M","M","?","$","?","R","E"],"character_chosen":"DEFECT","items_purchased":["Glacier","Capacitor","Chemical X","StoneCalendar","Self Repair+1","Glacier","Lockon","Shuriken"],"campfire_rested":2,"item_purchase_floors":[5,5,28,28,28,30,30,38],"current_hp_per_floor":[75,60,60,60,60,60,60,60,60,60,60,60,55,44,64,45,69,65,59,43,43,43,43,32,32,32,52,52,55,55,55,55,48,69,66,66,66,66,66,66,0,0],"gold":213,"neow_bonus":"THREE_ENEMY_KILL","is_daily":false,"chose_seed":false,"campfire_upgraded":4,"win_rate":0.0,"timestamp":1613237527,"path_taken":["M","?","?","?","?","R","E","R","T","E","?","M","E","?","R","BOSS","M","M","M","?","M","R","E","?","T","R","$","E","$","?","R","BOSS","M","M","?","$","?","R","E"],"items_purchased_type":["Card","Card","Relic","Relic","Card","Card","Card","Relic"],"build_version":"2020-12-22","purchased_purges":1,"victory":false,"max_hp_per_floor":[75,75,69,69,69,69,69,69,69,69,69,69,69,69,69,69,69,69,69,69,69,69,69,69,69,69,69,69,69,69,69,69,69,69,69,69,69,69,69,69,69,69],"card_choices":[{"not_picked":["Gash","Blizzard"],"picked":"Streamline","floor":1.0},{"not_picked":["Rebound","Hyperbeam"],"picked":"Defragment","floor":7.0},{"not_picked":["Stack","Gash"],"picked":"Conserve Battery","floor":10.0},{"not_picked":["Tempest","Redo","Stack"],"picked":"SKIP","floor":11.0},{"not_picked":["Tempest","Redo","Stack"],"picked":"SKIP","floor":11.0},{"not_picked":["Tempest","Redo","Stack"],"picked":"SKIP","floor":11.0},{"not_picked":["Hello World","Sweeping Beam"],"picked":"Conserve Battery","floor":12.0},{"not_picked":["Steam","Hologram"],"picked":"Defragment","floor":13.0},{"not_picked":["Reboot","All For One"],"picked":"Electrodynamics","floor":16.0},{"not_picked":["Compile Driver","Gash+1","Rebound"],"picked":"SKIP","floor":18.0},{"not_picked":["Chaos","Hologram"],"picked":"Streamline","floor":19.0},{"not_picked":["Gash","Compile Driver"],"picked":"Steam+1","floor":20},{"not_picked":["Go for the Eyes","Steam"],"picked":"Redo+1","floor":22},{"not_picked":["Stack","Blizzard","Reprogram+1"],"picked":"SKIP","floor":24},{"not_picked":["Turbo","Redo"],"picked":"Leap","floor":29},{"not_picked":["Hyperbeam","Seek"],"picked":"Creative AI+1","floor":33},{"not_picked":["Rebound","Hologram","Scrape"],"picked":"SKIP","floor":35},{"not_picked":["Loop+1","Go for the Eyes"],"picked":"Barrage+1","floor":36}],"player_experience":181845,"relics_obtained":[{"floor":7.0,"key":"Lantern"},{"floor":9.0,"key":"Happy Flower"},{"floor":10.0,"key":"HornCleat"},{"floor":13.0,"key":"Omamori"},{"floor":17.0,"key":"Anchor"},{"floor":17.0,"key":"Meat on the Bone"},{"floor":17.0,"key":"TungstenRod"},{"floor":24,"key":"CeramicFish"},{"floor":26,"key":"Frozen Egg 2"},{"floor":29,"key":"Sundial"}],"event_choices":[{"damage_healed":0.0,"max_hp_gain":0.0,"max_hp_loss":0.0,"gold_gain":0.0,"event_name":"Shining Light","player_choice":"Entered Light","floor":2.0,"gold_loss":0.0,"damage_taken":15.0,"cards_upgraded":["Strike_B","Defend_B"]},{"damage_healed":0.0,"max_hp_gain":0.0,"max_hp_loss":6.0,"gold_gain":0.0,"event_name":"Golden Idol","player_choice":"Lose Max HP","floor":3.0,"gold_loss":0.0,"damage_taken":0.0,"relics_obtained":["Golden Idol"]},{"damage_healed":0.0,"max_hp_gain":0.0,"max_hp_loss":0.0,"gold_gain":55.0,"event_name":"Golden Wing","player_choice":"Gained Gold","floor":4.0,"gold_loss":0.0,"damage_taken":0.0},{"damage_healed":0.0,"max_hp_gain":0.0,"max_hp_loss":0.0,"gold_gain":75.0,"event_name":"World of Goop","player_choice":"Gather Gold","floor":14.0,"gold_loss":0.0,"damage_taken":11.0},{"damage_healed":0,"gold_gain":0,"player_choice":"Opened","damage_taken":0,"relics_obtained":["Symbiotic Virus"],"max_hp_gain":0,"max_hp_loss":0,"event_name":"The Mausoleum","floor":21,"gold_loss":0,"cards_obtained":["Writhe"]},{"damage_healed":0,"gold_gain":0,"cards_transformed":["Strike_B","Strike_B"],"player_choice":"Became Test Subject","damage_taken":0,"max_hp_gain":0,"max_hp_loss":0,"event_name":"Drug Dealer","floor":25,"gold_loss":0,"cards_obtained":["Rip and Tear","Tempest"]},{"damage_healed":0,"gold_gain":0,"player_choice":"Read","damage_taken":0,"max_hp_gain":0,"max_hp_loss":0,"event_name":"The Library","floor":31,"gold_loss":0,"cards_obtained":["Capacitor"]},{"damage_healed":0,"gold_gain":333,"player_choice":"Gave Idol","damage_taken":0,"max_hp_gain":0,"max_hp_loss":0,"event_name":"The Moai Head","floor":37,"relics_lost":["Golden Idol"],"gold_loss":0},{"damage_healed":0,"gold_gain":0,"player_choice":"Ignored","damage_taken":0,"max_hp_gain":0,"max_hp_loss":0,"event_name":"SecretPortal","floor":39,"gold_loss":0}],"is_beta":false,"boss_relics":[{"not_picked":["Velvet Choker","SacredBark"],"picked":"Calling Bell"},{"not_picked":["Philosopher\u0027s Stone","Busted Crown"],"picked":"Runic Pyramid"}],"items_purged_floors":[38],"is_endless":false,"potions_floor_spawned":[10,12,13,19,22,29,33,36],"killed_by":"Reptomancer","ascension_level":4}}