{"host":"pj7egx7jkoz18hom","time":1613232772,"event":{"mods":["AchievementEnabler","BaseMod","Keyboard Shortcuts","Minty Spire (QoL Compilation)","SuperFastMode"],"gold_per_floor":[117,130,305,305,86,115,125,151,232,260,260,275,275,289,289,391,391,331,331,241,241,241,241,241,241,241,47,47,47,47,47,47,47,47,47,47,47,47,47,47,47,47,47,47,47,47,47,47,47,47,47,47,47,47,47,47],"floor_reached":55,"language":"KOR","playtime":1952,"items_purged":["Regret","Defend_R"],"score":897,"play_id":"e95e522c-368c-4414-b175-e146e04670b2","local_time":"20210214011252","is_ascension_mode":true,"campfire_choices":[{"data":"True Grit","floor":11,"key":"SMITH"},{"data":"Anger","floor":13,"key":"SMITH"},{"data":"Clash","floor":15,"key":"SMITH"},{"floor":23,"key":"REST"},{"data":"Rage","floor":25,"key":"SMITH"},{"floor":32,"key":"REST"},{"floor":42,"key":"REST"},{"floor":45,"key":"RECALL"},{"floor":49,"key":"REST"},{"data":"Double Tap","floor":52,"key":"SMITH"}],"circlet_count":0,"master_deck":["Strike_R","Strike_R","Strike_R","Strike_R","Strike_R+1","Defend_R","Defend_R+1","Defend_R","Bash","Cleave","Dual Wield+1","Anger+1","True Grit+1","Clash+1","Pommel Strike","Demon Form+1","Perfected Strike+1","Rage+1","Thunderclap+1","Sentinel+1","Dramatic Entrance+1","Double Tap+1","Clash","Trip","Anger+1","Reaper"],"relics":["Black Blood","NeowsBlessing","Champion Belt","War Paint","Omamori","Oddly Smooth Stone","Pear","Shuriken","Ectoplasm","Necronomicon","White Beast Statue","Potion Belt","Whetstone","MutagenicStrength","Ice Cream","Dream Catcher","Lantern","Strawberry"],"acts_visited":["Exordium","TheCity","TheBeyond","TheEnding"],"potions_floor_usage":[8,10,16,16,24,28,28,30,40,40,40,44,46,50,50,50,55],"damage_taken":[{"damage":0,"enemies":"2 Louse","floor":1,"turns":1},{"damage":0,"enemies":"Small Slimes","floor":2,"turns":1},{"damage":0,"enemies":"3 Sentries","floor":6,"turns":2},{"damage":15,"enemies":"Jaw Worm","floor":7,"turns":4},{"damage":22,"enemies":"Lagavulin","floor":8,"turns":5},{"damage":26,"enemies":"3 Sentries","floor":10,"turns":8},{"damage":12,"enemies":"3 Louse","floor":12,"turns":3},{"damage":1,"enemies":"Looter","floor":14,"turns":2},{"damage":39,"enemies":"The Guardian","floor":16,"turns":8},{"damage":26,"enemies":"2 Thieves","floor":18,"turns":4},{"damage":12,"enemies":"3 Byrds","floor":21,"turns":4},{"damage":31,"enemies":"Shelled Parasite and Fungi","floor":22,"turns":5},{"damage":15,"enemies":"Centurion and Healer","floor":24,"turns":3},{"damage":5,"enemies":"Book of Stabbing","floor":28,"turns":3},{"damage":10,"enemies":"Slavers","floor":30,"turns":4},{"damage":36,"enemies":"Champ","floor":33,"turns":8},{"damage":12,"enemies":"3 Darklings","floor":35,"turns":3},{"damage":7,"enemies":"2 Orb Walkers","floor":36,"turns":3},{"damage":4,"enemies":"3 Shapes","floor":38,"turns":2},{"damage":15,"enemies":"Spire Growth","floor":39,"turns":3},{"damage":60,"enemies":"Nemesis","floor":40,"turns":5},{"damage":26,"enemies":"Giant Head","floor":44,"turns":7},{"damage":20,"enemies":"Sphere and 2 Shapes","floor":46,"turns":2},{"damage":0,"enemies":"Maw","floor":47,"turns":5},{"damage":47,"enemies":"Donu and Deca","floor":50,"turns":7},{"damage":40,"enemies":"Shield and Spear","floor":54,"turns":4},{"damage":99,"enemies":"The Heart","floor":55,"turns":3}],"seed_played":"-4160555155956730153","potions_obtained":[{"floor":2,"key":"FearPotion"},{"floor":7,"key":"Fire Potion"},{"floor":8,"key":"Fire Potion"},{"floor":10,"key":"SpeedPotion"},{"floor":18,"key":"Energy Potion"},{"floor":22,"key":"PowerPotion"},{"floor":24,"key":"AttackPotion"},{"floor":28,"key":"Block Potion"},{"floor":30,"key":"GamblersBrew"},{"floor":33,"key":"Swift Potion"},{"floor":35,"key":"Swift Potion"},{"floor":36,"key":"Explosive Potion"},{"floor":38,"key":"PowerPotion"},{"floor":39,"key":"Energy Potion"},{"floor":40,"key":"Weak Potion"},{"floor":44,"key":"Strength Potion"},{"floor":46,"key":"AttackPotion"},{"floor":47,"key":"Explosive Potion"},{"floor":54,"key":"CultistPotion"}],"is_trial":false,"path_per_floor":["M","M","?","?","$","E","M","E","T","E","R","M","R","M","R","B",null,"M","?","?","M","M","R","M","R","T","$","E","$","E","?","R","B",null,"M","?","?","M","M","E","?","R","T","E","R","M","M","$","R","B",null,"R","$","E","B"],"character_chosen":"IRONCLAD","items_purchased":["War Paint","Dramatic Entrance"],"campfire_rested":4,"item_purchase_floors":[5,27],"current_hp_per_floor":[80,80,80,80,80,80,71,55,65,45,45,39,39,44,44,11,90,70,54,54,48,23,50,41,41,41,41,42,42,38,38,65,35,90,90,90,90,90,87,39,39,66,66,52,52,44,56,56,83,90,90,90,90,97,0,0],"gold":47,"neow_bonus":"THREE_ENEMY_KILL","is_daily":false,"chose_seed":false,"campfire_upgraded":5,"win_rate":0.0,"timestamp":1613232772,"path_taken":["M","M","?","?","?","E","M","E","T","E","R","M","R","M","R","BOSS","M","?","?","M","?","R","M","R","T","$","E","$","E","?","R","BOSS","M","?","?","M","M","E","?","R","T","E","R","M","?","?","R","BOSS","R","$","E","BOSS"],"items_purchased_type":["Relic","Card"],"build_version":"2020-12-22","purchased_purges":2,"victory":false,"max_hp_per_floor":[80,80,80,80,80,80,80,80,90,90,90,90,90,90,90,90,90,90,90,90,90,90,90,90,90,90,90,90,90,90,90,90,90,90,90,90,90,90,90,90,90,90,90,90,90,90,90,90,90,90,90,90,90,97,97,97],"card_choices":[{"not_picked":["Iron Wave","Twin Strike"],"picked":"Cleave","floor":1},{"not_picked":["Heavy Blade","Evolve"],"picked":"Dual Wield","floor":2},{"not_picked":["Wild Strike","Whirlwind","Cleave"],"picked":"SKIP","floor":6},{"not_picked":["Disarm","Pummel"],"picked":"Anger","floor":7},{"not_picked":["Body Slam","Berserk"],"picked":"True Grit","floor":8},{"not_picked":["Sword Boomerang","Heavy Blade"],"picked":"Clash","floor":10},{"not_picked":["Wild Strike","Shrug It Off"],"picked":"Pommel Strike","floor":12},{"not_picked":["Warcry","Headbutt","Sword Boomerang"],"picked":"SKIP","floor":14},{"not_picked":["Barricade","Corruption"],"picked":"Demon Form","floor":16},{"not_picked":["Armaments","Entrench"],"picked":"Perfected Strike+1","floor":18},{"not_picked":["Disarm","Warcry"],"picked":"Rage","floor":21},{"not_picked":["Sword Boomerang","Heavy Blade"],"picked":"Thunderclap+1","floor":22},{"not_picked":["Twin Strike+1","Thunderclap"],"picked":"Sentinel+1","floor":24},{"not_picked":["Dropkick","Rupture","Wild Strike"],"picked":"SKIP","floor":28},{"not_picked":["Clothesline+1","Rampage","Combust"],"picked":"SKIP","floor":30},{"not_picked":["Offering","Berserk"],"picked":"Double Tap","floor":33},{"not_picked":["Havoc+1","Shrug It Off+1"],"picked":"Clash","floor":35},{"not_picked":["Thinking Ahead","Madness"],"picked":"Trip","floor":37},{"not_picked":["Pommel Strike+1","Cleave+1","Dark Embrace"],"picked":"SKIP","floor":38},{"not_picked":["Evolve+1","Cleave","Iron Wave+1"],"picked":"SKIP","floor":39},{"not_picked":["Battle Trance","Body Slam+1","Pommel Strike"],"picked":"SKIP","floor":40},{"not_picked":["Heavy Blade","Havoc+1"],"picked":"Anger+1","floor":42},{"not_picked":["Thunderclap","Infernal Blade+1","Body Slam+1"],"picked":"SKIP","floor":44},{"not_picked":["Disarm+1","Second Wind"],"picked":"Reaper","floor":46},{"not_picked":["Sword Boomerang","Second Wind+1","Sentinel"],"picked":"SKIP","floor":47},{"not_picked":["Clothesline","Evolve+1","Immolate"],"picked":"SKIP","floor":54}],"player_experience":51080,"relics_obtained":[{"floor":6,"key":"Omamori"},{"floor":8,"key":"Oddly Smooth Stone"},{"floor":9,"key":"Pear"},{"floor":10,"key":"Shuriken"},{"floor":19,"key":"Necronomicon"},{"floor":26,"key":"White Beast Statue"},{"floor":28,"key":"Potion Belt"},{"floor":30,"key":"Whetstone"},{"floor":36,"key":"Ice Cream"},{"floor":40,"key":"Dream Catcher"},{"floor":44,"key":"Lantern"},{"floor":54,"key":"Strawberry"}],"event_choices":[{"damage_healed":0,"gold_gain":175,"player_choice":"AGREE","damage_taken":0,"max_hp_gain":0,"max_hp_loss":0,"event_name":"Liars Game","floor":3,"gold_loss":0,"cards_obtained":["Doubt"]},{"damage_healed":0,"gold_gain":0,"player_choice":"Box","damage_taken":0,"relics_obtained":["Champion Belt"],"max_hp_gain":0,"max_hp_loss":0,"event_name":"Big Fish","floor":4,"gold_loss":0,"cards_obtained":["Regret"]},{"damage_healed":0,"gold_gain":0,"player_choice":"Obtained Book","damage_taken":16,"max_hp_gain":0,"max_hp_loss":0,"event_name":"Cursed Tome","floor":19,"gold_loss":0},{"cards_removed":["Doubt"],"damage_healed":0,"gold_gain":0,"player_choice":"Upgrade and Remove","damage_taken":0,"max_hp_gain":0,"max_hp_loss":0,"event_name":"Designer","floor":20,"gold_loss":90,"cards_upgraded":["Demon Form"]},{"damage_healed":0,"gold_gain":0,"player_choice":"Inject Mutagens","damage_taken":0,"relics_obtained":["MutagenicStrength"],"max_hp_gain":0,"max_hp_loss":0,"event_name":"Drug Dealer","floor":31,"gold_loss":0},{"damage_healed":0,"gold_gain":0,"player_choice":"Fight","damage_taken":0,"max_hp_gain":0,"max_hp_loss":0,"event_name":"Mysterious Sphere","floor":36,"gold_loss":0},{"damage_healed":0,"gold_gain":0,"player_choice":"Memory 1","damage_taken":0,"max_hp_gain":0,"max_hp_loss":0,"event_name":"SensoryStone","floor":37,"gold_loss":0},{"damage_healed":0,"gold_gain":300,"player_choice":"Gold","damage_taken":0,"max_hp_gain":0,"max_hp_loss":0,"event_name":"Wheel of Change","floor":41,"gold_loss":0}],"is_beta":false,"boss_relics":[{"not_picked":["SacredBark","Snecko Eye"],"picked":"Ectoplasm"},{"not_picked":["Tiny House","Coffee Dripper"],"picked":"Black Blood"}],"items_purged_floors":[5,27],"is_endless":false,"potions_floor_spawned":[2,7,8,10,18,22,24,28,30,33,35,36,38,39,40,44,46,47,54],"killed_by":"The Heart","ascension_level":3}}