{"host":"a5lz0e76zb3fcwkm","time":1613223514,"event":{"mods":["AchievementEnabler","BaseMod","Colored Map","Colored Powertips","Minty Spire (QoL Compilation)","StSLib","SuperFastMode"],"gold_per_floor":[115,125,144,69,89,89,109,109,109,119,119,119,137,150,150,221,221,236,248,173,191,106,106,118,132,214,139,153,103,134,84,84,84,84],"floor_reached":33,"language":"KOR","playtime":898,"items_purged":["Strike_B","Defend_B","Defend_B"],"score":526,"play_id":"8b84cf67-976d-49e5-a613-3c5b390c928d","local_time":"20210213223834","is_ascension_mode":true,"campfire_choices":[{"data":"White Noise","floor":6.0,"key":"SMITH"},{"data":"Dualcast","floor":8.0,"key":"SMITH"},{"floor":15,"key":"REST"},{"floor":23,"key":"REST"},{"floor":32,"key":"REST"}],"circlet_count":0,"master_deck":["AscendersBane","Zap","Dualcast+1","White Noise+1","Glacier","Turbo","Cold Snap","Core Surge+1","Compile Driver","Doom and Gloom","Seek","Undo+1","Lockon+1","Static Discharge+1"],"relics":["Cracked Core","Singing Bowl","Sozu","Smiling Mask","Frozen Egg 2","Bird Faced Urn"],"acts_visited":["Exordium","TheCity"],"potions_floor_usage":[13,16],"damage_taken":[{"damage":1.0,"enemies":"Cultist","floor":1.0,"turns":3.0},{"damage":8.0,"enemies":"Small Slimes","floor":2.0,"turns":4.0},{"damage":0.0,"enemies":"2 Louse","floor":3.0,"turns":1.0},{"damage":0.0,"enemies":"Exordium Thugs","floor":5.0,"turns":6.0},{"damage":14.0,"enemies":"Large Slime","floor":7.0,"turns":7.0},{"damage":0.0,"enemies":"3 Louse","floor":10.0,"turns":4.0},{"damage":0,"enemies":"Lots of Slimes","floor":13,"turns":5},{"damage":0,"enemies":"Blue Slaver","floor":14,"turns":3},{"damage":19,"enemies":"The Guardian","floor":16,"turns":12},{"damage":0,"enemies":"Spheric Guardian","floor":18,"turns":3},{"damage":14,"enemies":"2 Thieves","floor":19,"turns":3},{"damage":6,"enemies":"Snake Plant","floor":21,"turns":4},{"damage":11,"enemies":"Cultist and Chosen","floor":24,"turns":6},{"damage":0,"enemies":"Centurion and Healer","floor":25,"turns":7},{"damage":10,"enemies":"Snake Plant","floor":28,"turns":4},{"damage":25,"enemies":"Gremlin Leader","floor":30,"turns":3},{"damage":52,"enemies":"Automaton","floor":33,"turns":6}],"seed_played":"-1551087168478499812","potions_obtained":[{"floor":3.0,"key":"FearPotion"},{"floor":10.0,"key":"FocusPotion"},{"floor":16,"key":"Energy Potion"}],"is_trial":false,"path_per_floor":["M","M","M","$","M","R","M","R","T","M","?","?","M","M","R","B",null,"M","M","?","M","?","R","M","M","T","?","M","$","E","$","R","B"],"character_chosen":"DEFECT","items_purchased":[],"campfire_rested":3,"item_purchase_floors":[],"current_hp_per_floor":[45,37,37,37,37,37,23,23,23,23,2,2,2,2,23,4,54,56,42,42,38,38,60,51,53,53,53,43,43,18,18,41,0,0],"gold":84,"neow_bonus":"REMOVE_TWO","is_daily":false,"chose_seed":false,"campfire_upgraded":2,"win_rate":0.0,"timestamp":1613223514,"path_taken":["M","M","M","?","M","R","M","R","T","M","?","?","?","M","R","BOSS","M","M","?","M","?","R","M","M","T","?","M","$","E","$","R","BOSS"],"items_purchased_type":[],"build_version":"2020-12-22","purchased_purges":3,"victory":false,"max_hp_per_floor":[71,71,71,71,71,71,71,71,71,71,71,71,71,71,71,71,71,73,73,73,75,75,75,77,79,79,79,79,79,79,79,79,79,79],"card_choices":[{"not_picked":["Barrage","Beam Cell"],"picked":"White Noise","floor":1.0},{"not_picked":["Hologram","Ball Lightning"],"picked":"Glacier","floor":2.0},{"not_picked":["Streamline","Hello World"],"picked":"Turbo","floor":3.0},{"not_picked":["Gash","Skim","Darkness"],"picked":"SKIP","floor":5.0},{"not_picked":["Hologram","Beam Cell"],"picked":"Cold Snap","floor":7.0},{"not_picked":["Leap","Fusion"],"picked":"Core Surge","floor":10.0},{"not_picked":["Leap","Go for the Eyes"],"picked":"Compile Driver","floor":13},{"not_picked":["Reinforced Body","Turbo"],"picked":"Doom and Gloom","floor":14},{"not_picked":["Buffer","Thunder Strike"],"picked":"Seek","floor":16},{"not_picked":["Compile Driver","Steam","Auto Shields"],"picked":"Singing Bowl","floor":18},{"not_picked":["Reprogram","Tempest"],"picked":"Undo+1","floor":19},{"not_picked":["Rebound","Beam Cell","Genetic Algorithm"],"picked":"Singing Bowl","floor":21},{"not_picked":["Hello World","Rebound","Stack"],"picked":"Singing Bowl","floor":24},{"not_picked":["Stack","Conserve Battery","Streamline"],"picked":"Singing Bowl","floor":25},{"not_picked":["Aggregate","Go for the Eyes"],"picked":"Lockon+1","floor":28},{"not_picked":["Cold Snap","Sweeping Beam"],"picked":"Static Discharge+1","floor":30}],"player_experience":1884351,"relics_obtained":[{"floor":9.0,"key":"Singing Bowl"},{"floor":26,"key":"Frozen Egg 2"},{"floor":30,"key":"Bird Faced Urn"}],"event_choices":[{"damage_healed":0.0,"max_hp_gain":0.0,"max_hp_loss":0.0,"gold_gain":0.0,"event_name":"Shining Light","player_choice":"Entered Light","floor":11.0,"gold_loss":0.0,"damage_taken":21.0,"cards_upgraded":["Core Surge","Strike_B"]},{"cards_removed":["Strike_B"],"damage_healed":0,"gold_gain":0,"player_choice":"Forget","damage_taken":0,"max_hp_gain":0,"max_hp_loss":0,"event_name":"Living Wall","floor":12,"gold_loss":0},{"cards_removed":["Strike_B"],"damage_healed":0,"gold_gain":0,"player_choice":"Gave Gold","damage_taken":0,"max_hp_gain":0,"max_hp_loss":0,"event_name":"Beggar","floor":20,"gold_loss":75},{"damage_healed":0,"gold_gain":0,"player_choice":"Obtained Relic","damage_taken":0,"relics_obtained":["Smiling Mask"],"max_hp_gain":0,"max_hp_loss":0,"event_name":"Addict","floor":22,"gold_loss":85},{"cards_removed":["Defend_B"],"damage_healed":0,"gold_gain":0,"player_choice":"Single Remove","damage_taken":0,"max_hp_gain":0,"max_hp_loss":0,"event_name":"Designer","floor":27,"gold_loss":75}],"is_beta":false,"boss_relics":[{"not_picked":["Fusion Hammer","Pandora\u0027s Box"],"picked":"Sozu"}],"items_purged_floors":[4,29,31],"is_endless":false,"potions_floor_spawned":[3,10,16,19,24,25],"killed_by":"Automaton","ascension_level":20}}