{"host":"m4pe905ae9bldoe7","time":1613245739,"event":{"mods":["BaseMod","Bestiary","Block Reminder","Downfall","Minty Spire (QoL Compilation)","StSLib"],"gold_per_floor":[119,44,44,56,69,69,96,106,106,106,169,55,89,109,109,183,183,193,393,410,410,422,456,468,468,494,526,526,215,215,233,233,304,304,317,30,30,50,63,63,95,95,95,107,121,150,175,228,228,228,228,228,228,0,27,27,27],"floor_reached":56,"language":"ENG","playtime":2305,"items_purged":["Strike_R","Strike_R","Strike_R"],"score":1397,"play_id":"d0a38ace-0715-4b71-8f6d-b64dc0fc1a76","local_time":"20210213204859","is_ascension_mode":true,"campfire_choices":[{"data":"Armaments","floor":6.0,"key":"SMITH"},{"data":"Inflame","floor":10.0,"key":"SMITH"},{"data":"Shockwave","floor":15.0,"key":"SMITH"},{"data":"Demon Form","floor":25.0,"key":"SMITH"},{"data":"Inflame","floor":28.0,"key":"SMITH"},{"data":"Heavy Blade","floor":32.0,"key":"SMITH"},{"floor":40.0,"key":"RECALL"},{"data":"Inflame","floor":42.0,"key":"SMITH"},{"data":"Bash","floor":49.0,"key":"SMITH"},{"data":"Spot Weakness","floor":50.0,"key":"SMITH"},{"data":"Strike_R","floor":53.0,"key":"PURGE"}],"circlet_count":0,"master_deck":["AscendersBane","Defend_R","Defend_R","Defend_R","Defend_R","Bash+1","Reaper","Bludgeon","Fire Breathing","Armaments+1","Inflame+1","Headbutt","Inflame+1","Shockwave+1","Demon Form+1","Pummel","Heavy Blade+1","Sword Boomerang","Twin Strike+1","Inflame+1","Reaper","Limit Break+1","Heavy Blade+1","Sword Boomerang+1","Spot Weakness+1","Burning Pact+1","Offering+1"],"relics":["Burning Blood","Meat on the Bone","Matryoshka","Orichalcum","Du-Vu Doll","Coffee Dripper","Peace Pipe","Bag of Marbles","Dream Catcher","DollysMirror","Philosopher\u0027s Stone","ClockworkSouvenir","Juzu Bracelet","Mummified Hand","Bottled Flame","Toxic Egg 2","Prayer Wheel","Champion Belt","Strange Spoon","Boot"],"acts_visited":["Exordium","TheCity","TheBeyond","TheEnding"],"potions_floor_usage":[56],"damage_taken":[{"damage":16.0,"enemies":"Jaw Worm","floor":1.0,"turns":4.0},{"damage":10.0,"enemies":"Small Slimes","floor":4.0,"turns":3.0},{"damage":12.0,"enemies":"Cultist","floor":5.0,"turns":4.0},{"damage":27.0,"enemies":"Lagavulin","floor":7.0,"turns":7.0},{"damage":23.0,"enemies":"3 Louse","floor":8.0,"turns":5.0},{"damage":13.0,"enemies":"3 Sentries","floor":11.0,"turns":5.0},{"damage":11.0,"enemies":"3 Sentries","floor":13.0,"turns":5.0},{"damage":15.0,"enemies":"Exordium Wildlife","floor":14.0,"turns":3.0},{"damage":23.0,"enemies":"Slime Boss","floor":16.0,"turns":7.0},{"damage":47.0,"enemies":"3 Byrds","floor":18.0,"turns":5.0},{"damage":21.0,"enemies":"Shell Parasite","floor":20.0,"turns":6.0},{"damage":27.0,"enemies":"3 Cultists","floor":22.0,"turns":5.0},{"damage":12.0,"enemies":"Gremlin Leader","floor":23.0,"turns":5.0},{"damage":36.0,"enemies":"Snake Plant","floor":24.0,"turns":5.0},{"damage":37.0,"enemies":"Book of Stabbing","floor":27.0,"turns":4.0},{"damage":25.0,"enemies":"Centurion and Healer","floor":31.0,"turns":4.0},{"damage":34.0,"enemies":"Champ","floor":33.0,"turns":8.0},{"damage":48.0,"enemies":"3 Darklings","floor":35.0,"turns":5.0},{"damage":0.0,"enemies":"Orb Walker","floor":38.0,"turns":1.0},{"damage":49.0,"enemies":"Maw","floor":39.0,"turns":6.0},{"damage":42.0,"enemies":"Giant Head","floor":41.0,"turns":6.0},{"damage":72.0,"enemies":"Jaw Worm Horde","floor":44.0,"turns":5.0},{"damage":50.0,"enemies":"Sphere and 2 Shapes","floor":45.0,"turns":6.0},{"damage":36.0,"enemies":"Nemesis","floor":46.0,"turns":3.0},{"damage":30.0,"enemies":"Mind Bloom Boss Battle","floor":47.0,"turns":5.0},{"damage":23.0,"enemies":"2 Orb Walkers","floor":48.0,"turns":3.0},{"damage":33.0,"enemies":"Time Eater","floor":51.0,"turns":5.0},{"damage":32.0,"enemies":"Shield and Spear","floor":55.0,"turns":3.0},{"damage":91,"enemies":"The Heart","floor":56,"turns":5}],"seed_played":"-6051289649875272692","potions_obtained":[{"floor":4.0,"key":"Guardian:BlockOnCardUsePotion"},{"floor":8.0,"key":"Dexterity Potion"},{"floor":11.0,"key":"SpeedPotion"},{"floor":13.0,"key":"Swift Potion"},{"floor":27.0,"key":"FearPotion"},{"floor":38.0,"key":"CultistPotion"},{"floor":48.0,"key":"PowerPotion"}],"is_trial":false,"path_per_floor":["M","?","?","M","M","R","E","M","T","R","?","$","E","M","R","B",null,"M","?","M","?","M","E","M","R","T","E","R","$","?","M","R","B",null,"M","$","?","M","M","R","E","R","T","M","M","E","?","?","R","R","B",null,"R","$","E","B"],"character_chosen":"IRONCLAD","items_purchased":["Inflame","Inflame","DollysMirror","ClockworkSouvenir","Strange Spoon","sneckomod:MuddlingPotion"],"campfire_rested":0,"item_purchase_floors":[12,29,29,36,54,54],"current_hp_per_floor":[58,58,58,54,52,52,31,33,33,33,47,47,60,61,61,44,67,61,61,65,65,75,75,70,70,70,67,67,67,67,75,75,47,68,53,53,53,59,75,75,75,75,75,52,37,46,56,51,51,51,75,75,75,75,75,0,0],"gold":27,"neow_bonus":"THREE_RARE_CARDS","is_daily":false,"chose_seed":false,"campfire_upgraded":9,"win_rate":0.0,"timestamp":1613245739,"path_taken":["M","?","?","M","M","R","E","?","T","R","?","$","E","M","R","BOSS","M","?","?","?","M","E","M","R","T","E","R","$","?","M","R","BOSS","M","$","?","M","?","R","E","R","T","M","M","E","?","?","R","R","BOSS","R","$","E","BOSS"],"items_purchased_type":["Card","Card","Relic","Relic","Relic","Potion"],"build_version":"2020-12-22","purchased_purges":3,"victory":false,"max_hp_per_floor":[75,75,75,75,75,75,75,75,75,75,75,75,75,75,75,75,75,75,75,75,75,75,75,75,75,75,75,75,75,75,75,75,75,75,75,75,75,75,75,75,75,75,75,75,75,75,75,75,75,75,75,75,75,75,75,75,75],"card_choices":[{"not_picked":["Brutality","Fiend Fire"],"picked":"Reaper","floor":0.0},{"not_picked":["Dark Embrace","Heavy Blade","Wild Strike"],"picked":"SKIP","floor":1.0},{"not_picked":["Body Slam","Warcry"],"picked":"Fire Breathing","floor":4.0},{"not_picked":["Anger","Twin Strike"],"picked":"Armaments","floor":5.0},{"not_picked":["Reaper","Clash"],"picked":"Inflame","floor":7.0},{"not_picked":["Havoc","True Grit","Whirlwind"],"picked":"SKIP","floor":8.0},{"not_picked":["Sentinel","Clash"],"picked":"Headbutt","floor":11.0},{"not_picked":["Twin Strike","Armaments","Sentinel"],"picked":"SKIP","floor":13.0},{"not_picked":["Hemokinesis","Evolve"],"picked":"Shockwave","floor":14.0},{"not_picked":["Brutality","Offering"],"picked":"Demon Form","floor":16.0},{"not_picked":["Body Slam","Anger+1"],"picked":"Pummel","floor":18.0},{"not_picked":["Uppercut","Warcry+1"],"picked":"Heavy Blade","floor":20.0},{"not_picked":["Heavy Blade","Intimidate"],"picked":"Sword Boomerang","floor":22.0},{"not_picked":["Warcry+1","Headbutt","Feel No Pain"],"picked":"SKIP","floor":23.0},{"not_picked":["Reckless Charge+1","Body Slam"],"picked":"Twin Strike+1","floor":24.0},{"not_picked":["Barricade","Clash","Body Slam"],"picked":"SKIP","floor":27.0},{"not_picked":["Flex","Havoc","Body Slam"],"picked":"SKIP","floor":31.0},{"not_picked":["Demon Form","Exhume"],"picked":"Limit Break","floor":33.0},{"not_picked":["Anger","Uppercut+1","Armaments+1"],"picked":"SKIP","floor":35.0},{"not_picked":["Anger","Body Slam","Shrug It Off"],"picked":"SKIP","floor":38.0},{"not_picked":["Rampage","Pommel Strike"],"picked":"Heavy Blade+1","floor":39.0},{"not_picked":["Armaments","Thunderclap","Sword Boomerang"],"picked":"SKIP","floor":41.0},{"not_picked":["Heavy Blade","Iron Wave"],"picked":"Sword Boomerang+1","floor":44.0},{"not_picked":["Power Through","Pummel+1"],"picked":"Spot Weakness","floor":45.0},{"not_picked":["Seeing Red+1","Burning Pact+1","Armaments+1"],"picked":"SKIP","floor":46.0},{"not_picked":["Seeing Red+1","Armaments+1"],"picked":"Burning Pact+1","floor":46.0},{"not_picked":["Blood for Blood","Evolve"],"picked":"Offering+1","floor":47.0},{"not_picked":["Flame Barrier+1","Pommel Strike","Entrench+1"],"picked":"SKIP","floor":55.0}],"player_experience":592355,"relics_obtained":[{"floor":7.0,"key":"Meat on the Bone"},{"floor":9.0,"key":"Matryoshka"},{"floor":11.0,"key":"Orichalcum"},{"floor":13.0,"key":"Du-Vu Doll"},{"floor":23.0,"key":"Peace Pipe"},{"floor":26.0,"key":"Bag of Marbles"},{"floor":27.0,"key":"Dream Catcher"},{"floor":41.0,"key":"Juzu Bracelet"},{"floor":43.0,"key":"Mummified Hand"},{"floor":43.0,"key":"Bottled Flame"},{"floor":46.0,"key":"Toxic Egg 2"},{"floor":47.0,"key":"Prayer Wheel"},{"floor":48.0,"key":"Champion Belt"},{"floor":55.0,"key":"Boot"}],"event_choices":[{"cards_removed":["downfall:Bewildered"],"damage_healed":0.0,"max_hp_gain":0.0,"max_hp_loss":0.0,"gold_gain":0.0,"event_name":"The Cleric","player_choice":"Card Removal","floor":2.0,"gold_loss":75.0,"damage_taken":0.0},{"damage_healed":0.0,"max_hp_gain":0.0,"max_hp_loss":0.0,"gold_gain":0.0,"cards_transformed":["Strike_R"],"event_name":"Transmorgrifier","player_choice":"Transformed","floor":3.0,"gold_loss":0.0,"damage_taken":0.0,"cards_obtained":["Bludgeon"]},{"damage_healed":0.0,"max_hp_gain":0.0,"max_hp_loss":0.0,"gold_gain":0.0,"event_name":"Dead Adventurer","player_choice":"Searched \u00271\u0027 times","floor":11.0,"gold_loss":0.0,"damage_taken":0.0},{"damage_healed":0.0,"max_hp_gain":0.0,"max_hp_loss":0.0,"gold_gain":250.0,"event_name":"The Joust","player_choice":"Bet on Owner","floor":19.0,"gold_loss":50.0,"damage_taken":0.0},{"damage_healed":0.0,"max_hp_gain":0.0,"max_hp_loss":0.0,"gold_gain":0.0,"event_name":"Vampires","player_choice":"Ignored","floor":21.0,"gold_loss":0.0,"damage_taken":0.0},{"damage_healed":0.0,"max_hp_gain":0.0,"max_hp_loss":0.0,"gold_gain":0.0,"event_name":"Accursed Blacksmith","player_choice":"Forge","floor":37.0,"gold_loss":0.0,"damage_taken":0.0,"cards_upgraded":["Limit Break"]},{"damage_healed":0.0,"max_hp_gain":0.0,"max_hp_loss":0.0,"gold_gain":0.0,"event_name":"MindBloom","player_choice":"Fight","floor":47.0,"gold_loss":0.0,"damage_taken":0.0},{"damage_healed":0.0,"max_hp_gain":0.0,"max_hp_loss":0.0,"gold_gain":0.0,"event_name":"Mysterious Sphere","player_choice":"Fight","floor":48.0,"gold_loss":0.0,"damage_taken":0.0}],"is_beta":false,"boss_relics":[{"not_picked":["Snecko Eye","Black Blood"],"picked":"Coffee Dripper"},{"not_picked":["Runic Dome","Pandora\u0027s Box"],"picked":"Philosopher\u0027s Stone"}],"items_purged_floors":[12,29,36],"is_endless":false,"potions_floor_spawned":[4,8,11,13,20,24,27,38,41,48],"killed_by":"The Heart","ascension_level":17}}