{"host":"rmsq46plbpwfbxcc","time":1613233850,"event":{"mods":["AchievementEnabler","BaseMod","Colored Map","Colored Powertips","DeckTracker","KOR Keyword Fix","Minty Spire (QoL Compilation)","Permanent Neow","Quick Restart","SuperFastMode"],"gold_per_floor":[112,287,299,299,317,317,336,378,447,461,471,482,508,536,536,641,668,683,692,293,317,217,217,248,248,248,257,257,279,293,323,335,347,347],"floor_reached":33,"language":"KOR","playtime":1009,"items_purged":["Doubt","Defend_G"],"score":335,"play_id":"ba36d506-51f4-4da4-8fb3-74de7e0e3622","local_time":"20210214013050","is_ascension_mode":true,"campfire_choices":[{"data":"Neutralize","floor":6,"key":"SMITH"},{"data":"Blade Dance","floor":15,"key":"SMITH"},{"data":"After Image","floor":23,"key":"SMITH"},{"data":"Finisher","floor":25,"key":"SMITH"},{"data":"Malaise","floor":28,"key":"SMITH"},{"data":"Blur","floor":32,"key":"SMITH"}],"circlet_count":0,"master_deck":["Strike_G","Strike_G","Defend_G","Defend_G","Defend_G","Survivor","Neutralize+1","Blade Dance+1","Masterful Stab","Finisher+1","Tactician","After Image+1","Underhanded Strike+1","Flechettes+1","Poisoned Stab+1","Malaise+1","Blur+1","PiercingWail+1","Pain","Backflip"],"relics":["WristBlade","CaptainsWheel","CeramicFish","StrikeDummy","Astrolabe","Paper Crane","Ornamental Fan","Lizard Tail","WarpedTongs","MawBank"],"acts_visited":["Exordium","TheCity"],"potions_floor_usage":[16,24,33,33],"damage_taken":[{"damage":4,"enemies":"Small Slimes","floor":1,"turns":4},{"damage":1,"enemies":"Jaw Worm","floor":3,"turns":8},{"damage":1,"enemies":"Cultist","floor":5,"turns":4},{"damage":0,"enemies":"Looter","floor":7,"turns":4},{"damage":7,"enemies":"Lagavulin","floor":8,"turns":7},{"damage":4,"enemies":"Lots of Slimes","floor":10,"turns":4},{"damage":4,"enemies":"Red Slaver","floor":11,"turns":3},{"damage":3,"enemies":"Blue Slaver","floor":12,"turns":2},{"damage":1,"enemies":"3 Louse","floor":13,"turns":2},{"damage":0,"enemies":"Large Slime","floor":14,"turns":3},{"damage":40,"enemies":"The Guardian","floor":16,"turns":15},{"damage":8,"enemies":"3 Byrds","floor":18,"turns":6},{"damage":1,"enemies":"Spheric Guardian","floor":21,"turns":3},{"damage":36,"enemies":"Slavers","floor":24,"turns":9},{"damage":22,"enemies":"3 Cultists","floor":29,"turns":7},{"damage":7,"enemies":"Shelled Parasite and Fungi","floor":30,"turns":5},{"damage":9,"enemies":"Book of Stabbing","floor":31,"turns":10},{"damage":23,"enemies":"Champ","floor":33,"turns":11}],"seed_played":"7612882063966587279","potions_obtained":[{"floor":3,"key":"Swift Potion"},{"floor":8,"key":"Poison Potion"},{"floor":12,"key":"CultistPotion"},{"floor":21,"key":"SteroidPotion"},{"floor":30,"key":"AttackPotion"}],"is_trial":false,"path_per_floor":["M","?","M","?","M","R","M","E","T","M","M","M","M","M","R","B",null,"M","?","$","M","$","R","E","R","T","?","R","M","M","E","R","B"],"character_chosen":"THE_SILENT","items_purchased":["Paper Crane","Blur"],"campfire_rested":0,"item_purchase_floors":[20,20],"current_hp_per_floor":[66,66,65,65,64,64,64,57,57,53,49,46,45,45,45,5,70,62,62,62,61,61,61,25,25,25,25,25,3,32,23,23,0,0],"gold":347,"neow_bonus":"BOSS_RELIC","is_daily":false,"chose_seed":false,"campfire_upgraded":6,"win_rate":0.0,"timestamp":1613233850,"path_taken":["M","?","M","?","M","R","M","E","T","?","M","M","M","M","R","BOSS","M","?","$","?","?","R","E","R","T","?","R","M","M","E","R","BOSS"],"items_purchased_type":["Relic","Card"],"build_version":"2020-12-22","purchased_purges":2,"victory":false,"max_hp_per_floor":[70,70,70,70,70,70,70,70,70,70,70,70,70,70,70,70,70,70,70,70,70,70,70,70,70,70,70,70,70,70,70,70,70,70],"card_choices":[{"not_picked":["Bane","Dagger Throw","Quick Slash"],"picked":"SKIP","floor":1},{"not_picked":["Leg Sweep","Bane","Deflect"],"picked":"SKIP","floor":3},{"not_picked":["Deflect","Reflex","Flechettes"],"picked":"SKIP","floor":5},{"not_picked":["Sucker Punch","Deflect"],"picked":"Blade Dance","floor":7},{"not_picked":["Eviscerate","Poisoned Stab"],"picked":"Masterful Stab","floor":8},{"not_picked":["Quick Slash","Blade Dance","Deadly Poison"],"picked":"SKIP","floor":10},{"not_picked":["Flying Knee","Infinite Blades","Leg Sweep"],"picked":"SKIP","floor":11},{"not_picked":["Underhanded Strike","Infinite Blades","Flying Knee"],"picked":"SKIP","floor":12},{"not_picked":["Sucker Punch","Cloak And Dagger"],"picked":"Finisher","floor":13},{"not_picked":["Poisoned Stab","Reflex"],"picked":"Tactician","floor":14},{"not_picked":["A Thousand Cuts","Bullet Time"],"picked":"After Image","floor":16},{"not_picked":["Sucker Punch","Blade Dance","Setup"],"picked":"SKIP","floor":18},{"not_picked":["Blade Dance","Flying Knee+1"],"picked":"PiercingWail+1","floor":21},{"not_picked":["Quick Slash","Deadly Poison","Skewer"],"picked":"SKIP","floor":24},{"not_picked":["Setup","Underhanded Strike+1"],"picked":"Backflip","floor":29},{"not_picked":["Blade Dance","Underhanded Strike","Backflip"],"picked":"SKIP","floor":30},{"not_picked":["Expertise","Grand Finale","Blur"],"picked":"SKIP","floor":31}],"player_experience":637272,"relics_obtained":[{"floor":8,"key":"CeramicFish"},{"floor":9,"key":"StrikeDummy"},{"floor":24,"key":"Ornamental Fan"},{"floor":26,"key":"Lizard Tail"},{"floor":31,"key":"MawBank"}],"event_choices":[{"damage_healed":0,"gold_gain":175,"player_choice":"AGREE","damage_taken":0,"max_hp_gain":0,"max_hp_loss":0,"event_name":"Liars Game","floor":2,"gold_loss":0,"cards_obtained":["Doubt"]},{"damage_healed":0,"gold_gain":0,"player_choice":"Gave Potion","damage_taken":0,"relics_obtained":["CaptainsWheel"],"max_hp_gain":0,"max_hp_loss":0,"event_name":"WeMeetAgain","floor":4,"gold_loss":0},{"damage_healed":0,"gold_gain":0,"cards_transformed":["Strike_G"],"player_choice":"Transformed","damage_taken":0,"max_hp_gain":0,"max_hp_loss":0,"event_name":"Transmorgrifier","floor":19,"gold_loss":0,"cards_obtained":["Malaise"]},{"damage_healed":0,"gold_gain":0,"player_choice":"Rummage","damage_taken":0,"relics_obtained":["WarpedTongs"],"max_hp_gain":0,"max_hp_loss":0,"event_name":"Accursed Blacksmith","floor":27,"gold_loss":0,"cards_obtained":["Pain"]}],"is_beta":false,"boss_relics":[{"not_picked":["Snecko Eye","Velvet Choker"],"picked":"Astrolabe"}],"items_purged_floors":[20,22],"is_endless":false,"potions_floor_spawned":[3,8,12,21,30],"killed_by":"Champ","ascension_level":3}}