{"host":"gj67si5k8996twoo","time":1613209716,"event":{"mods":["100% Spire Juice","Abigail Mod","Act Like it!","Bartender","BaseMod","Chen","Colored Map","Downfall","Friendly Minions","Gensokyo","GifTheSpireLib","Hermit","Highlight Path","Jorbs\u0027s Wanderer Trilogy","KinomotoSakuraMod(????)","Kiyohime????","Koishi","Luminous","Marisa????????","Minty Spire (QoL Compilation)","Onozuka Komachi Mod","Prisma Mod","Railgun Mod","Reimu??????","Remilia??????","Remove Card Discount Mod","Shop Mod","Slumbering Mod","StSLib","Td1madao Mod","The Administrix","The Alterego","The Animator","The Servant 0.9.4","The Valiant","TheSwordswoman","WarShipGirlsR/????R mod","Yakumo Yukari mod","Yohane!","Yuri Mod","Yuyuko"],"gold_per_floor":[113,35,35,35,95,130,144,144,144,171,171,186,205,255,255,350,350,365,415,465,16,36,63,63,95,119,129,25,38,55,130,130,230,230,251,273,122,172,222,222,70,70,70,145,189,189,86,110,110,110,110],"floor_reached":50,"language":"ENG","playtime":3135,"items_purged":["PrismaMod:ChloeCommonAttack","PrismaMod:ChloeCommonAttack","PrismaMod:ChloeCommonDefend","PrismaMod:ChloeCommonDefend","downfall:Bewildered","PrismaMod:ChloeCommonAttack","PrismaMod:ChloeCommonAttack","PrismaMod:ChloeCommonAttack","PrismaMod:ChloeCommonDefend","PrismaMod:ChloeCheapAttack","PrismaMod:ChloeCheapDefend"],"score":564,"play_id":"241ae097-02d5-4cd6-b2ae-44cbae7985dd","local_time":"20210213104836","is_ascension_mode":false,"campfire_choices":[{"data":"PrismaMod:ChloeUncommonAOEAttack","floor":8,"key":"SMITH"},{"data":"PrismaMod:ChloeExhaustOne","floor":11,"key":"SMITH"},{"data":"PrismaMod:ChloeExcalibur","floor":15,"key":"SMITH"},{"data":"PrismaMod:ChloeCaladbolg","floor":24,"key":"SMITH"},{"data":"PrismaMod:ChloeGaeBolg","floor":32,"key":"SMITH"},{"data":"PrismaMod:ChloeMaid","floor":40,"key":"SMITH"},{"data":"PrismaMod:ChloeCommonAOEAttack","floor":42,"key":"SMITH"},{"data":"PrismaMod:ChloeEyeOfTheEuryale","floor":46,"key":"SMITH"},{"data":"PrismaMod:ChloeRuleBreaker","floor":49,"key":"SMITH"}],"circlet_count":0,"master_deck":["PrismaMod:ChloeCommonDefend+1","PrismaMod:ChloeCommonDefend+1","PrismaMod:ChloeCheapAttack","PrismaMod:ChloeGaeBolg+1","PrismaMod:ChloeUncommonAOEAttack+1","PrismaMod:ChloeCheapDefendTwo+1","PrismaMod:ChloeRuleBreaker+1","PrismaMod:ChloeGaeBolg+1","PrismaMod:ChloeCheapAttack","PrismaMod:ChloeCheapDefendTwo","PrismaMod:ChloeExhaustOne+1","PrismaMod:ChloeGreatTracePools+1","PrismaMod:ChloeCommonAOEAttack+1","PrismaMod:ChloeExcalibur+1","PrismaMod:ChloeRhongomyniad+1","PrismaMod:ChloeCommonAOEAttack+1","PrismaMod:ChloeCaladbolg+1","PrismaMod:ChloeCheapAttackTwo+1","PrismaMod:ChloeMaid+1","PrismaMod:ChloeEyeOfTheEuryale+1","PrismaMod:ChloeCheapDefendTwo+1","PrismaMod:ChloeEyeOfTheEuryale+1"],"relics":["PrismaMod:PrismaTraceOn","Bird Faced Urn","Prayer Wheel","SsserpentHead","Strawberry","Frozen Egg 2","Shuriken","bronze:MakeshiftBattery","sneckomod:BabySnecko","Medical Kit","Nunchaku","MerchantsRug","Ancient Tea Set","CeramicFish","Cleaning_Rag","ZunR:ReiMu","Centennial Puzzle","Orichalcum","theSlumbering:EnchantedHammer","Mastiff:ReiMu","Potion Belt","Bottled Tornado","Anchor","Strange Spoon"],"acts_visited":["Exordium","TheCity","TheBeyond"],"potions_floor_usage":[16,25,50,50],"damage_taken":[{"damage":6,"enemies":"Cultist","floor":1,"turns":5},{"damage":2,"enemies":"Jaw Worm","floor":5,"turns":2},{"damage":15,"enemies":"3 Sentries","floor":6,"turns":8},{"damage":4,"enemies":"2 Louse","floor":7,"turns":2},{"damage":23,"enemies":"theSlumbering:Adrasteia","floor":10,"turns":8},{"damage":16,"enemies":"Large Slime","floor":13,"turns":4},{"damage":14,"enemies":"Hexaghost","floor":16,"turns":9},{"damage":6,"enemies":"Chosen","floor":18,"turns":3},{"damage":3,"enemies":"Shell Parasite","floor":22,"turns":3},{"damage":16,"enemies":"Gremlin Leader","floor":23,"turns":4},{"damage":12,"enemies":"Book of Stabbing","floor":25,"turns":3},{"damage":0,"enemies":"Centurion and Healer","floor":29,"turns":3},{"damage":15,"enemies":"Snake Plant","floor":30,"turns":2},{"damage":30,"enemies":"Collector","floor":33,"turns":4},{"damage":12,"enemies":"3 Shapes","floor":35,"turns":1},{"damage":0,"enemies":"Orb Walker","floor":36,"turns":2},{"damage":17,"enemies":"Sphere and 2 Shapes","floor":44,"turns":2},{"damage":12,"enemies":"Reptomancer","floor":45,"turns":2},{"damage":4,"enemies":"3 Darklings","floor":48,"turns":3},{"damage":60,"enemies":"Time Eater","floor":50,"turns":8}],"seed_played":"-8492839458974189518","potions_obtained":[{"floor":1,"key":"FairyPotion"},{"floor":6,"key":"Slimebound:ThreeZeroPotion"},{"floor":10,"key":"Block Potion"},{"floor":13,"key":"PanachePotion"},{"floor":18,"key":"GamblersBrew"},{"floor":30,"key":"FairyPotion"},{"floor":36,"key":"PowerPotion"},{"floor":45,"key":"SneckoOil"}],"is_trial":false,"path_per_floor":["M","$","?","?","M","E","M","R","T","E","R","?","M","?","R","B",null,"M","?","?","$","M","E","R","E","T","?","$","M","M","T","R","B",null,"M","M","$","?","?","R","$","R","T","M","E","R","$","M","R","B"],"character_chosen":"CHLOE","items_purchased":["PrismaMod:ChloeUncommonAOEAttack","Medical Kit","Nunchaku","PrismaMod:ChloeCheapAttack","MerchantsRug","Centennial Puzzle","Mastiff:ReiMu","Potion Belt","Strange Spoon"],"campfire_rested":0,"item_purchase_floors":[2,21,21,21,21,28,37,41,47],"current_hp_per_floor":[48,48,36,36,34,50,46,46,46,27,27,47,31,31,31,19,82,76,76,76,76,82,66,66,57,57,57,57,61,48,48,48,20,79,67,67,67,67,67,67,67,67,67,52,42,42,42,40,40,23,23],"gold":110,"neow_bonus":"ONE_RARE_RELIC","is_daily":false,"chose_seed":false,"campfire_upgraded":9,"win_rate":0.0,"timestamp":1613209716,"path_taken":["M","$","?","?","?","E","M","R","T","E","R","?","M","?","R","BOSS","M","?","?","?","M","E","R","E","T","?","?","M","M","?","R","BOSS","M","M","$","?","?","R","$","R","T","?","E","R","?","M","R","BOSS"],"items_purchased_type":["Card","Relic","Relic","Card","Relic","Relic","Relic","Relic","Relic"],"build_version":"2020-12-22","purchased_purges":11,"victory":false,"max_hp_per_floor":[75,75,75,75,75,82,82,82,82,82,82,82,82,82,82,82,82,82,82,82,82,82,82,82,79,79,79,79,79,79,79,79,79,79,79,79,79,79,79,79,79,79,79,79,79,79,79,79,79,79,79],"card_choices":[{"not_picked":["PrismaMod:ChloeExhaustOne","PrismaMod:ChloeRhongomyniad"],"picked":"PrismaMod:ChloeGaeBolg","floor":1},{"not_picked":["PrismaMod:ChloeCheapDefend","PrismaMod:ChloeMaid"],"picked":"PrismaMod:ChloeCheapDefendTwo","floor":5},{"not_picked":["PrismaMod:ChloeCheapAttackTwo","PrismaMod:ChloeBetterTracePools"],"picked":"PrismaMod:ChloeRuleBreaker","floor":5},{"not_picked":["PrismaMod:ChloeDiscardRecovery","PrismaMod:ChloeCheapDefend"],"picked":"PrismaMod:ChloeGaeBolg","floor":6},{"not_picked":["PrismaMod:ChloeDiscardRecovery","PrismaMod:ChloeExhaustOne"],"picked":"PrismaMod:ChloeCheapAttack","floor":7},{"not_picked":["PrismaMod:ChloeRuleBreaker","PrismaMod:ChloeCheapAttack"],"picked":"PrismaMod:ChloeCheapDefendTwo","floor":7},{"not_picked":["PrismaMod:ChloeCheapAttack","PrismaMod:ChloeCheapDefendTwo"],"picked":"PrismaMod:ChloeExhaustOne","floor":10},{"not_picked":["PrismaMod:ChloeDiscardRecovery","PrismaMod:ChloeRuleBreaker"],"picked":"PrismaMod:ChloeGreatTracePools+1","floor":13},{"not_picked":["PrismaMod:ChloeCheapDefend","PrismaMod:ChloeBetterTracePools+1"],"picked":"PrismaMod:ChloeCommonAOEAttack","floor":13},{"not_picked":[],"picked":"PrismaMod:ChloeExcalibur","floor":14},{"not_picked":["PrismaMod:ChloeCheapDefendTwo","PrismaMod:ChloeCheapDefend"],"picked":"PrismaMod:ChloeRhongomyniad+1","floor":18},{"not_picked":["PrismaMod:ChloeCheapAttackTwo","PrismaMod:ChloeUncommonAttack"],"picked":"PrismaMod:ChloeCommonAOEAttack+1","floor":18},{"not_picked":["PrismaMod:ChloeCheapAttackTwo+1","PrismaMod:ChloeCheapDefendTwo"],"picked":"PrismaMod:ChloeCaladbolg","floor":22},{"not_picked":["PrismaMod:ChloeBetterTracePools+1","PrismaMod:ChloeCheapAttackTwo","PrismaMod:ChloeCheapDefendTwo"],"picked":"SKIP","floor":22},{"not_picked":["PrismaMod:ChloeBetterTracePools+1","PrismaMod:ChloeRuleBreaker","PrismaMod:ChloeRitsuka"],"picked":"SKIP","floor":23},{"not_picked":["PrismaMod:ChloeCheapDefend+1","PrismaMod:ChloeRitsuka","PrismaMod:ChloeDiscardRecovery"],"picked":"SKIP","floor":25},{"not_picked":["PrismaMod:ChloeCheapAttackTwo","PrismaMod:ChloeAnyUncommonTrace","PrismaMod:ChloeExhaustOne+1"],"picked":"SKIP","floor":29},{"not_picked":["PrismaMod:ChloeCheapAttackTwo","PrismaMod:ChloeDiscardRecovery","PrismaMod:ChloeCheapDefend"],"picked":"SKIP","floor":29},{"not_picked":["PrismaMod:ChloeExhaustOne+1","PrismaMod:ChloeDiscardRecovery","PrismaMod:ChloeCheapDefendTwo"],"picked":"SKIP","floor":30},{"not_picked":["PrismaMod:ChloeCheapAttack+1","PrismaMod:ChloeChristmas","PrismaMod:ChloeUnlimitedBladeWorks"],"picked":"SKIP","floor":30},{"not_picked":["PrismaMod:ChloeCommonAOEAttack","PrismaMod:ChloeCheapDefend"],"picked":"PrismaMod:ChloeCheapAttackTwo+1","floor":35},{"not_picked":["PrismaMod:ChloeChristmas+1","PrismaMod:ChloeDemonicTutor","PrismaMod:ChloeCheapDefend"],"picked":"SKIP","floor":35},{"not_picked":["PrismaMod:ChloeDiscardRecovery","PrismaMod:ChloeCheapDefend+1"],"picked":"PrismaMod:ChloeMaid","floor":36},{"not_picked":["PrismaMod:ChloeExhaustOne+1","PrismaMod:ChloeDiscardRecovery+1","PrismaMod:ChloeExcalibur"],"picked":"SKIP","floor":36},{"not_picked":["PrismaMod:ChloeCheapDefendTwo","PrismaMod:ChloeCheapAttack"],"picked":"PrismaMod:ChloeEyeOfTheEuryale","floor":44},{"not_picked":["PrismaMod:ChloeRhongomyniad","PrismaMod:ChloeChristmas+1","PrismaMod:ChloeCaladbolg"],"picked":"SKIP","floor":44},{"not_picked":["PrismaMod:ChloeDiscardRecovery+1","PrismaMod:ChloeGaeBolg"],"picked":"PrismaMod:ChloeCheapDefendTwo+1","floor":45},{"not_picked":["PrismaMod:ChloeCheapAttack+1","PrismaMod:ChloeDemonicTutor"],"picked":"PrismaMod:ChloeEyeOfTheEuryale+1","floor":48},{"not_picked":["PrismaMod:ChloeCheapAttackTwo+1","PrismaMod:ChloeCheapAttack","PrismaMod:ChloeGaeBolg"],"picked":"SKIP","floor":48}],"player_experience":241097,"relics_obtained":[{"floor":6,"key":"Strawberry"},{"floor":9,"key":"Frozen Egg 2"},{"floor":10,"key":"Shuriken"},{"floor":23,"key":"Ancient Tea Set"},{"floor":25,"key":"CeramicFish"},{"floor":26,"key":"Cleaning_Rag"},{"floor":31,"key":"Orichalcum"},{"floor":43,"key":"Bottled Tornado"},{"floor":45,"key":"Anchor"}],"event_choices":[{"damage_healed":0,"gold_gain":0,"player_choice":"Success","damage_taken":12,"relics_obtained":["Prayer Wheel"],"max_hp_gain":0,"max_hp_loss":0,"event_name":"Scrap Ooze","floor":3,"gold_loss":0},{"damage_healed":0,"gold_gain":0,"player_choice":"Trade","damage_taken":0,"relics_obtained":["SsserpentHead"],"max_hp_gain":0,"max_hp_loss":0,"event_name":"FaceTrader","floor":4,"gold_loss":0},{"damage_healed":20,"gold_gain":0,"player_choice":"Healed","damage_taken":0,"max_hp_gain":0,"max_hp_loss":0,"event_name":"The Cleric","floor":12,"gold_loss":35},{"damage_healed":0,"gold_gain":0,"player_choice":"Ignored","damage_taken":0,"max_hp_gain":0,"max_hp_loss":0,"event_name":"Beggar","floor":19,"gold_loss":0},{"damage_healed":0,"gold_gain":0,"player_choice":"Keep O-miki","damage_taken":0,"relics_obtained":["ZunR:ReiMu"],"max_hp_gain":0,"max_hp_loss":0,"event_name":"ZunEvent","floor":27,"gold_loss":40},{"damage_healed":0,"gold_gain":0,"player_choice":"Memory 1","damage_taken":0,"max_hp_gain":0,"max_hp_loss":0,"event_name":"SensoryStone","floor":39,"gold_loss":0}],"is_beta":false,"boss_relics":[{"not_picked":["Ectoplasm","Pandora\u0027s Box"],"picked":"bronze:MakeshiftBattery"},{"not_picked":["Runic Dome","Philosopher\u0027s Stone"],"picked":"theSlumbering:EnchantedHammer"}],"items_purged_floors":[2,2,2,2,21,21,21,21,21,37,37],"is_endless":false,"potions_floor_spawned":[1,6,10,13,18,30,36,45],"killed_by":"Time Eater","ascension_level":0}}