{"host":"6hzrz31j95f2y1pa","time":1613197440,"event":{"mods":["BaseMod","Colored Map","Downfall","Minty Spire (QoL Compilation)","StSLib"],"gold_per_floor":[99,111,129,143,157,177,227,127,127,127,139,165,75,85,104,199,199,99,116,134,134,148,162,162,247,273,273,173,202,40,124,144,239,239,239,253,253,263,105,120,196,196,196,196],"floor_reached":42,"language":"ENG","playtime":1836,"items_purged":["Slimebound:Defend_Slimebound","downfall:Icky"],"score":533,"play_id":"72a84fb2-0cae-4895-b6eb-b87c4ef7d410","local_time":"20210213012400","is_ascension_mode":true,"campfire_choices":[{"data":"Slimebound:CorrosiveSpit","floor":1,"key":"SMITH"},{"data":"Slimebound:DisruptingSlam","floor":8,"key":"SMITH"},{"floor":10,"key":"RECALL"},{"data":"Slimebound:MassRepurpose","floor":18,"key":"SMITH"},{"data":"Slimebound:SpikyOuterGoop","floor":28,"key":"SMITH"},{"floor":35,"key":"REST"}],"circlet_count":0,"master_deck":["Slimebound:Strike_Slimebound","Slimebound:Strike_Slimebound","Slimebound:Strike_Slimebound+1","Slimebound:Tackle","Slimebound:Defend_Slimebound","Slimebound:Defend_Slimebound","Slimebound:Defend_Slimebound","Slimebound:Split+1","Slimebound:CorrosiveSpit+1","Slimebound:SlimeTap","Slimebound:SplitBruiser","Slimebound:SplitLeeching","Slimebound:SplitBruiser","Slimebound:DisruptingSlam+1","Slimebound:ServeAndProtect","Slimebound:SpikyOuterGoop+1","Slimebound:MassRepurpose+1","Slimebound:PressTheAttack","Slimebound:Schlurp","Slimebound:SamplingLick+1","Slimebound:SplitAcid","Slimebound:Teamwork","Slimebound:SplitSpecialist","Slimebound:SelfFormingGoo","Slimebound:LeadByExample","Slimebound:RainOfGoop+1","Slimebound:SelfFormingGoo","Regret"],"relics":["Slimebound:AbsorbEndCombat","downfall:HeartBlessingBlue","InkBottle","Cursed Key","downfall:HeartBlessingRed","Enchiridion","Mummified Hand","Art of War","downfall:HeartBlessingGreen","Slimebound:PreparedRelic","champ:Barbells","ClockworkSouvenir","Fusion Hammer","Sundial"],"acts_visited":["Exordium","TheCity","TheBeyond"],"potions_floor_usage":[16,22,42],"damage_taken":[{"damage":0,"enemies":"Cultist","floor":2,"turns":2},{"damage":3,"enemies":"Small Slimes","floor":3,"turns":3},{"damage":2,"enemies":"2 Louse","floor":4,"turns":4},{"damage":0,"enemies":"Blue Slaver","floor":5,"turns":3},{"damage":2,"enemies":"2 Fungi Beasts","floor":6,"turns":3},{"damage":10,"enemies":"Lots of Slimes","floor":11,"turns":3},{"damage":22,"enemies":"Lagavulin","floor":12,"turns":5},{"damage":3,"enemies":"downfall:FleeingMerchant","floor":13,"turns":4},{"damage":4,"enemies":"Blue Slaver","floor":14,"turns":2},{"damage":9,"enemies":"Exordium Thugs","floor":15,"turns":3},{"damage":25,"enemies":"DF_ARCHETYPE_STREAMLINE","floor":16,"turns":8},{"damage":0,"enemies":"3 Byrds","floor":19,"turns":3},{"damage":0,"enemies":"Sentry and Sphere","floor":20,"turns":4},{"damage":0,"enemies":"Shelled Parasite and Fungi","floor":22,"turns":4},{"damage":1,"enemies":"Snake Plant","floor":23,"turns":3},{"damage":10,"enemies":"Book of Stabbing","floor":26,"turns":4},{"damage":4,"enemies":"Slavers","floor":29,"turns":5},{"damage":18,"enemies":"downfall:FleeingMerchant","floor":30,"turns":4},{"damage":3,"enemies":"downfall:FleeingMerchant","floor":31,"turns":4},{"damage":0,"enemies":"Snecko","floor":32,"turns":3},{"damage":15,"enemies":"IC_MUSHROOM_ARCHETYPE","floor":33,"turns":7},{"damage":1,"enemies":"3 Shapes","floor":36,"turns":3},{"damage":10,"enemies":"3 Shapes","floor":37,"turns":4},{"damage":30,"enemies":"3 Darklings","floor":38,"turns":4},{"damage":16,"enemies":"Jaw Worm Horde","floor":40,"turns":3},{"damage":36,"enemies":"Reptomancer","floor":42,"turns":2}],"seed_played":"1473415927146220193","potions_obtained":[{"floor":4,"key":"Strength Potion"},{"floor":12,"key":"Ancient Potion"},{"floor":14,"key":"Slimebound:SlimyTonguePotion"},{"floor":16,"key":"Block Potion"},{"floor":22,"key":"Weak Potion"},{"floor":27,"key":"CultistPotion"},{"floor":32,"key":"PowerPotion"}],"is_trial":false,"path_per_floor":["R","M","M","M","M","M","T","R","?","R","M","E","$","M","M","B",null,"R","M","M","?","M","M","T","?","E","?","R","E","$","$","M","B",null,"R","M","?","M","$","M","T","E"],"character_chosen":"SLIMEBOUND","items_purchased":["champ:Barbells","ClockworkSouvenir","Slimebound:SelfFormingGoo"],"campfire_rested":1,"item_purchase_floors":[30,31,39],"current_hp_per_floor":[65,65,64,65,65,65,65,75,75,75,65,51,54,52,47,30,75,75,75,75,59,63,66,66,54,52,52,52,54,59,62,66,59,75,75,74,69,43,43,31,31,0,0,0],"gold":196,"neow_bonus":"THREE_CARDS","is_daily":false,"chose_seed":false,"campfire_upgraded":4,"win_rate":0.0,"timestamp":1613197440,"path_taken":["R","M","M","M","?","M","T","R","?","R","M","E","?","M","M","BOSS","R","M","M","?","M","M","T","?","E","?","R","E","?","$","M","BOSS","R","M","?","M","$","M","T","E"],"items_purchased_type":["Relic","Relic","Card"],"build_version":"2020-12-22","purchased_purges":2,"victory":false,"max_hp_per_floor":[65,65,65,65,65,65,65,75,75,75,75,75,75,75,75,75,75,75,75,75,75,75,75,75,75,75,75,75,75,75,75,75,75,75,75,75,75,75,75,75,75,75,75,75],"card_choices":[{"not_picked":["Slimebound:Schlurp","Slimebound:PressTheAttack"],"picked":"Slimebound:SlimeTap","floor":0},{"not_picked":["Slimebound:FinishingTackle","Slimebound:Schlurp"],"picked":"Slimebound:SplitBruiser","floor":2},{"not_picked":["Slimebound:SlimeTap","Slimebound:HauntingLick"],"picked":"Slimebound:SplitLeeching","floor":3},{"not_picked":["Slimebound:ComboTackle","Slimebound:Equalize"],"picked":"Slimebound:SplitBruiser","floor":4},{"not_picked":["Slimebound:GoopTackle","Slimebound:ProtectTheBoss"],"picked":"Slimebound:DisruptingSlam","floor":5},{"not_picked":["Slimebound:Nibble","Slimebound:FinishingTackle","Slimebound:SlimeSpikes"],"picked":"SKIP","floor":6},{"not_picked":["Slimebound:ComboTackle","Slimebound:Chomp","Slimebound:Dissolve"],"picked":"SKIP","floor":11},{"not_picked":["Slimebound:SlimeBrawl","Slimebound:GoopSpray","Slimebound:FinishingTackle"],"picked":"SKIP","floor":12},{"not_picked":["Slimebound:DivideAndConquer","Slimebound:DuplicatedForm","Slimebound:GoopTackle"],"picked":"SKIP","floor":13},{"not_picked":["Slimebound:SplitAcid","Slimebound:SlimeSpikes"],"picked":"Slimebound:ServeAndProtect","floor":14},{"not_picked":["Slimebound:ViciousTackle","Slimebound:Schlurp"],"picked":"Slimebound:SpikyOuterGoop","floor":15},{"not_picked":["Slimebound:CheckThePlaybook","Slimebound:SlimeSlap"],"picked":"Slimebound:MassRepurpose","floor":16},{"not_picked":["Slimebound:SplitMire","Slimebound:Equalize+1"],"picked":"Slimebound:PressTheAttack","floor":19},{"not_picked":["Slimebound:FinishingTackle","Slimebound:ComboTackle+1"],"picked":"Slimebound:Schlurp","floor":20},{"not_picked":["Slimebound:GrowthPunch","Slimebound:ServeAndProtect"],"picked":"Slimebound:SamplingLick+1","floor":22},{"not_picked":["Slimebound:LeechingTouch","Slimebound:ServeAndProtect+1"],"picked":"Slimebound:SplitAcid","floor":23},{"not_picked":["Slimebound:Chomp","Slimebound:ProtectTheBoss","Slimebound:LeechingTouch"],"picked":"SKIP","floor":26},{"not_picked":["Slimebound:MegaLick","Slimebound:SplitLeeching","Slimebound:BestDefense+1"],"picked":"SKIP","floor":29},{"not_picked":["Slimebound:MegaLick","Slimebound:SplitLeeching","Slimebound:BestDefense+1"],"picked":"SKIP","floor":29},{"not_picked":["Slimebound:GoopSpray","Slimebound:ServeAndProtect"],"picked":"Slimebound:Teamwork","floor":30},{"not_picked":["Slimebound:PressTheAttack","Slimebound:SplitLeeching","Slimebound:ItLooksTasty"],"picked":"SKIP","floor":31},{"not_picked":["Slimebound:ItLooksTasty","Slimebound:Prepare"],"picked":"Slimebound:SplitSpecialist","floor":32},{"not_picked":["Slimebound:MassFeed","Slimebound:TagTeam"],"picked":"Slimebound:SelfFormingGoo","floor":33},{"not_picked":["Slimebound:LeechingTouch","Slimebound:RollThrough+1"],"picked":"Slimebound:LeadByExample","floor":36},{"not_picked":["Slimebound:SlimeBrawl+1","Slimebound:GoopTackle"],"picked":"Slimebound:RainOfGoop+1","floor":38},{"not_picked":["Slimebound:GoopTackle+1","Slimebound:FormOfPuddle","Slimebound:FinishingTackle"],"picked":"SKIP","floor":40}],"player_experience":1432317,"relics_obtained":[{"floor":12,"key":"InkBottle"},{"floor":21,"key":"Enchiridion"},{"floor":24,"key":"Mummified Hand"},{"floor":26,"key":"Art of War"},{"floor":29,"key":"Slimebound:PreparedRelic"},{"floor":41,"key":"Sundial"}],"event_choices":[],"is_beta":false,"boss_relics":[{"not_picked":["bronze:MakeshiftBattery","Snecko Eye"],"picked":"Cursed Key"},{"not_picked":["Astrolabe","Runic Dome"],"picked":"Fusion Hammer"}],"items_purged_floors":[13,31],"is_endless":false,"potions_floor_spawned":[4,12,14,16,22,32,33,36],"killed_by":"Reptomancer","ascension_level":3}}