{"host":"m4pe905ae9bldoe7","time":1613257339,"event":{"mods":["BaseMod","Bestiary","Block Reminder","Downfall","Minty Spire (QoL Compilation)","StSLib"],"gold_per_floor":[118,131,48,48,48,77,77,112,112,112,142,142,154,187,187,261,261,280,280,299,61,36,36,65,8,8,8,8,8,26,26,36,36,65,65,139,139,156,156,171,72,123,123,135,135,135,162,162,162,173,183,256,291,291,291,291,291,291,27,52,52,52],"floor_reached":61,"language":"ENG","playtime":1777,"items_purged":["Defend_R"],"score":1644,"play_id":"44d5993a-82e2-44ce-b0d3-4e6d179d59b8","local_time":"20210214000219","is_ascension_mode":true,"campfire_choices":[{"data":"Limit Break","floor":7.0,"key":"SMITH"},{"floor":10.0,"key":"REST"},{"floor":12.0,"key":"REST"},{"data":"Flex","floor":15.0,"key":"SMITH"},{"data":"Flex","floor":23.0,"key":"SMITH"},{"floor":31.0,"key":"REST"},{"data":"Flex","floor":33.0,"key":"SMITH"},{"data":"Inflame","floor":35.0,"key":"SMITH"},{"floor":43.0,"key":"REST"},{"floor":46.0,"key":"REST"},{"floor":49.0,"key":"RECALL"},{"floor":54.0,"key":"REST"},{"data":"Battle Trance","floor":55.0,"key":"SMITH"},{"floor":58.0,"key":"REST"}],"circlet_count":0,"master_deck":["AscendersBane","Strike_R","Strike_R+1","Strike_R","Strike_R","Strike_R","Defend_R","Defend_R","Defend_R","Bash","Carnage+1","Flex+1","Limit Break+1","Twin Strike+1","Offering","Twin Strike+1","Sever Soul+1","Flex+1","Perfected Strike+1","Battle Trance+1","Limit Break+1","Thunderclap+1","Pommel Strike+1","Necronomicurse","Pommel Strike+1","Inflame+1","Limit Break+1","Disarm+1","Disarm+1","Cleave+1","Flex+1","Ghostly Armor+1","Heavy Blade+1","Dual Wield+1","Doubt","Perfected Strike+1","Pummel+1","Dual Wield+1","Flex+1","Headbutt+1","Metallicize","Twin Strike+1"],"relics":["Burning Blood","NeowsBlessing","Mummified Hand","Kunai","StrikeDummy","Molten Egg 2","TungstenRod","bronze:MakeshiftBattery","DollysMirror","Potion Belt","Pear","Toxic Egg 2","Necronomicon","Thread and Needle","Bird Faced Urn","Juzu Bracelet","Gremlin Horn","Incense Burner","Sundial"],"acts_visited":["Exordium","TheCity","TheBeyond","TheEnding"],"potions_floor_usage":[60,61,61,61],"damage_taken":[{"damage":0.0,"enemies":"Cultist","floor":1.0,"turns":1.0},{"damage":0.0,"enemies":"Small Slimes","floor":2.0,"turns":1.0},{"damage":0.0,"enemies":"Lagavulin","floor":6.0,"turns":1.0},{"damage":20.0,"enemies":"3 Sentries","floor":8.0,"turns":8.0},{"damage":17.0,"enemies":"Gremlin Nob","floor":11.0,"turns":3.0},{"damage":6.0,"enemies":"2 Louse","floor":13.0,"turns":1.0},{"damage":14.0,"enemies":"3 Sentries","floor":14.0,"turns":5.0},{"damage":5.0,"enemies":"Slime Boss","floor":16.0,"turns":4.0},{"damage":19.0,"enemies":"3 Byrds","floor":18.0,"turns":4.0},{"damage":16.0,"enemies":"Chosen","floor":20.0,"turns":3.0},{"damage":29.0,"enemies":"Gremlin Leader","floor":24.0,"turns":4.0},{"damage":0.0,"enemies":"Snake Plant","floor":30.0,"turns":1.0},{"damage":0.0,"enemies":"Centurion and Healer","floor":32.0,"turns":3.0},{"damage":15.0,"enemies":"Book of Stabbing","floor":34.0,"turns":3.0},{"damage":22.0,"enemies":"Champ","floor":36.0,"turns":4.0},{"damage":20.0,"enemies":"3 Darklings","floor":38.0,"turns":3.0},{"damage":8.0,"enemies":"3 Shapes","floor":40.0,"turns":2.0},{"damage":49.0,"enemies":"2 Orb Walkers","floor":42.0,"turns":4.0},{"damage":27.0,"enemies":"Maw","floor":44.0,"turns":4.0},{"damage":11.0,"enemies":"Writhing Mass","floor":50.0,"turns":2.0},{"damage":26.0,"enemies":"Sphere and 2 Shapes","floor":51.0,"turns":6.0},{"damage":32.0,"enemies":"Giant Head","floor":53.0,"turns":5.0},{"damage":28.0,"enemies":"Donu and Deca","floor":56.0,"turns":2.0},{"damage":6,"enemies":"Shield and Spear","floor":60,"turns":2},{"damage":103,"enemies":"The Heart","floor":61,"turns":5}],"seed_played":"5741635233570379074","potions_obtained":[{"floor":1.0,"key":"SpeedPotion"},{"floor":2.0,"key":"EssenceOfSteel"},{"floor":13.0,"key":"Swift Potion"},{"floor":14.0,"key":"BloodPotion"},{"floor":18.0,"key":"Ancient Potion"},{"floor":30.0,"key":"SpeedPotion"},{"floor":36.0,"key":"Ancient Potion"},{"floor":42.0,"key":"sneckomod:MuddlingPotion"},{"floor":50.0,"key":"SkillPotion"},{"floor":60,"key":"bronze:BurnAndBuffPotion"}],"is_trial":false,"path_per_floor":["M","M","$","?","?","E","R","E","T","R","E","R","M","E","R","B",null,"M","?","M","$","$","R","E","$","T","T","?","$","M","R","M","R","E","R","B",null,"M","?","M","$","?","R","M","?","R","T","?","R","M","M","T","E","R","R","B",null,"R","$","E","B"],"character_chosen":"IRONCLAD","items_purchased":["Limit Break","DollysMirror","Flex","Pommel Strike+1","Flex+1","Ghostly Armor+1","Flex+1","Headbutt+1","Strength Potion","FearPotion","Metallicize"],"campfire_rested":7,"item_purchase_floors":[3,21,22,25,41,41,59,59,59,59,59],"current_hp_per_floor":[74,75,75,52,26,32,32,18,18,40,29,51,51,43,43,44,67,54,54,59,59,59,59,36,36,46,46,29,29,35,60,66,66,57,57,41,74,60,60,58,58,15,40,21,21,46,46,85,85,80,66,66,46,71,71,51,77,85,85,85,0,0],"gold":52,"neow_bonus":"THREE_ENEMY_KILL","is_daily":false,"chose_seed":false,"campfire_upgraded":6,"win_rate":0.0,"timestamp":1613257339,"path_taken":["M","M","?","?","?","E","R","E","T","R","E","R","M","E","R","BOSS","M","?","M","?","$","R","E","$","T","T","?","$","M","R","?","R","E","R","BOSS","M","?","?","$","?","R","M","?","R","T","?","R","M","M","?","E","R","R","BOSS","R","$","E","BOSS"],"items_purchased_type":["Card","Relic","Card","Card","Card","Card","Card","Card","Potion","Potion","Card"],"build_version":"2020-12-22","purchased_purges":1,"victory":false,"max_hp_per_floor":[75,75,75,75,75,75,75,75,75,75,75,75,75,75,75,75,75,75,75,75,75,75,75,75,75,85,85,85,85,85,85,85,85,85,85,85,85,85,85,85,85,85,85,85,85,85,85,85,85,85,85,85,85,85,85,85,85,85,85,85,85,85],"card_choices":[{"not_picked":["Reckless Charge","Ghostly Armor"],"picked":"Carnage","floor":1.0},{"not_picked":["Iron Wave","Thunderclap"],"picked":"Flex","floor":2.0},{"not_picked":["Iron Wave","Evolve"],"picked":"Twin Strike","floor":6.0},{"not_picked":["Clash","Combust"],"picked":"Offering","floor":8.0},{"not_picked":["Uppercut+1","True Grit"],"picked":"Twin Strike+1","floor":11.0},{"not_picked":["Flame Barrier","Blood for Blood+1"],"picked":"Sever Soul+1","floor":13.0},{"not_picked":["Thunderclap+1","Havoc"],"picked":"Flex","floor":14.0},{"not_picked":["Havoc","Clothesline+1"],"picked":"Perfected Strike+1","floor":18.0},{"not_picked":["Shrug It Off","Rampage+1"],"picked":"Battle Trance","floor":20.0},{"not_picked":["Intimidate","Sever Soul+1"],"picked":"Thunderclap+1","floor":24.0},{"not_picked":["Anger+1","Intimidate+1","Whirlwind+1"],"picked":"SKIP","floor":30.0},{"not_picked":["Clash+1","Iron Wave+1"],"picked":"Pommel Strike+1","floor":32.0},{"not_picked":["Wild Strike+1","Body Slam+1"],"picked":"Inflame","floor":34.0},{"not_picked":["Immolate+1","Brutality"],"picked":"Limit Break+1","floor":36.0},{"not_picked":["Armaments+1","Perfected Strike+1"],"picked":"Disarm+1","floor":38.0},{"not_picked":["Armaments+1","Flex+1"],"picked":"Cleave+1","floor":40.0},{"not_picked":["Shockwave+1","Combust"],"picked":"Heavy Blade+1","floor":42.0},{"not_picked":["True Grit+1","Wild Strike+1"],"picked":"Dual Wield+1","floor":44.0},{"not_picked":["Whirlwind+1","True Grit+1"],"picked":"Perfected Strike+1","floor":50.0},{"not_picked":["Barricade","Perfected Strike+1"],"picked":"Pummel+1","floor":51.0},{"not_picked":["Disarm+1","Intimidate+1"],"picked":"Dual Wield+1","floor":53.0},{"not_picked":["Battle Trance+1","Wild Strike+1"],"picked":"Twin Strike+1","floor":60}],"player_experience":600762,"relics_obtained":[{"floor":6.0,"key":"Kunai"},{"floor":8.0,"key":"StrikeDummy"},{"floor":11.0,"key":"Molten Egg 2"},{"floor":14.0,"key":"TungstenRod"},{"floor":24.0,"key":"Potion Belt"},{"floor":26.0,"key":"Pear"},{"floor":27.0,"key":"Toxic Egg 2"},{"floor":28.0,"key":"Necronomicon"},{"floor":34.0,"key":"Thread and Needle"},{"floor":42.0,"key":"Bird Faced Urn"},{"floor":47.0,"key":"Juzu Bracelet"},{"floor":52.0,"key":"Gremlin Horn"},{"floor":53.0,"key":"Incense Burner"},{"floor":60,"key":"Sundial"}],"event_choices":[{"damage_healed":0.0,"max_hp_gain":0.0,"max_hp_loss":0.0,"gold_gain":0.0,"event_name":"Shining Light","player_choice":"Entered Light","floor":4.0,"gold_loss":0.0,"damage_taken":23.0,"cards_upgraded":["Strike_R","Carnage"]},{"damage_healed":0.0,"max_hp_gain":0.0,"max_hp_loss":0.0,"gold_gain":0.0,"event_name":"Scrap Ooze","player_choice":"Success","floor":5.0,"gold_loss":0.0,"damage_taken":26.0,"relics_obtained":["Mummified Hand"]},{"damage_healed":0.0,"max_hp_gain":0.0,"max_hp_loss":0.0,"gold_gain":0.0,"event_name":"Upgrade Shrine","player_choice":"Upgraded","floor":19.0,"gold_loss":0.0,"damage_taken":0.0,"cards_upgraded":["Twin Strike"]},{"damage_healed":0.0,"max_hp_gain":0.0,"max_hp_loss":0.0,"gold_gain":0.0,"event_name":"Cursed Tome","player_choice":"Obtained Book","floor":28.0,"gold_loss":0.0,"damage_taken":21.0},{"damage_healed":0.0,"max_hp_gain":0.0,"max_hp_loss":0.0,"gold_gain":0.0,"event_name":"Duplicator","player_choice":"Copied","floor":39.0,"gold_loss":0.0,"damage_taken":0.0,"cards_obtained":["Disarm"]},{"damage_healed":0.0,"max_hp_gain":0.0,"max_hp_loss":0.0,"gold_gain":0.0,"event_name":"Mysterious Sphere","player_choice":"Fight","floor":42.0,"gold_loss":0.0,"damage_taken":0.0},{"cards_removed":["Flex"],"damage_healed":0.0,"max_hp_gain":0.0,"max_hp_loss":0.0,"gold_gain":0.0,"event_name":"Falling","player_choice":"Removed Skill","floor":45.0,"gold_loss":0.0,"damage_taken":0.0},{"damage_healed":39.0,"max_hp_gain":0.0,"max_hp_loss":0.0,"gold_gain":0.0,"event_name":"MindBloom","player_choice":"Heal","floor":48.0,"gold_loss":0.0,"damage_taken":0.0,"cards_obtained":["Doubt"]}],"is_beta":false,"boss_relics":[{"not_picked":["Black Blood","Runic Dome"],"picked":"bronze:MakeshiftBattery"},{"not_picked":["Velvet Choker","Snecko Eye","Sozu"]}],"items_purged_floors":[21],"is_endless":false,"potions_floor_spawned":[1,2,13,14,18,30,36,42,50,53,60],"killed_by":"The Heart","ascension_level":18}}