{"host":"8vqkh0x3c7vpgzzm","time":1613249331,"event":{"mods":["AchievementEnabler","BaseMod","Colored Map","Colored Powertips","Curses Come First","DeckTracker","Highlight Path","Minty Spire (QoL Compilation)","Permanent Neow","Quick Restart","Random Character Mod","Rare Cards Sparkle","Relic Sorter","Relic Stats","StSLib","SuperFastMode","Unceasing Turn Reminder","egg","everything is the same but u backflip on backflip"],"gold_per_floor":[116,116,41,51,9,9,27,27,53,53,3,16,16,35,35,111,111,130,144,157,157,157],"floor_reached":21,"language":"ENG","playtime":641,"items_purged":["Strike_R"],"score":342,"play_id":"296ae895-3540-4b50-9cb5-033787ad2f14","local_time":"20210213214851","is_ascension_mode":true,"campfire_choices":[{"data":"Hemokinesis","floor":6,"key":"SMITH"},{"data":"Bash","floor":8,"key":"SMITH"},{"data":"Shrug It Off","floor":10,"key":"SMITH"},{"data":"Reckless Charge","floor":15,"key":"SMITH"}],"circlet_count":0,"master_deck":["AscendersBane","Strike_R","Strike_R","Strike_R","Defend_R","Defend_R","Defend_R","Defend_R","Bash+1","Reckless Charge+1","Shrug It Off+1","Hemokinesis+1","Thunderclap","Headbutt","Offering","Immolate","Sword Boomerang+1","Ghostly Armor"],"relics":["Black Blood","NeowsBlessing","Thread and Needle","Smiling Mask","NlothsMask"],"acts_visited":["Exordium","TheCity"],"potions_floor_usage":[16,16,21],"damage_taken":[{"damage":0,"enemies":"2 Louse","floor":1,"turns":1},{"damage":0,"enemies":"Jaw Worm","floor":4,"turns":1},{"damage":0,"enemies":"Cultist","floor":7,"turns":1},{"damage":2,"enemies":"Looter","floor":12,"turns":3},{"damage":8,"enemies":"2 Fungi Beasts","floor":14,"turns":5},{"damage":41,"enemies":"Hexaghost","floor":16,"turns":7},{"damage":12,"enemies":"Chosen","floor":18,"turns":4},{"damage":10,"enemies":"Spheric Guardian","floor":19,"turns":3},{"damage":40,"enemies":"Shelled Parasite and Fungi","floor":20,"turns":5},{"damage":45,"enemies":"Snecko","floor":21,"turns":7}],"seed_played":"-100577912172017312","potions_obtained":[{"floor":12,"key":"DuplicationPotion"},{"floor":14,"key":"Swift Potion"},{"floor":20,"key":"Dexterity Potion"}],"is_trial":false,"path_per_floor":["M","?","?","M","$","R","M","R","T","R","$","M","?","M","R","B",null,"M","M","M","M"],"character_chosen":"IRONCLAD","items_purchased":["Hemokinesis"],"campfire_rested":0,"item_purchase_floors":[5],"current_hp_per_floor":[74,56,56,62,62,62,68,68,68,68,68,72,72,70,70,35,65,65,67,39,0,0],"gold":157,"neow_bonus":"THREE_ENEMY_KILL","is_daily":false,"chose_seed":false,"campfire_upgraded":4,"win_rate":0.0,"timestamp":1613249331,"path_taken":["M","?","?","?","$","R","M","R","T","R","$","M","?","M","R","BOSS","M","M","M","?"],"items_purchased_type":["Card"],"build_version":"2020-12-22","purchased_purges":1,"victory":false,"max_hp_per_floor":[75,75,75,75,75,75,75,75,75,75,75,75,75,75,75,75,75,75,75,75,75,75],"relic_stats":{"counters":[10,37],"Black Blood":72,"Smiling Mask":25,"obtain_stats":[{"NeowsBlessing":0,"Black Blood":17,"Thread and Needle":2,"Smiling Mask":9,"Burning Blood":0,"NlothsMask":13},{"NeowsBlessing":0,"Black Blood":6,"Thread and Needle":1,"Smiling Mask":3,"Burning Blood":0,"NlothsMask":4},{"NeowsBlessing":0,"Black Blood":18,"Thread and Needle":1,"Smiling Mask":3,"Burning Blood":0,"NlothsMask":6}]},"card_choices":[{"not_picked":["Flex","Rupture"],"picked":"Reckless Charge","floor":1},{"not_picked":["Blood for Blood","Clash"],"picked":"Shrug It Off","floor":4},{"not_picked":["Warcry","Rupture"],"picked":"Thunderclap","floor":7},{"not_picked":["Sword Boomerang","Clash"],"picked":"Headbutt","floor":12},{"not_picked":["Body Slam","Inflame"],"picked":"Offering","floor":14},{"not_picked":["Juggernaut","Fiend Fire"],"picked":"Immolate","floor":16},{"not_picked":["Armaments","True Grit"],"picked":"Sword Boomerang+1","floor":18},{"not_picked":["Havoc","Wild Strike","Headbutt"],"picked":"SKIP","floor":19},{"not_picked":["True Grit","Twin Strike+1"],"picked":"Ghostly Armor","floor":20}],"player_experience":541721,"relics_obtained":[{"floor":9,"key":"Smiling Mask"}],"event_choices":[{"damage_healed":0,"gold_gain":0,"player_choice":"Success","damage_taken":18,"relics_obtained":["Thread and Needle"],"max_hp_gain":0,"max_hp_loss":0,"event_name":"Scrap Ooze","floor":2,"gold_loss":0},{"cards_removed":["Strike_R"],"damage_healed":0,"gold_gain":0,"player_choice":"Card Removal","damage_taken":0,"max_hp_gain":0,"max_hp_loss":0,"event_name":"The Cleric","floor":3,"gold_loss":75},{"damage_healed":0,"gold_gain":0,"player_choice":"Trade","damage_taken":0,"relics_obtained":["NlothsMask"],"max_hp_gain":0,"max_hp_loss":0,"event_name":"FaceTrader","floor":13,"gold_loss":0}],"is_beta":false,"boss_relics":[{"not_picked":["SlaversCollar","Empty Cage"],"picked":"Black Blood"}],"items_purged_floors":[11],"is_endless":false,"potions_floor_spawned":[12,14,20],"killed_by":"Snecko","ascension_level":20}}