{"host":"dh4nu8nelr2izibb","time":1613255816,"event":{"mods":["BaseMod","Better Skull","Better Third Choice","Card Filter","Card Forge","Curses Come First","Displayed Cursed Tome","HololiveMod","Marisa????????","Minty Spire (QoL Compilation)","Poor People Problems","Quick Restart","Relic Filter","Reliquary","StSLib","The Servant 0.9.4","WarShipGirlsR/????R mod","Yakumo Yukari mod"],"gold_per_floor":[111,131,131,150,164,164,184,211,211,230,230,246,246,257,257,257,257],"floor_reached":16,"language":"ENG","playtime":525,"items_purged":[],"score":212,"play_id":"048e5605-e934-4785-8cc1-a7d32f3b7dc9","local_time":"20210213173656","is_ascension_mode":true,"campfire_choices":[{"data":"Dagger Spray","floor":6,"key":"SMITH"},{"floor":11,"key":"REST"},{"data":"Predator","floor":13,"key":"SMITH"},{"data":"Bane","floor":15,"key":"SMITH"}],"circlet_count":0,"master_deck":["AscendersBane","Strike_G","Strike_G","Strike_G","Strike_G","Defend_G","Defend_G","Defend_G","Defend_G","Survivor","Neutralize+1","Flying Knee","Predator+1","Prepared","Dagger Spray+1","Dash","Predator","Crippling Poison","Venomology","Bane+1"],"relics":["Ring of the Snake","Hammer of Thor","Seething Fire","Anvil of the Gods","reliquary:HotPoker","Letter Opener"],"acts_visited":["Exordium"],"potions_floor_usage":[5,16,16,16],"damage_taken":[{"damage":0.0,"enemies":"2 Louse","floor":1.0,"turns":3.0},{"damage":0.0,"enemies":"Cultist","floor":2.0,"turns":4.0},{"damage":2.0,"enemies":"Jaw Worm","floor":4.0,"turns":4.0},{"damage":14,"enemies":"Gremlin Gang","floor":5,"turns":4},{"damage":2,"enemies":"2 Fungi Beasts","floor":7,"turns":3},{"damage":31,"enemies":"Lagavulin","floor":8,"turns":7},{"damage":12,"enemies":"Lots of Slimes","floor":10,"turns":3},{"damage":1,"enemies":"Red Slaver","floor":12,"turns":3},{"damage":1,"enemies":"3 Louse","floor":14,"turns":3},{"damage":33,"enemies":"The Guardian","floor":16,"turns":9}],"seed_played":"-7606725305095685258","potions_obtained":[{"floor":5,"key":"Fruit Juice"},{"floor":10,"key":"EssenceOfSteel"},{"floor":14,"key":"AttackPotion"}],"is_trial":false,"path_per_floor":["M","M","?","M","M","R","M","E","T","M","R","M","R","M","R","B"],"character_chosen":"THE_SILENT","items_purchased":[],"campfire_rested":1,"item_purchase_floors":[],"current_hp_per_floor":[65,65,65,63,54,54,52,21,21,9,32,31,31,30,30,12,12],"gold":257,"neow_bonus":"TEN_PERCENT_HP_BONUS","is_daily":false,"chose_seed":false,"campfire_upgraded":3,"win_rate":0.0,"timestamp":1613255816,"path_taken":["M","M","?","M","M","R","M","E","T","M","R","M","R","?","R","BOSS"],"items_purchased_type":[],"build_version":"2020-12-22","purchased_purges":0,"victory":false,"max_hp_per_floor":[72,72,72,72,77,77,77,77,77,77,77,77,77,77,77,77,77],"card_choices":[{"not_picked":["Bane","Dodge and Roll"],"picked":"Flying Knee","floor":1.0},{"not_picked":["Crippling Poison","Slice"],"picked":"Predator","floor":2.0},{"not_picked":["Poisoned Stab","Dodge and Roll"],"picked":"Prepared","floor":4.0},{"not_picked":["Accuracy","Infinite Blades"],"picked":"Dagger Spray","floor":5},{"not_picked":["Quick Slash","Endless Agony"],"picked":"Dash","floor":7},{"not_picked":["Bouncing Flask","Dagger Spray"],"picked":"Predator","floor":8},{"not_picked":["Dagger Spray","Dodge and Roll"],"picked":"Crippling Poison","floor":10},{"not_picked":["Bouncing Flask","Slice"],"picked":"Venomology","floor":12},{"not_picked":["Tactician","Deadly Poison"],"picked":"Bane","floor":14}],"player_experience":1179303,"relics_obtained":[{"floor":8,"key":"reliquary:HotPoker"},{"floor":9,"key":"Letter Opener"}],"event_choices":[{"damage_healed":0.0,"max_hp_gain":0.0,"max_hp_loss":0.0,"gold_gain":0.0,"event_name":"Upgrade Shrine","player_choice":"Upgraded","floor":3.0,"gold_loss":0.0,"damage_taken":0.0,"cards_upgraded":["Neutralize"]}],"is_beta":false,"boss_relics":[],"items_purged_floors":[],"is_endless":false,"potions_floor_spawned":[5,10,14],"killed_by":"The Guardian","ascension_level":20}}