{"host":"xkmvu47k9fdstweo","time":1613189446,"event":{"mods":["BaseMod","Colored Map","Conspire","HololiveMod","Hubris","Minty Spire (QoL Compilation)","Quick Restart","Shop Mod","StSLib"],"gold_per_floor":[114,134,134,134,134,172,191,211,283,283,283,296,326,141,141,266,266,282,282,24,204,220,261,274,317,317,317,317],"floor_reached":27,"language":"ENG","playtime":740,"items_purged":["Strike_R"],"score":467,"play_id":"ba05266a-1668-400a-b231-1964dc8e72a8","local_time":"20210212231046","is_ascension_mode":true,"campfire_choices":[{"data":"Rampage","floor":10,"key":"SMITH"},{"data":"Demon Form","floor":15,"key":"SMITH"}],"circlet_count":0,"master_deck":["AscendersBane","Strike_R","Strike_R","Strike_R","Strike_R","Defend_R","Defend_R","Defend_R","Defend_R+1","Bash","Clothesline+1","Pommel Strike","Rampage+1","Demon Form+1","Shrug It Off","Rage+1","Double Tap","Metallicize+1","conspire:Charge","hubris:ReadiedAction+1","Rampage+1"],"relics":["Burning Blood","NeowsBlessing","Golden Idol","hubris:Towel","hubris:Spice","The Courier","FaceOfCleric","conspire:BottledYoYo","conspire:TreasureMap","hubris:TerracottaHorce","FossilizedHelix","Bag of Preparation","War Paint","Bottled Flame"],"acts_visited":["Exordium","TheCity"],"potions_floor_usage":[12,23,27],"damage_taken":[{"damage":0,"enemies":"2 Louse","floor":1,"turns":1},{"damage":0,"enemies":"Jaw Worm","floor":2,"turns":1},{"damage":0,"enemies":"Gremlin Nob","floor":6,"turns":1},{"damage":0,"enemies":"Cultist","floor":7,"turns":4},{"damage":15,"enemies":"2 Fungi Beasts","floor":8,"turns":5},{"damage":7,"enemies":"Gremlin Gang","floor":12,"turns":5},{"damage":22,"enemies":"The Guardian","floor":16,"turns":9},{"damage":14,"enemies":"2 Thieves","floor":18,"turns":5},{"damage":14,"enemies":"3 Byrds","floor":22,"turns":6},{"damage":32,"enemies":"Slavers","floor":23,"turns":5},{"damage":0,"enemies":"Centurion and Healer","floor":24,"turns":4},{"damage":12,"enemies":"conspire:Head Lice","floor":25,"turns":5},{"damage":26,"enemies":"Book of Stabbing","floor":27,"turns":4}],"seed_played":"-4207002826285960057","potions_obtained":[{"floor":1,"key":"Energy Potion"},{"floor":7,"key":"DistilledChaos"},{"floor":12,"key":"Ancient Potion"},{"floor":25,"key":"AttackPotion"}],"is_trial":false,"path_per_floor":["M","M","?","?","?","E","M","M","T","R","?","M","?","$","R","B",null,"M","?","$","?","M","E","M","E","T","E"],"character_chosen":"IRONCLAD","items_purchased":["conspire:TreasureMap","FossilizedHelix"],"campfire_rested":0,"item_purchase_floors":[14,20],"current_hp_per_floor":[78,80,60,60,60,74,80,71,71,71,71,71,71,71,71,56,82,75,75,75,56,49,24,31,26,26,0,0],"gold":317,"neow_bonus":"THREE_ENEMY_KILL","is_daily":false,"chose_seed":false,"campfire_upgraded":2,"win_rate":0.0,"timestamp":1613189446,"path_taken":["M","M","?","?","?","E","?","M","T","R","?","?","?","?","R","BOSS","M","?","$","?","M","E","M","E","T","E"],"items_purchased_type":["Relic","Relic"],"build_version":"2020-12-22","purchased_purges":1,"victory":false,"max_hp_per_floor":[80,80,80,80,80,88,88,88,88,88,88,89,89,89,89,90,90,91,91,91,91,92,93,94,95,95,95,95],"card_choices":[{"not_picked":["Dual Wield","Iron Wave"],"picked":"Clothesline","floor":1},{"not_picked":["Heavy Blade","Body Slam"],"picked":"Pommel Strike","floor":2},{"not_picked":["Armaments","True Grit"],"picked":"Rampage","floor":6},{"not_picked":["Clothesline","Cleave"],"picked":"Demon Form","floor":7},{"not_picked":["Armaments","Reckless Charge"],"picked":"Shrug It Off","floor":8},{"not_picked":["Clash","Clothesline"],"picked":"Rage","floor":12},{"not_picked":["Demon Form","Reaper"],"picked":"Double Tap","floor":16},{"not_picked":["Dual Wield","Flex"],"picked":"Metallicize","floor":18},{"not_picked":["hubris:ReadiedAction","Clothesline"],"picked":"conspire:Charge","floor":22},{"not_picked":["Warcry","Dark Embrace"],"picked":"hubris:ReadiedAction+1","floor":23},{"not_picked":["Perfected Strike","Pommel Strike"],"picked":"Rampage+1","floor":24},{"not_picked":["Power Through","Fire Breathing","Bloodletting"],"picked":"SKIP","floor":25}],"player_experience":359481,"relics_obtained":[{"floor":6,"key":"hubris:Spice"},{"floor":9,"key":"The Courier"},{"floor":23,"key":"Bag of Preparation"},{"floor":25,"key":"War Paint"},{"floor":26,"key":"Bottled Flame"}],"event_choices":[{"damage_healed":0,"gold_gain":0,"player_choice":"Take Damage","damage_taken":20,"relics_obtained":["Golden Idol"],"max_hp_gain":0,"max_hp_loss":0,"event_name":"Golden Idol","floor":3,"gold_loss":0},{"damage_healed":0,"gold_gain":0,"player_choice":"Grow","damage_taken":0,"max_hp_gain":0,"max_hp_loss":0,"event_name":"Living Wall","floor":4,"gold_loss":0,"cards_upgraded":["Clothesline"]},{"damage_healed":0,"gold_gain":0,"player_choice":"Trade","damage_taken":0,"relics_obtained":["FaceOfCleric"],"max_hp_gain":0,"max_hp_loss":0,"event_name":"FaceTrader","floor":11,"gold_loss":0},{"damage_healed":0,"gold_gain":30,"player_choice":"Searched \u00272\u0027 times","damage_taken":0,"relics_obtained":["conspire:BottledYoYo"],"max_hp_gain":0,"max_hp_loss":0,"event_name":"Dead Adventurer","floor":13,"gold_loss":0},{"damage_healed":0,"gold_gain":180,"player_choice":"GOLD GOLD ","damage_taken":19,"max_hp_gain":0,"max_hp_loss":0,"event_name":"Knowing Skull","floor":21,"potions_obtained":[],"gold_loss":0,"cards_obtained":[]}],"is_beta":false,"boss_relics":[{"not_picked":["hubris:ScarierMask","Runic Cube"],"picked":"hubris:TerracottaHorce"}],"items_purged_floors":[14],"is_endless":false,"potions_floor_spawned":[1,7,12,16,22,25],"killed_by":"Book of Stabbing","ascension_level":12}}