{"host":"snn1c4qsf0fj7fzf","time":1613231554,"event":{"mods":["AchievementEnabler","Act Like it!","Aspiration","Astrologer","BaseMod","Colored Powertips","Downfall","Gensokyo","Hermit","Infinite Spire","Lobotomy","Minty Spire (QoL Compilation)","Random Character Button","Rare Cards Sparkle","Reimu??????","Reliquary","Replay The Spire","Shop Mod","Spire Arcade","StSLib","The Administrix","The Cursed","The Gatherer","The Hierophant","The Poker Player","The Runesmith"],"gold_per_floor":[99,114,124,34,50,67,146,161,161,194,210,238,313,325,342,447,447,447,462,472,572,163,178,178,178,193,193,193,213,239,239,254,349,349,349,361,380,91,91,91,91,91],"floor_reached":40,"language":"ENG","playtime":4388,"items_purged":["Slimebound:Strike_Slimebound","Slimebound:CorrosiveSpit","Slimebound:SplitLeeching","ReplayTheSpireMod:Splinters"],"score":452,"play_id":"6d356ed2-edb1-4d10-bc3c-7dc0d673df29","local_time":"20210213235234","is_ascension_mode":false,"campfire_choices":[{"floor":1.0,"key":"DIG"},{"data":"Slimebound:Grow","floor":18.0,"key":"SMITH"},{"data":"Slimebound:DouseInSlime","floor":25.0,"key":"SMITH"},{"data":"Slimebound:Split","floor":28.0,"key":"SMITH"},{"data":"Slimebound:SlimeSlap","floor":35.0,"key":"SMITH"}],"circlet_count":0,"master_deck":["Slimebound:Tackle","Slimebound:Split+1","Slimebound:BestDefense","Slimebound:Chomp","Slimebound:GoopSpray","Slimebound:GrowthPunch","Slimebound:GoopSpray","Slimebound:ForwardTackle","Slimebound:SpikyOuterGoop","Slimebound:Grow+1","Slimebound:DouseInSlime+1","Slimebound:GoopTackle","Slimebound:OozeBath","Slimebound:BestDefense","Slimebound:LevelUp","Slimebound:Grow","Slimebound:Repurpose","Slimebound:GoopSpray","Slimebound:ViciousTackle+1","Slimebound:GoopSpray","Slimebound:FinishingTackle+1","Slimebound:ComboTackle","ReplayTheSpireMod:Splinters","hermit:ImpendingDoom","Slimebound:ItLooksTasty+1","Slimebound:Schlurp+1"],"relics":["Slimebound:AbsorbEndCombat","aspiration:Nostalgia","Ring of the Snake","Replay:Bottled Flurry","aspiration:ChemicalBlood","reliquary:TatteredRug","Meat on the Bone","MerchantsRug","reliquary:PrincelyHelmet","downfall:RedIOU","infinitespire:Beetle Shell","Prayer Wheel","Replay:Ancient Bell","Bag of Marbles","Snack Pack","Pondfish Scales","reliquary:RosewoodLute"],"acts_visited":["Gensokyo:Gensokyo","TheCity","TheBeyond"],"potions_floor_usage":[37,37,38,40,40,40,40],"damage_taken":[{"damage":5.0,"enemies":"Gensokyo:Python","floor":2.0,"turns":5.0},{"damage":4.0,"enemies":"Gensokyo:Gryphon","floor":3.0,"turns":5.0},{"damage":4.0,"enemies":"downfall:FleeingMerchant","floor":4.0,"turns":4.0},{"damage":0.0,"enemies":"Gensokyo:2_Kodama","floor":5.0,"turns":3.0},{"damage":14.0,"enemies":"Gensokyo:CorruptedTreant","floor":6.0,"turns":3.0},{"damage":0.0,"enemies":"Gensokyo:3_Kodama","floor":8.0,"turns":3.0},{"damage":12.0,"enemies":"Gensokyo:Mamizou","floor":10.0,"turns":7.0},{"damage":12.0,"enemies":"Gensokyo:LivingMonolith","floor":11.0,"turns":5.0},{"damage":11.0,"enemies":"Gensokyo:Aya","floor":12.0,"turns":5.0},{"damage":15.0,"enemies":"downfall:FleeingMerchant","floor":13.0,"turns":4.0},{"damage":1.0,"enemies":"Gensokyo:CorruptedTreant","floor":14.0,"turns":5.0},{"damage":2.0,"enemies":"Gensokyo:VengefulSpirit","floor":15.0,"turns":5.0},{"damage":45.0,"enemies":"WA_ARCHETYPE_RETAIN","floor":16.0,"turns":6.0},{"damage":15.0,"enemies":"Shell Parasite","floor":19.0,"turns":4.0},{"damage":27.0,"enemies":"3 Byrds","floor":20.0,"turns":5.0},{"damage":14.0,"enemies":"downfall:FleeingMerchant","floor":22.0,"turns":4.0},{"damage":22.0,"enemies":"Centurion and Healer","floor":23.0,"turns":8.0},{"damage":2.0,"enemies":"Snecko","floor":26.0,"turns":3.0},{"damage":26.0,"enemies":"Snake Plant","floor":29.0,"turns":5.0},{"damage":15.0,"enemies":"Shelled Parasite and Fungi","floor":32.0,"turns":5.0},{"damage":55.0,"enemies":"IC_MUSHROOM_ARCHETYPE","floor":33.0,"turns":8.0},{"damage":4,"enemies":"3 Shapes","floor":36,"turns":5},{"damage":24,"enemies":"3 Darklings","floor":37,"turns":5},{"damage":11,"enemies":"downfall:FleeingMerchant","floor":38,"turns":4},{"damage":79,"enemies":"Nightmare","floor":40,"turns":5}],"seed_played":"7810980491746239088","potions_obtained":[{"floor":3.0,"key":"GrandPatriotsElixir:ReiMu"},{"floor":5.0,"key":"Strength Potion"},{"floor":8.0,"key":"FairyPotion"},{"floor":11.0,"key":"ZuzhouPotion:ReiMu"},{"floor":12.0,"key":"SteroidPotion"},{"floor":12.0,"key":"BlessingOfTheForge"},{"floor":13.0,"key":"Explosive Potion"},{"floor":16.0,"key":"SkillPotion"},{"floor":19.0,"key":"hexamod:SoulburnPotion"},{"floor":23.0,"key":"Regen Potion"},{"floor":23.0,"key":"SteroidPotion"},{"floor":33.0,"key":"Reflective Coating"},{"floor":33.0,"key":"Ancient Potion"},{"floor":37,"key":"Elixir"},{"floor":37,"key":"SkillPotion"},{"floor":40,"key":"ZuzhouPotion:ReiMu"},{"floor":40,"key":"champ:CounterPotion"},{"floor":40,"key":"champ:CounterPotion"}],"is_trial":false,"path_per_floor":["R","M","M","$","M","M","T","M","?","E","M","E","$","M","M","B",null,"R","M","M","?","$","M","T","R","M","?","R","M","T","AVR","M","B",null,"R","M","M","$","?","NM"],"character_chosen":"SLIMEBOUND","items_purchased":["Meat on the Bone","MerchantsRug","reliquary:RosewoodLute"],"campfire_rested":0,"item_purchase_floors":[22,22,38],"current_hp_per_floor":[65,61,61,63,65,53,53,59,65,55,47,42,33,38,42,5,65,65,56,37,37,29,42,42,42,44,44,44,34,34,34,39,35,65,65,63,47,44,44,0,0,0],"gold":91,"neow_bonus":"NOSTALGIA","is_daily":false,"chose_seed":false,"campfire_upgraded":4,"win_rate":0.0,"timestamp":1613231554,"path_taken":["R","M","M","$","?","?","T","M","?","E","M","E","$","?","M","BOSS","R","M","M","?","$","M","T","R","?","?","R","M","?","AVR","M","BOSS","R","M","M","$","?","NM"],"items_purchased_type":["Relic","Relic","Relic"],"build_version":"2020-12-22","purchased_purges":4,"victory":false,"max_hp_per_floor":[65,65,65,65,65,65,65,65,65,65,65,65,65,65,65,65,65,65,65,65,65,65,65,65,65,65,65,65,65,65,65,65,65,65,65,65,65,65,65,65,65,65],"card_choices":[{"not_picked":["Slimebound:GoopTackle","Slimebound:LeadByExample"],"picked":"Slimebound:BestDefense","floor":2.0},{"not_picked":["Slimebound:ComboTackle","Slimebound:Prepare"],"picked":"Slimebound:Chomp","floor":3.0},{"not_picked":["Slimebound:HauntingLick","Slimebound:SlimeSpikes"],"picked":"Slimebound:GoopSpray","floor":4.0},{"not_picked":["Slimebound:Gluttony","Slimebound:GoopTackle"],"picked":"Slimebound:GrowthPunch","floor":5.0},{"not_picked":["Slimebound:ComboTackle","Slimebound:SplitBruiser"],"picked":"Slimebound:GoopSpray","floor":6.0},{"not_picked":["Slimebound:SplitAcid","Slimebound:DisruptingSlam"],"picked":"Slimebound:ForwardTackle","floor":8.0},{"not_picked":["Slimebound:PressTheAttack","Slimebound:FinishingTackle"],"picked":"Slimebound:SpikyOuterGoop","floor":10.0},{"not_picked":["Slimebound:ForwardTackle","Slimebound:SplitLeeching"],"picked":"Slimebound:Grow","floor":11.0},{"not_picked":["Slimebound:AcidTongue","Slimebound:SplitAcid","Slimebound:Prepare"],"picked":"SKIP","floor":12.0},{"not_picked":["Slimebound:SlimeSpikes","Slimebound:SlimeBrawl","Slimebound:GoopTackle"],"picked":"SKIP","floor":13.0},{"not_picked":["Slimebound:SplitLeeching","Slimebound:SpikyOuterGoop"],"picked":"Slimebound:DouseInSlime","floor":14.0},{"not_picked":["Slimebound:SplitMire","Slimebound:SplitAcid"],"picked":"Slimebound:GoopTackle","floor":15.0},{"not_picked":["Slimebound:PressTheAttack+1","Slimebound:SplitLeeching+1"],"picked":"Slimebound:Repurpose","floor":19.0},{"not_picked":["Slimebound:ProtectTheBoss","Slimebound:FormOfPuddle+1"],"picked":"Slimebound:GoopSpray","floor":20.0},{"not_picked":["Slimebound:Prepare","Slimebound:MassRepurpose"],"picked":"Slimebound:ViciousTackle+1","floor":22.0},{"not_picked":["Slimebound:Schlurp","Slimebound:FinishingTackle"],"picked":"Slimebound:GoopSpray","floor":23.0},{"not_picked":["Slimebound:LeechingTouch","Slimebound:SlimeSpikes","Slimebound:ForwardTackle"],"picked":"SKIP","floor":26.0},{"not_picked":["Slimebound:GoopTackle","Slimebound:ComboTackle","Slimebound:ItLooksTasty+1"],"picked":"SKIP","floor":29.0},{"not_picked":["Slimebound:LivingWall","Slimebound:SamplingLick"],"picked":"Slimebound:FinishingTackle+1","floor":32.0},{"not_picked":["Slimebound:SplitBruiser","Slimebound:ComboTackle","Slimebound:Overexert"],"picked":"SKIP","floor":32.0},{"not_picked":["Slimebound:SplitBruiser","Slimebound:Overexert"],"picked":"Slimebound:ComboTackle","floor":32.0},{"not_picked":["Overencumbered","downfall:Haunted"],"picked":"ReplayTheSpireMod:Splinters","floor":34.0},{"not_picked":["Normality","Pain"],"picked":"ReplayTheSpireMod:Splinters","floor":34.0},{"not_picked":["downfall:Aged","Shame"],"picked":"hermit:ImpendingDoom","floor":34.0},{"not_picked":["Slimebound:AcidTongue","Slimebound:RainOfGoop+1"],"picked":"Slimebound:ItLooksTasty+1","floor":36},{"not_picked":["Slimebound:HauntingLick+1","Slimebound:Equalize","Slimebound:SplitLeeching"],"picked":"SKIP","floor":36},{"not_picked":["Slimebound:LeechEnergy+1","Slimebound:SplitMire"],"picked":"Slimebound:Schlurp+1","floor":37},{"not_picked":["Slimebound:SplitLeeching+1","Slimebound:FinishingTackle+1","Slimebound:LeechEnergy+1"],"picked":"SKIP","floor":37},{"not_picked":["Slimebound:SpikyOuterGoop","Slimebound:ViciousTackle+1","Slimebound:SamplingLick"],"picked":"SKIP","floor":38}],"player_experience":387743,"relics_obtained":[{"floor":1.0,"key":"reliquary:RoseTintedGlasses"},{"floor":7.0,"key":"Replay:Bottled Flurry"},{"floor":10.0,"key":"aspiration:ChemicalBlood"},{"floor":12.0,"key":"reliquary:TatteredRug"},{"floor":24.0,"key":"reliquary:PrincelyHelmet"},{"floor":30.0,"key":"infinitespire:Beetle Shell"}],"event_choices":[{"cards_removed":["Slimebound:SlimeSlap"],"damage_healed":0,"gold_gain":0,"player_choice":"Removed Attack","damage_taken":0,"max_hp_gain":0,"max_hp_loss":0,"event_name":"Falling","floor":39,"gold_loss":0}],"is_beta":false,"boss_relics":[{"not_picked":["SlaversCollar","aspiration:SecretTechniqueScroll"],"picked":"Pandora\u0027s Box"},{"not_picked":["Runesmith:UraniumAnvil","Tiny House"],"picked":"Replay:Ancient Bell"},{"not_picked":["Pet Ghost","Gremlin Food"],"picked":"Bag of Marbles"},{"not_picked":["Replay:Bottled Eggs","Quantum Egg"],"picked":"Snack Pack"},{"not_picked":["Ginger","Gambling Chip"],"picked":"Pondfish Scales"}],"items_purged_floors":[4,22,31,38],"is_endless":false,"potions_floor_spawned":[3,5,8,11,12,16,19,23,26,36],"killed_by":"Nightmare","ascension_level":0}}