{"host":"121m0oxswv9tg9hk","time":1613221458,"event":{"mods":["AchievementEnabler","BaseMod","Better Third Choice","Hermit","Hubris","MarisaÅiñ∂âJÅ@ñÇóùçπÅj","Minty Spire (QoL Compilation)","Replay The Spire","Shade Mod","StSLib","The Cursed"],"gold_per_floor":[114,129,147,165,340,373,391,423,423,453,168,180,190,35,35,133,133,147,167,167,180,180,180],"floor_reached":22,"language":"ENG","playtime":1864,"items_purged":["Shade:Defend_Shade"],"score":377,"play_id":"54596e03-8746-4a30-9cb9-5a3e72e9ccd5","local_time":"20210213140418","is_ascension_mode":true,"campfire_choices":[{"data":"Shade:TouchOfTheGrave","floor":15,"key":"SMITH"}],"circlet_count":0,"master_deck":["Shade:AnimateDead+1","Shade:CarefulCut","Shade:TouchOfTheGrave+1","Shade:GraveStillness","Shade:Bite_Shade","Shade:GraveStillness","Doubt","Shade:AncientSpear","Shade:LichForm","Shade:Carnophage+1","Shade:Bonestorm","Shade:ExtraLimbs","Shade:Excise","Shade:Putrefaction","Shade:GreaterAnimation","Shade:OneIsEnough","Shade:PressTheAttack","Shade:CallWraith","Shade:Asphyxiate","Shade:Bite_Shade","Shade:SelfBurial","Shade:Brains","Shade:CloudOfShrapnel","Shade:Patience"],"relics":["Shade:YorickSkull","ReplayFunnel","Tiny Chest","Happy Flower","Akabeko","TheAbacus","Pandora\u0027s Box","Replay:Rubber Ducky"],"acts_visited":["Exordium","TheCity"],"potions_floor_usage":[4,6,16,19],"damage_taken":[{"damage":0,"enemies":"Cultist","floor":1,"turns":3},{"damage":0,"enemies":"Small Slimes","floor":2,"turns":4},{"damage":0,"enemies":"2 Louse","floor":3,"turns":4},{"damage":6,"enemies":"Exordium Thugs","floor":4,"turns":6},{"damage":15,"enemies":"Gremlin Nob","floor":6,"turns":4},{"damage":0,"enemies":"3 Louse","floor":7,"turns":4},{"damage":8,"enemies":"Replay:BlueRogue","floor":8,"turns":8},{"damage":13,"enemies":"3 Sentries","floor":10,"turns":6},{"damage":1,"enemies":"Red Slaver","floor":12,"turns":3},{"damage":3,"enemies":"Exordium Thugs","floor":13,"turns":4},{"damage":0,"enemies":"Fading Forest","floor":16,"turns":11},{"damage":17,"enemies":"2 Thieves","floor":18,"turns":3},{"damage":22,"enemies":"3 Byrds","floor":19,"turns":3},{"damage":16,"enemies":"Shelled Parasite and Fungi","floor":21,"turns":12},{"damage":27,"enemies":"Snake Plant","floor":22,"turns":7}],"seed_played":"6823804250189464994","potions_obtained":[{"floor":1,"key":"Adrenaline Potion"},{"floor":3,"key":"Fire Potion"},{"floor":8,"key":"Weak Potion"},{"floor":10,"key":"SteroidPotion"},{"floor":12,"key":"CultistPotion"},{"floor":16,"key":"CultistPotion"}],"is_trial":false,"path_per_floor":["M","M","M","M","?","E","M","E","T","E","$","M","M","$","R","B",null,"M","M","?","M","M"],"character_chosen":"SHADE","items_purchased":["Shade:Carnophage+1","Shade:Bonestorm","Dexterity Potion","Explosive Potion","TheAbacus"],"campfire_rested":0,"item_purchase_floors":[11,11,11,11,14],"current_hp_per_floor":[59,59,59,57,57,44,48,44,44,33,33,34,35,35,35,45,60,45,25,25,23,0,0],"gold":180,"neow_bonus":"UPGRADE_CARD","is_daily":false,"chose_seed":false,"campfire_upgraded":1,"win_rate":0.0,"timestamp":1613221458,"path_taken":["M","M","?","M","?","E","M","E","T","E","$","M","M","$","R","BOSS","M","M","?","?","M"],"items_purchased_type":["Card","Card","Potion","Potion","Relic"],"build_version":"2020-12-22","purchased_purges":1,"victory":false,"max_hp_per_floor":[65,65,65,65,65,65,65,65,65,65,65,65,65,65,65,65,65,65,65,65,65,65,65],"card_choices":[{"not_picked":["Shade:FuneraryArmor","Shade:RavenousHorde"],"picked":"Shade:TouchOfTheGrave","floor":1},{"not_picked":["Shade:CoffinDance","Shade:FleshToFlesh"],"picked":"Shade:GraveStillness","floor":2},{"not_picked":["Shade:Asphyxiate","Shade:WallOfFlesh"],"picked":"Shade:Bite_Shade","floor":3},{"not_picked":["Shade:FreshBones","Shade:CommandSoldier"],"picked":"Shade:GraveStillness","floor":4},{"not_picked":["Shade:Premonition","Shade:FreshBones","Shade:FleshToFlesh"],"picked":"SKIP","floor":6},{"not_picked":["Shade:SkeletonArmy","Shade:RavenousHorde"],"picked":"Shade:AncientSpear","floor":7},{"not_picked":["Shade:Frenzy","Shade:Awaken"],"picked":"Shade:LichForm","floor":8},{"not_picked":["Shade:ScuttlingHand","Shade:CallWraith","Shade:SpontaneousRitual"],"picked":"SKIP","floor":10},{"not_picked":["Shade:Brains","Shade:FingerOfDeath"],"picked":"Shade:ExtraLimbs","floor":12},{"not_picked":["Shade:GraveStillness","Shade:ScuttlingHand"],"picked":"Shade:Excise","floor":13},{"not_picked":["Shade:Consume","Shade:SoulPierce"],"picked":"Shade:Putrefaction","floor":16},{"not_picked":["Shade:CallOfTheGrave","Shade:SoulToxin"],"picked":"Shade:Brains","floor":18},{"not_picked":["Shade:Bonestorm","Shade:Trample"],"picked":"Shade:CloudOfShrapnel","floor":19},{"not_picked":["Shade:Asphyxiate","Shade:FreshBones"],"picked":"Shade:Patience","floor":21}],"player_experience":2450603,"relics_obtained":[{"floor":6,"key":"ReplayFunnel"},{"floor":8,"key":"Tiny Chest"},{"floor":9,"key":"Happy Flower"},{"floor":10,"key":"Akabeko"}],"event_choices":[{"damage_healed":0,"gold_gain":175,"player_choice":"AGREE","damage_taken":165,"max_hp_gain":0,"max_hp_loss":0,"event_name":"betterThird:BetterSerpent","floor":5,"gold_loss":0},{"damage_healed":0,"gold_gain":0,"player_choice":"Gave Potion","damage_taken":0,"relics_obtained":["Replay:Rubber Ducky"],"max_hp_gain":0,"max_hp_loss":0,"event_name":"WeMeetAgain","floor":20,"gold_loss":0}],"is_beta":false,"boss_relics":[{"not_picked":["hubris:HollowSoul","hubris:BlackHole"],"picked":"Pandora\u0027s Box"}],"items_purged_floors":[11],"is_endless":false,"potions_floor_spawned":[1,3,8,10,12,16,18],"killed_by":"Snake Plant","ascension_level":9}}