{"host":"0mhttqdumuceah7q","time":1613207591,"event":{"mods":["AchievementEnabler","BaseMod","Colored Map","DeckTracker","Minty Spire (QoL Compilation)","Permanent Neow"],"gold_per_floor":[209,221,49,62,12,28,28,28,28,28,68,68,93,106,106,230,230,250,263,33,46,46,46,46],"floor_reached":23,"language":"KOR","playtime":1562,"items_purged":["Defend_G"],"score":193,"play_id":"1e1255ed-38fb-4cd6-a777-8166aee36044","local_time":"20210213181311","is_ascension_mode":false,"campfire_choices":[{"data":"Calculated Gamble","floor":7,"key":"SMITH"},{"floor":12,"key":"REST"},{"data":"Deflect","floor":15,"key":"SMITH"}],"circlet_count":0,"master_deck":["Strike_G","Strike_G","Strike_G","Strike_G","Strike_G","Defend_G","Survivor","Neutralize","Poisoned Stab","Deadly Poison","Prepared","Outmaneuver","Calculated Gamble+1","Deflect+1","Noxious Fumes","Sucker Punch","Burst","Underhanded Strike","Infinite Blades","Escape Plan"],"relics":["Ring of the Snake","Toolbox","Bag of Marbles","Golden Idol","HornCleat","Empty Cage","Nunchaku"],"acts_visited":["Exordium","TheCity"],"potions_floor_usage":[16,16,16],"damage_taken":[{"damage":0,"enemies":"2 Louse","floor":1,"turns":2},{"damage":2,"enemies":"Small Slimes","floor":2,"turns":5},{"damage":0,"enemies":"Jaw Worm","floor":4,"turns":3},{"damage":4,"enemies":"2 Fungi Beasts","floor":6,"turns":3},{"damage":28,"enemies":"Gremlin Nob","floor":11,"turns":4},{"damage":4,"enemies":"Exordium Wildlife","floor":13,"turns":2},{"damage":14,"enemies":"Large Slime","floor":14,"turns":5},{"damage":10,"enemies":"Hexaghost","floor":16,"turns":8},{"damage":12,"enemies":"Shell Parasite","floor":18,"turns":6},{"damage":19,"enemies":"2 Thieves","floor":19,"turns":4},{"damage":16,"enemies":"Snecko","floor":21,"turns":5},{"damage":25,"enemies":"Chosen and Byrds","floor":23,"turns":4}],"seed_played":"-6108505484631008494","potions_obtained":[{"floor":2,"key":"GamblersBrew"},{"floor":11,"key":"BlessingOfTheForge"},{"floor":14,"key":"Fire Potion"},{"floor":19,"key":"BlessingOfTheForge"}],"is_trial":false,"path_per_floor":["M","M","$","M","?","M","R","$","T","?","E","R","M","M","R","B",null,"M","M","$","M","?","M"],"character_chosen":"THE_SILENT","items_purchased":["Toolbox","Prepared","Nunchaku"],"campfire_rested":1,"item_purchase_floors":[3,3,20],"current_hp_per_floor":[70,68,68,68,68,64,64,64,64,47,19,40,36,22,22,12,70,58,39,39,23,23,0,0],"gold":46,"neow_bonus":"HUNDRED_GOLD","is_daily":false,"chose_seed":false,"campfire_upgraded":2,"win_rate":0.0,"timestamp":1613207591,"path_taken":["M","M","$","M","?","M","R","$","T","?","E","R","M","M","R","BOSS","M","M","$","M","?","M"],"items_purchased_type":["Relic","Card","Relic"],"build_version":"2020-12-22","purchased_purges":1,"victory":false,"max_hp_per_floor":[70,70,70,70,70,70,70,70,70,70,70,70,70,70,70,70,70,70,70,70,70,70,70,70],"card_choices":[{"not_picked":["Prepared","Sucker Punch"],"picked":"Poisoned Stab","floor":1},{"not_picked":["Underhanded Strike","Dodge and Roll"],"picked":"Deadly Poison","floor":2},{"not_picked":["PiercingWail","Dodge and Roll"],"picked":"Outmaneuver","floor":4},{"not_picked":["Blade Dance","Eviscerate"],"picked":"Calculated Gamble","floor":6},{"not_picked":["Calculated Gamble","Blade Dance"],"picked":"Deflect","floor":11},{"not_picked":["Adrenaline","Backflip"],"picked":"Noxious Fumes","floor":13},{"not_picked":["PiercingWail","Predator"],"picked":"Sucker Punch","floor":14},{"not_picked":["Tools of the Trade","Night Terror"],"picked":"Burst","floor":16},{"not_picked":["Blade Dance","Well Laid Plans"],"picked":"Underhanded Strike","floor":18},{"not_picked":["Outmaneuver","Calculated Gamble"],"picked":"Infinite Blades","floor":19},{"not_picked":["Prepared","Predator"],"picked":"Escape Plan","floor":21}],"player_experience":25214,"relics_obtained":[{"floor":9,"key":"Bag of Marbles"},{"floor":11,"key":"HornCleat"}],"event_choices":[{"cards_removed":["Defend_G"],"damage_healed":0,"gold_gain":0,"player_choice":"Card Removal","damage_taken":0,"max_hp_gain":0,"max_hp_loss":0,"event_name":"The Cleric","floor":5,"gold_loss":50},{"damage_healed":0,"gold_gain":0,"player_choice":"Take Damage","damage_taken":17,"relics_obtained":["Golden Idol"],"max_hp_gain":0,"max_hp_loss":0,"event_name":"Golden Idol","floor":10,"gold_loss":0},{"damage_healed":0,"gold_gain":0,"player_choice":"Ignored","damage_taken":0,"max_hp_gain":0,"max_hp_loss":0,"event_name":"Ghosts","floor":22,"gold_loss":0}],"is_beta":false,"boss_relics":[{"not_picked":["WristBlade","Ectoplasm"],"picked":"Empty Cage"}],"items_purged_floors":[20],"is_endless":false,"potions_floor_spawned":[2,11,14,19],"killed_by":"Chosen and Byrds","ascension_level":0}}