{"host":"dbb4fkd1j4jczim2","time":1613193415,"event":{"mods":["BaseMod","Downfall","Marisa????????","Minty Spire (QoL Compilation)","Permanent Neow","StSLib"],"gold_per_floor":[349,367,387,387,406,406,406,437,537,537,537,537],"floor_reached":10,"language":"ENG","playtime":486,"items_purged":[],"score":69,"play_id":"a7521196-a94f-4317-b4a3-b8c209af00eb","local_time":"20210212231655","is_ascension_mode":true,"campfire_choices":[{"data":"Slimebound:Split","floor":1.0,"key":"SMITH"},{"data":"Slimebound:GoopSpray","floor":6.0,"key":"SMITH"}],"circlet_count":0,"master_deck":["Slimebound:Strike_Slimebound","Slimebound:Strike_Slimebound","Slimebound:Strike_Slimebound","Slimebound:Tackle","Slimebound:Defend_Slimebound","Slimebound:Defend_Slimebound","Slimebound:Defend_Slimebound","Slimebound:Defend_Slimebound","Slimebound:Split+1","Slimebound:CorrosiveSpit","Slimebound:LevelUp","Slimebound:GoopSpray+1","Slimebound:Recollect","Slimebound:SamplingLick","Slimebound:Split","Slimebound:SamplingLick","Slimebound:SlimeBrawl","Slimebound:FirmFortitude","PanicButton","Normality","Slimebound:SplitLeeching"],"relics":["Slimebound:AbsorbEndCombat","downfall:ShatteredFragment","Singing Bowl","Question Card","downfall:GremlinSack"],"acts_visited":["Exordium"],"potions_floor_usage":[],"damage_taken":[{"damage":6.0,"enemies":"Jaw Worm","floor":2.0,"turns":3.0},{"damage":8.0,"enemies":"Small Slimes","floor":3.0,"turns":3.0},{"damage":0.0,"enemies":"Cultist","floor":5.0,"turns":2.0},{"damage":11.0,"enemies":"3 Sentries","floor":8.0,"turns":7.0},{"damage":18.0,"enemies":"3 Sentries","floor":9.0,"turns":4.0},{"damage":48,"enemies":"Gremlin Nob","floor":10,"turns":4}],"seed_played":"-8062199468887173396","potions_obtained":[{"floor":2.0,"key":"SteroidPotion"}],"is_trial":false,"path_per_floor":["R","M","M","?","M","R","T","E","?","E"],"character_chosen":"SLIMEBOUND","items_purchased":[],"campfire_rested":0,"item_purchase_floors":[],"current_hp_per_floor":[59,59,53,35,41,41,41,38,28,0,0,0],"gold":537,"neow_bonus":"TWO_FIFTY_GOLD","is_daily":false,"chose_seed":false,"campfire_upgraded":2,"win_rate":0.0,"timestamp":1613193415,"path_taken":["R","M","M","?","M","R","T","E","?","E"],"items_purchased_type":[],"build_version":"2020-12-22","purchased_purges":0,"victory":false,"max_hp_per_floor":[59,59,59,59,59,59,59,59,59,59,59,59],"card_choices":[{"not_picked":["Slimebound:PressTheAttack","Slimebound:GoopTackle"],"picked":"Slimebound:LevelUp","floor":2.0},{"not_picked":["Slimebound:SplitBruiser","Slimebound:ItLooksTasty"],"picked":"Slimebound:GoopSpray","floor":3.0},{"not_picked":["Slimebound:Repurpose","Slimebound:SplitAcid"],"picked":"Slimebound:Recollect","floor":5.0},{"not_picked":["Slimebound:PressTheAttack","Slimebound:SplitBruiser"],"picked":"Slimebound:SamplingLick","floor":8.0},{"not_picked":["Slimebound:RollThrough","Slimebound:FirmFortitude","Slimebound:SplitAcid"],"picked":"Slimebound:SplitLeeching","floor":9.0}],"player_experience":338945,"relics_obtained":[{"floor":7.0,"key":"Singing Bowl"},{"floor":8.0,"key":"Question Card"},{"floor":9.0,"key":"downfall:GremlinSack"}],"event_choices":[],"is_beta":false,"boss_relics":[],"items_purged_floors":[],"is_endless":false,"potions_floor_spawned":[2],"killed_by":"Gremlin Nob","ascension_level":1}}