{"host":"ao8ok4k25npyixk7","time":1613217861,"event":{"mods":["BaseMod","Colored Map","Minty Spire (QoL Compilation)"],"gold_per_floor":[112,112,125,146,146,146,165,208,208,208,208,92,92,126,126,219,219,235,235,235,249,40,40,40,40],"floor_reached":24,"language":"ENG","playtime":900,"items_purged":["Strike_G","Strike_G"],"score":384,"play_id":"0d0ba557-9633-41bc-a7e8-99deef06afe7","local_time":"20210213130421","is_ascension_mode":true,"campfire_choices":[{"data":"Glass Knife","floor":6,"key":"SMITH"},{"floor":11,"key":"REST"},{"data":"Deadly Poison","floor":13,"key":"SMITH"},{"data":"Dagger Spray","floor":15,"key":"SMITH"},{"data":"Catalyst","floor":23,"key":"SMITH"}],"circlet_count":0,"master_deck":["AscendersBane","Defend_G","Defend_G+1","Defend_G","Defend_G","Survivor","Neutralize","Poisoned Stab","Glass Knife+1","Deadly Poison+1","Dagger Spray+1","Sucker Punch","Catalyst+1","Poisoned Stab","Corpse Explosion","Predator+1","Leg Sweep+1","Malaise+1","Backflip+1","Setup+1"],"relics":["HoveringKite","Golden Idol","Ice Cream","HornCleat","Eternal Feather","War Paint","Astrolabe","Toxic Egg 2"],"acts_visited":["TheCity"],"potions_floor_usage":[14,16,21],"damage_taken":[{"damage":10,"enemies":"Small Slimes","floor":1,"turns":5},{"damage":4,"enemies":"2 Louse","floor":3,"turns":3},{"damage":0,"enemies":"Jaw Worm","floor":4,"turns":3},{"damage":9,"enemies":"Red Slaver","floor":7,"turns":3},{"damage":17,"enemies":"Lagavulin","floor":8,"turns":7},{"damage":11,"enemies":"Gremlin Nob","floor":14,"turns":4},{"damage":45,"enemies":"Slime Boss","floor":16,"turns":11},{"damage":13,"enemies":"Chosen","floor":18,"turns":5},{"damage":9,"enemies":"Spheric Guardian","floor":21,"turns":5},{"damage":42,"enemies":"Gremlin Leader","floor":24,"turns":6}],"seed_played":"5662734352740644899","potions_obtained":[{"floor":8,"key":"EssenceOfSteel"},{"floor":10,"key":"Weak Potion"},{"floor":16,"key":"AttackPotion"},{"floor":21,"key":"FearPotion"}],"is_trial":false,"path_per_floor":["M","?","M","M","?","R","M","E","T","?","R","$","R","E","R","B",null,"M","T","?","M","$","R","E"],"character_chosen":"THE_SILENT","items_purchased":["Catalyst","Backflip+1","Setup+1"],"campfire_rested":1,"item_purchase_floors":[12,22,22],"current_hp_per_floor":[49,49,45,45,40,40,31,14,14,14,41,41,50,39,48,3,46,33,33,33,24,24,36,0,0],"gold":40,"neow_bonus":"BOSS_RELIC","is_daily":false,"chose_seed":false,"campfire_upgraded":4,"win_rate":0.0,"timestamp":1613217861,"path_taken":["M","?","M","M","?","R","M","E","T","?","R","$","R","E","R","BOSS","M","?","?","M","$","R","E"],"items_purchased_type":["Card","Card","Card"],"build_version":"2020-12-22","purchased_purges":2,"victory":false,"max_hp_per_floor":[66,60,60,60,60,60,60,60,60,60,60,60,60,60,60,60,60,60,60,60,60,60,60,60,60],"card_choices":[{"not_picked":["Outmaneuver","Dodge and Roll"],"picked":"Poisoned Stab","floor":1},{"not_picked":["Underhanded Strike","Quick Slash"],"picked":"Glass Knife","floor":3},{"not_picked":["Quick Slash","Cloak And Dagger"],"picked":"Deadly Poison","floor":4},{"not_picked":["Backflip","Outmaneuver"],"picked":"Dagger Spray","floor":7},{"not_picked":["Deflect","Tactician"],"picked":"Sucker Punch","floor":8},{"not_picked":["Sucker Punch","Doppelganger"],"picked":"Poisoned Stab","floor":14},{"not_picked":["Bullet Time","Grand Finale"],"picked":"Corpse Explosion","floor":16},{"not_picked":["Skewer","Backflip","Caltrops+1"],"picked":"SKIP","floor":18},{"not_picked":["Poisoned Stab","Flechettes","Underhanded Strike"],"picked":"SKIP","floor":21}],"player_experience":262482,"relics_obtained":[{"floor":8,"key":"HornCleat"},{"floor":9,"key":"Eternal Feather"},{"floor":14,"key":"War Paint"},{"floor":19,"key":"Toxic Egg 2"}],"event_choices":[{"damage_healed":0,"gold_gain":0,"player_choice":"Lose Max HP","damage_taken":0,"relics_obtained":["Golden Idol"],"max_hp_gain":0,"max_hp_loss":6,"event_name":"Golden Idol","floor":2,"gold_loss":0},{"damage_healed":0,"gold_gain":0,"player_choice":"Success","damage_taken":5,"relics_obtained":["Ice Cream"],"max_hp_gain":0,"max_hp_loss":0,"event_name":"Scrap Ooze","floor":5,"gold_loss":0},{"damage_healed":0,"gold_gain":0,"player_choice":"Got Potions","damage_taken":0,"max_hp_gain":0,"max_hp_loss":0,"event_name":"Lab","floor":10,"gold_loss":0},{"cards_removed":["Strike_G"],"damage_healed":0,"gold_gain":0,"player_choice":"Offered Basic","damage_taken":0,"max_hp_gain":0,"max_hp_loss":0,"event_name":"Bonfire Elementals","floor":20,"gold_loss":0}],"is_beta":false,"boss_relics":[{"not_picked":["Velvet Choker","Fusion Hammer"],"picked":"Astrolabe"}],"items_purged_floors":[12,22],"is_endless":false,"potions_floor_spawned":[8,16,21],"killed_by":"Gremlin Leader","ascension_level":18}}