{"host":"t1puqh5lxz8sp6fn","time":1613201992,"event":{"mods":["AchievementEnabler","BaseMod","Colored Powertips","Minty Spire (QoL Compilation)","Rare Cards Sparkle","Relic Stats","StSLib"],"gold_per_floor":[119,136,151,116,191,221,302,302,377,27,38,71,89,89,89,89,89],"floor_reached":16,"playtime":491,"items_purged":["Defend_B"],"score":193,"play_id":"76f95497-cc80-4359-b8d5-bdad349281de","local_time":"20210213043952","is_ascension_mode":true,"campfire_choices":[{"floor":8.0,"key":"REST"},{"floor":15,"key":"REST"}],"circlet_count":0,"master_deck":["AscendersBane","Strike_B","Strike_B","Strike_B","Strike_B","Defend_B","Defend_B","Defend_B","Zap","Dualcast","Electrodynamics","Genetic Algorithm","Reinforced Body","Ball Lightning","Conserve Battery","Master of Strategy","Go for the Eyes","Seek","Reinforced Body"],"relics":["Cracked Core","Nunchaku","Ornamental Fan","The Courier","PreservedInsect","Ginger"],"acts_visited":["Exordium"],"potions_floor_usage":[12],"damage_taken":[{"damage":13.0,"enemies":"2 Louse","floor":1.0,"turns":2.0},{"damage":7.0,"enemies":"Jaw Worm","floor":2.0,"turns":4.0},{"damage":2.0,"enemies":"Small Slimes","floor":3.0,"turns":4.0},{"damage":37.0,"enemies":"Gremlin Nob","floor":6.0,"turns":4.0},{"damage":0,"enemies":"Exordium Thugs","floor":11,"turns":3},{"damage":9,"enemies":"Lagavulin","floor":12,"turns":6},{"damage":0,"enemies":"Red Slaver","floor":13,"turns":4},{"damage":39,"enemies":"The Guardian","floor":16,"turns":10}],"seed_played":"-1785459905050060163","potions_obtained":[{"floor":1.0,"key":"SteroidPotion"},{"floor":6.0,"key":"Swift Potion"}],"is_trial":false,"path_per_floor":["M","M","M","?","?","E","T","R","T","$","M","E","M","?","R","B"],"character_chosen":"DEFECT","items_purchased":["Master of Strategy","Go for the Eyes","Seek"],"campfire_rested":2,"item_purchase_floors":[10,10,10],"current_hp_per_floor":[51,44,42,59,48,11,11,32,32,32,32,23,23,18,39,0,0],"gold":89,"neow_bonus":"ONE_RANDOM_RARE_CARD","is_daily":false,"chose_seed":false,"campfire_upgraded":0,"win_rate":0.0,"timestamp":1613201992,"path_taken":["M","M","M","?","?","E","?","R","T","$","M","E","?","?","R","BOSS"],"items_purchased_type":["Card","Card","Card"],"build_version":"2020-12-13","purchased_purges":1,"victory":false,"max_hp_per_floor":[71,71,71,71,71,71,71,71,71,71,71,71,71,71,71,71,71],"relic_stats":{"Nunchaku":[3],"counters":[8,37],"Ornamental Fan":[8],"PreservedInsect":0,"Ginger":[0],"obtain_stats":[{"Nunchaku":6,"Ornamental Fan":7,"The Courier":9,"PreservedInsect":12,"Ginger":14,"Cracked Core":0},{"Nunchaku":4,"Ornamental Fan":4,"The Courier":4,"PreservedInsect":6,"Ginger":7,"Cracked Core":0},{"Nunchaku":14,"Ornamental Fan":14,"The Courier":14,"PreservedInsect":23,"Ginger":27,"Cracked Core":0}]},"card_choices":[{"not_picked":["Leap","Hologram"],"picked":"Genetic Algorithm","floor":1.0},{"not_picked":["Redo","Streamline"],"picked":"Reinforced Body","floor":2.0},{"not_picked":["Steam","Conserve Battery"],"picked":"Ball Lightning","floor":3.0},{"not_picked":["Beam Cell","Compile Driver"],"picked":"Conserve Battery","floor":6.0},{"not_picked":["Barrage","Consume","Steam Power"],"picked":"SKIP","floor":11},{"not_picked":["Go for the Eyes","Heatsinks"],"picked":"Reinforced Body","floor":12},{"not_picked":["Conserve Battery","Static Discharge","Steam Power"],"picked":"SKIP","floor":13}],"player_experience":520933,"relics_obtained":[{"floor":6.0,"key":"Nunchaku"},{"floor":7.0,"key":"Ornamental Fan"},{"floor":9.0,"key":"The Courier"},{"floor":12,"key":"PreservedInsect"}],"event_choices":[{"damage_healed":17.0,"max_hp_gain":0.0,"max_hp_loss":0.0,"gold_gain":0.0,"event_name":"The Cleric","player_choice":"Healed","floor":4.0,"gold_loss":35.0,"damage_taken":0.0},{"damage_healed":0.0,"max_hp_gain":0.0,"max_hp_loss":0.0,"gold_gain":75.0,"event_name":"World of Goop","player_choice":"Gather Gold","floor":5.0,"gold_loss":0.0,"damage_taken":11.0},{"damage_healed":0,"gold_gain":0,"player_choice":"Success","damage_taken":5,"relics_obtained":["Ginger"],"max_hp_gain":0,"max_hp_loss":0,"event_name":"Scrap Ooze","floor":14,"gold_loss":0}],"is_beta":false,"boss_relics":[],"items_purged_floors":[10],"is_endless":false,"potions_floor_spawned":[1,6],"killed_by":"The Guardian","ascension_level":15}}