{"host":"8is2j71l4wmybkoi","time":1613229211,"event":{"mods":["AchievementEnabler","BaseMod","Colored Map","DeckTracker","Minty Spire (QoL Compilation)","Rare Cards Sparkle","Relic Stats","StSLib","SuperFastMode"],"gold_per_floor":[213,233,12,12,30,55,66,66,139,214,214,225,256,277,277,352,352,372,372,390,401,62,62,62,62,62,62,81,91,109,73,73,145,145,161,161,180,195,220,220,220,250,275,275,275],"floor_reached":44,"language":"KOR","playtime":1889,"items_purged":["Strike_G","Defend_G"],"score":828,"play_id":"772590dd-06a8-4b58-aed6-99a7ffdfad51","local_time":"20210214001331","is_ascension_mode":true,"campfire_choices":[{"data":"Terror","floor":8,"key":"SMITH"},{"floor":11,"key":"REST"},{"floor":15,"key":"REST"},{"data":"A Thousand Cuts","floor":23,"key":"SMITH"},{"data":"Calculated Gamble","floor":32,"key":"SMITH"},{"floor":40,"key":"REST"}],"circlet_count":0,"master_deck":["AscendersBane","Strike_G","Strike_G","Strike_G","Defend_G","Defend_G","Defend_G","Defend_G","Survivor","Neutralize","Predator","Sucker Punch","Terror+1","Backstab","Cloak And Dagger","Deflect","Backflip","Noxious Fumes","After Image","Caltrops","Calculated Gamble+1","A Thousand Cuts+1","Flash of Steel","PiercingWail+1","Concentrate","Finisher","Escape Plan","Corpse Explosion","Madness","Madness","Noxious Fumes+1"],"relics":["Ring of the Snake","HandDrill","Unceasing Top","Mummified Hand","Centennial Puzzle","Odd Mushroom","Sozu","Sundial","Busted Crown","Calipers","Dream Catcher"],"acts_visited":["Exordium","TheCity","TheBeyond"],"potions_floor_usage":[6,13,41],"damage_taken":[{"damage":0,"enemies":"Cultist","floor":1,"turns":3},{"damage":7,"enemies":"Jaw Worm","floor":2,"turns":3},{"damage":2,"enemies":"Small Slimes","floor":5,"turns":4},{"damage":17,"enemies":"3 Sentries","floor":6,"turns":9},{"damage":4,"enemies":"Red Slaver","floor":7,"turns":2},{"damage":0,"enemies":"Blue Slaver","floor":12,"turns":2},{"damage":16,"enemies":"Gremlin Nob","floor":13,"turns":3},{"damage":15,"enemies":"The Mushroom Lair","floor":14,"turns":5},{"damage":8,"enemies":"The Guardian","floor":16,"turns":13},{"damage":2,"enemies":"Shell Parasite","floor":18,"turns":5},{"damage":0,"enemies":"3 Byrds","floor":20,"turns":4},{"damage":5,"enemies":"Centurion and Healer","floor":21,"turns":7},{"damage":2,"enemies":"Shelled Parasite and Fungi","floor":28,"turns":4},{"damage":3,"enemies":"Cultist and Chosen","floor":29,"turns":5},{"damage":4,"enemies":"Centurion and Healer","floor":30,"turns":5},{"damage":5,"enemies":"Collector","floor":33,"turns":7},{"damage":8,"enemies":"Orb Walker","floor":35,"turns":5},{"damage":0,"enemies":"3 Shapes","floor":37,"turns":5},{"damage":0,"enemies":"Maw","floor":38,"turns":6},{"damage":4,"enemies":"Mind Bloom Boss Battle","floor":39,"turns":5},{"damage":0,"enemies":"2 Orb Walkers","floor":41,"turns":2},{"damage":29,"enemies":"Nemesis","floor":42,"turns":6},{"damage":38,"enemies":"Giant Head","floor":44,"turns":7}],"seed_played":"-7813438434942691105","potions_obtained":[{"floor":1,"key":"CunningPotion"},{"floor":6,"key":"Poison Potion"},{"floor":7,"key":"SmokeBomb"},{"floor":16,"key":"FearPotion"}],"is_trial":false,"path_per_floor":["M","M","$","?","M","E","M","R","T","?","R","M","E","?","R","B",null,"M","?","M","M","$","R","?","?","T","$","M","M","M","$","R","B",null,"M","?","M","M","?","R","?","E","T","E"],"character_chosen":"THE_SILENT","items_purchased":["HandDrill","A Thousand Cuts","Flash of Steel","Escape Plan"],"campfire_rested":3,"item_purchase_floors":[3,22,22,31],"current_hp_per_floor":[59,52,52,57,55,38,34,34,34,23,44,44,28,13,34,26,60,58,48,48,43,43,43,43,43,43,43,41,38,34,34,34,29,61,53,40,40,40,36,57,57,28,28,0,0],"gold":275,"neow_bonus":"HUNDRED_GOLD","is_daily":false,"chose_seed":false,"campfire_upgraded":3,"win_rate":0.0,"timestamp":1613229211,"path_taken":["M","M","$","?","M","E","M","R","T","?","R","M","E","?","R","BOSS","M","?","M","?","$","R","?","?","T","?","M","M","?","$","R","BOSS","M","?","M","M","?","R","?","E","T","E"],"items_purchased_type":["Relic","Card","Card","Card"],"build_version":"2020-12-22","purchased_purges":2,"victory":false,"max_hp_per_floor":[66,66,66,71,71,71,71,71,71,71,71,71,71,71,71,71,71,71,71,71,71,71,71,71,71,71,71,71,71,71,71,71,71,71,71,71,71,71,71,71,71,71,71,71,71],"relic_stats":{"Sozu":6,"Centennial Puzzle":[36],"Dream Catcher":0,"Busted Crown":10,"counters":[23,117],"Mummified Hand":[47],"Sundial":[12],"HandDrill":[20],"obtain_stats":[{"Sozu":17,"Centennial Puzzle":13,"Dream Catcher":42,"Busted Crown":34,"Calipers":39,"Mummified Hand":9,"Sundial":26,"HandDrill":3,"Odd Mushroom":14,"Unceasing Top":6,"Ring of the Snake":0},{"Sozu":9,"Centennial Puzzle":7,"Dream Catcher":22,"Busted Crown":16,"Calipers":20,"Mummified Hand":5,"Sundial":12,"HandDrill":2,"Odd Mushroom":8,"Unceasing Top":4,"Ring of the Snake":0},{"Sozu":44,"Centennial Puzzle":26,"Dream Catcher":110,"Busted Crown":81,"Calipers":102,"Mummified Hand":21,"Sundial":60,"HandDrill":6,"Odd Mushroom":31,"Unceasing Top":19,"Ring of the Snake":0}],"Unceasing Top":[139],"Ring of the Snake":[46]},"card_choices":[{"not_picked":["Poisoned Stab","Acrobatics"],"picked":"Predator","floor":1},{"not_picked":["Acrobatics","PiercingWail"],"picked":"Sucker Punch","floor":2},{"not_picked":["Skewer","Choke"],"picked":"Terror","floor":5},{"not_picked":["Accuracy","Riddle With Holes"],"picked":"Backstab","floor":6},{"not_picked":["All Out Attack","Outmaneuver"],"picked":"Cloak And Dagger","floor":7},{"not_picked":["Backstab","Blade Dance"],"picked":"Deflect","floor":12},{"not_picked":["Slice","Quick Slash"],"picked":"Backflip","floor":13},{"not_picked":["Acrobatics","Dagger Spray"],"picked":"Noxious Fumes","floor":14},{"not_picked":["Glass Knife","Wraith Form v2"],"picked":"After Image","floor":16},{"not_picked":["Cloak And Dagger","Catalyst"],"picked":"Caltrops","floor":18},{"not_picked":["Slice","Dagger Spray"],"picked":"Calculated Gamble","floor":20},{"not_picked":["Bouncing Flask","Acrobatics","Deadly Poison"],"picked":"SKIP","floor":21},{"not_picked":["Riddle With Holes","Die Die Die"],"picked":"PiercingWail+1","floor":28},{"not_picked":["Dodge and Roll","Flying Knee"],"picked":"Concentrate","floor":29},{"not_picked":["Bouncing Flask","Dagger Throw"],"picked":"Finisher","floor":30},{"not_picked":["Night Terror","Wraith Form v2"],"picked":"Corpse Explosion","floor":33},{"not_picked":["Bouncing Flask+1"],"picked":"SKIP","floor":35},{"not_picked":["Calculated Gamble"],"picked":"SKIP","floor":37},{"not_picked":[],"picked":"Noxious Fumes+1","floor":38},{"not_picked":["Underhanded Strike"],"picked":"SKIP","floor":42}],"player_experience":1180332,"relics_obtained":[{"floor":6,"key":"Unceasing Top"},{"floor":9,"key":"Mummified Hand"},{"floor":13,"key":"Centennial Puzzle"},{"floor":14,"key":"Odd Mushroom"},{"floor":26,"key":"Sundial"},{"floor":39,"key":"Calipers"},{"floor":42,"key":"Dream Catcher"}],"event_choices":[{"damage_healed":0,"gold_gain":0,"player_choice":"Donut","damage_taken":0,"max_hp_gain":5,"max_hp_loss":0,"event_name":"Big Fish","floor":4,"gold_loss":0},{"damage_healed":0,"gold_gain":75,"player_choice":"Gather Gold","damage_taken":11,"max_hp_gain":0,"max_hp_loss":0,"event_name":"World of Goop","floor":10,"gold_loss":0},{"damage_healed":0,"gold_gain":0,"player_choice":"Fought Mushrooms","damage_taken":0,"max_hp_gain":0,"max_hp_loss":0,"event_name":"Mushrooms","floor":14,"gold_loss":0},{"damage_healed":0,"gold_gain":0,"player_choice":"Damaged","damage_taken":10,"max_hp_gain":0,"max_hp_loss":0,"event_name":"Wheel of Change","floor":19,"gold_loss":0},{"damage_healed":0,"gold_gain":0,"player_choice":"Ignored","damage_taken":0,"max_hp_gain":0,"max_hp_loss":0,"event_name":"The Mausoleum","floor":24,"gold_loss":0},{"cards_removed":["Strike_G"],"damage_healed":0,"gold_gain":0,"player_choice":"Elegance","damage_taken":0,"max_hp_gain":0,"max_hp_loss":0,"event_name":"Back to Basics","floor":25,"gold_loss":0},{"damage_healed":0,"gold_gain":0,"player_choice":"Embrace Madness","damage_taken":13,"max_hp_gain":0,"max_hp_loss":0,"event_name":"Winding Halls","floor":36,"gold_loss":0,"cards_obtained":["Madness","Madness"]},{"damage_healed":0,"gold_gain":0,"player_choice":"Fight","damage_taken":0,"max_hp_gain":0,"max_hp_loss":0,"event_name":"MindBloom","floor":39,"gold_loss":0},{"damage_healed":0,"gold_gain":0,"player_choice":"Fight","damage_taken":0,"max_hp_gain":0,"max_hp_loss":0,"event_name":"Mysterious Sphere","floor":41,"gold_loss":0}],"is_beta":false,"boss_relics":[{"not_picked":["Black Star","Pandora\u0027s Box"],"picked":"Sozu"},{"not_picked":["Cursed Key","Philosopher\u0027s Stone"],"picked":"Busted Crown"}],"items_purged_floors":[3,22],"is_endless":false,"potions_floor_spawned":[1,6,7,16,18,21,29,35,38,42],"killed_by":"Giant Head","ascension_level":15}}