{"host":"u0qetpmu4y58k1tf","time":1613218139,"event":{"mods":["100% Spire Juice","AchievementEnabler","Act Like it!","BaseMod","CapriCore","Colored Map","Colored Powertips","Hermit","Koishi","Marisa£¨Ùöéë¡¡Øª×âÞÞ£©","Minty Spire (QoL Compilation)","Quick Restart","Reliquary","Replay The Spire","StSLib","SuperFastMode","Td1madao Mod","The Bug Knight","The Cursed","The Gatherer","The Hierophant","The Immortal","The Jungle","The Runesmith"],"gold_per_floor":[114,14,28,28,103,138,138,166,245,20,40,40,64,10,10,114,114,124,64,74,74,54,85,98,98,98,110,148,160,199,221,233,350,362,385,397,409,166,177,177,177],"floor_reached":40,"language":"KOR","playtime":1730,"items_purged":["Strike_B","Replay:Sluggish"],"score":716,"play_id":"00092e3c-d816-431e-952f-5c00f04c7918","local_time":"20210213210859","is_ascension_mode":true,"campfire_choices":[{"data":"White Noise","floor":7,"key":"SMITH"},{"data":"Zap","floor":15,"key":"SMITH"},{"data":"Dualcast","floor":25,"key":"SMITH"},{"data":"ReplayTheSpireMod:GoodbyeWorld","floor":27,"key":"SMITH"},{"data":"Shame","floor":32,"key":"PURGE"}],"circlet_count":0,"master_deck":["Strike_B","Strike_B","Defend_B","Defend_B","Defend_B","Defend_B","Zap+1","Dualcast+1","Streamline","Cold Snap","Blizzard","White Noise+1","ReplayTheSpireMod:GoodbyeWorld+1","Creative AI","Turbo","Creative AI","Hello World+1","Reboot","FTL+1","White Noise+1","Crystallizer","Amplify","Voices","Voices","Reboot","ReplayTheSpireMod:Brewmster"],"relics":["Cracked Core","NeowsBlessing","MealTicket","Pantograph","Molten Egg 2","Strange Spoon","Akabeko","Replay:Rubber Ducky","SlaversCollar","theJungle:SneckoAutograph","Bronze Scales","MawBank","Geode","Incense Burner","Replay:Ancient Bell","reliquary:PartyBalloon","Question Card","Durian","Medical Kit"],"acts_visited":["Exordium","Exordium","TheBeyond"],"potions_floor_usage":[8,18,20,23,30,39,40],"damage_taken":[{"damage":0,"enemies":"2 Louse","floor":1,"turns":1},{"damage":0,"enemies":"Jaw Worm","floor":3,"turns":1},{"damage":0,"enemies":"3 Sentries","floor":6,"turns":1},{"damage":42,"enemies":"Lagavulin","floor":8,"turns":6},{"damage":3,"enemies":"Small Slimes","floor":11,"turns":2},{"damage":8,"enemies":"The Guardian","floor":16,"turns":12},{"damage":16,"enemies":"theJungle:Flameango_and_Byrd","floor":18,"turns":6},{"damage":6,"enemies":"Shell Parasite","floor":20,"turns":7},{"damage":14,"enemies":"theJungle:2_Phrogs","floor":23,"turns":7},{"damage":0,"enemies":"theJungle:Snecko_Cultist_And_Trap","floor":24,"turns":6},{"damage":0,"enemies":"theJungle:Cassacara","floor":28,"turns":6},{"damage":0,"enemies":"theJungle:2_Phrogs","floor":30,"turns":5},{"damage":11,"enemies":"theJungle:2_Flameangoes","floor":31,"turns":7},{"damage":0,"enemies":"theJungle:QueenSpyder","floor":33,"turns":9},{"damage":37,"enemies":"3 Shapes","floor":35,"turns":5},{"damage":8,"enemies":"Orb Walker","floor":39,"turns":5},{"damage":50,"enemies":"Reptomancer","floor":40,"turns":3}],"seed_played":"-4641704993711524680","potions_obtained":[{"floor":1,"key":"Strength Potion"},{"floor":11,"key":"PowerPotion"},{"floor":18,"key":"PowerPotion"},{"floor":22,"key":"Regen Potion"},{"floor":23,"key":"ColorlessPotion"},{"floor":28,"key":"SteroidPotion"},{"floor":30,"key":"SteroidPotion"},{"floor":35,"key":"Toxic Potion"},{"floor":39,"key":"Languid Potion"}],"is_trial":false,"path_per_floor":["M","$","M","?","?","E","R","E","T","$","M","?","T","$","R","B",null,"M","$","M","?","?","E","M","R","T","R","E","$","E","M","R_BF","B",null,"M","?","T","$","M","E"],"character_chosen":"DEFECT","items_purchased":["Cold Snap","Blizzard","Strange Spoon","Turbo","Hello World+1","Medical Kit"],"campfire_rested":0,"item_purchase_floors":[2,2,10,14,19,38],"current_hp_per_floor":[75,75,75,75,64,64,64,22,22,37,34,31,31,46,46,63,72,56,71,65,65,65,62,62,62,62,62,62,75,75,64,64,75,80,43,43,43,58,50,0,0],"gold":177,"neow_bonus":"THREE_ENEMY_KILL","is_daily":false,"chose_seed":false,"campfire_upgraded":4,"win_rate":0.0,"timestamp":1613218139,"path_taken":["M","$","M","?","?","E","R","E","T","$","M","?","?","?","R","BOSS","M","$","M","?","?","E","?","R","T","R","E","?","E","M","R_BF","BOSS","M","?","?","$","M","E"],"items_purchased_type":["Card","Card","Relic","Card","Card","Relic"],"build_version":"2020-12-22","purchased_purges":2,"victory":false,"max_hp_per_floor":[75,75,75,75,75,75,75,75,75,75,75,75,75,75,75,75,75,75,75,75,75,75,75,75,75,75,75,75,75,75,75,75,75,80,80,80,80,80,80,80,80],"card_choices":[{"not_picked":["Lockon","Compile Driver"],"picked":"Streamline","floor":1},{"not_picked":["Go for the Eyes","Time Bomb"],"picked":"White Noise","floor":3},{"not_picked":["Barrage","Rebound"],"picked":"ReplayTheSpireMod:GoodbyeWorld","floor":6},{"not_picked":["Fission","Redo","Streamline"],"picked":"SKIP","floor":8},{"not_picked":["FIFO Queue","Conserve Battery"],"picked":"Creative AI","floor":11},{"not_picked":["All For One+1","Amplify"],"picked":"Creative AI","floor":16},{"not_picked":["Compile Driver+1","Beam Cell+1","Panic Button+1"],"picked":"SKIP","floor":18},{"not_picked":["ReplayGash+1","Redo","Coolheaded"],"picked":"SKIP","floor":20},{"not_picked":["Cold Snap+1","Hyperbeam+1"],"picked":"Reboot","floor":23},{"not_picked":["Genetic Algorithm+1","Aggregate"],"picked":"FTL+1","floor":24},{"not_picked":["BootSequence","Cold Snap+1"],"picked":"White Noise+1","floor":28},{"not_picked":["Gash+1","Darkness","Capacitor"],"picked":"SKIP","floor":30},{"not_picked":["Ball Lightning+1","BasicCrystalCard"],"picked":"Crystallizer","floor":31},{"not_picked":["Thunder Strike+1","Multi-Cast"],"picked":"Amplify","floor":33},{"not_picked":["CommonCold","ReplayTheSpireMod:Doomed","Looming Evil"],"picked":"Voices","floor":34},{"not_picked":["CurseOfTheBell","Regret","ReplayTheSpireMod:IOU"],"picked":"Replay:Sluggish","floor":34},{"not_picked":["Doubt","TheCursedMod:Dregs","Looming Evil"],"picked":"Voices","floor":34},{"not_picked":["Hologram","Turbo+1","Consume+1"],"picked":"Reboot","floor":35},{"not_picked":["Magnetism","Replay:Sssssssssstrike+1","Bandage Up"],"picked":"ReplayTheSpireMod:Brewmster","floor":36},{"not_picked":["Compile Driver+1","Hologram+1","Aggregate","Leap"],"picked":"SKIP","floor":39}],"player_experience":111192,"relics_obtained":[{"floor":6,"key":"MealTicket"},{"floor":8,"key":"Pantograph"},{"floor":9,"key":"Molten Egg 2"},{"floor":13,"key":"Replay:Rubber Ducky"},{"floor":23,"key":"Bronze Scales"},{"floor":26,"key":"MawBank"},{"floor":28,"key":"Geode"},{"floor":30,"key":"Incense Burner"}],"event_choices":[{"damage_healed":0,"gold_gain":75,"player_choice":"Gather Gold","damage_taken":11,"max_hp_gain":0,"max_hp_loss":0,"event_name":"World of Goop","floor":5,"gold_loss":0},{"damage_healed":0,"gold_gain":0,"player_choice":"Success","damage_taken":3,"relics_obtained":["Akabeko"],"max_hp_gain":0,"max_hp_loss":0,"event_name":"Scrap Ooze","floor":12,"gold_loss":0},{"damage_healed":0,"gold_gain":0,"player_choice":"Bought 1 Potion","damage_taken":0,"max_hp_gain":0,"max_hp_loss":0,"event_name":"The Woman in Blue","floor":22,"gold_loss":0},{"damage_healed":0,"gold_gain":0,"player_choice":"Memory 1","damage_taken":0,"max_hp_gain":0,"max_hp_loss":0,"event_name":"SensoryStone","floor":36,"gold_loss":0}],"is_beta":false,"boss_relics":[{"not_picked":["Runic Pyramid","Astrolabe"],"picked":"SlaversCollar"},{"not_picked":["Philosopher\u0027s Stone","Cursed Key"],"picked":"Replay:Ancient Bell"},{"not_picked":["reliquary:Boomerang","Replay:Baseball"],"picked":"reliquary:PartyBalloon"},{"not_picked":["reliquary:Sideboard","Blue Candle"],"picked":"Question Card"},{"not_picked":["Runesmith:Locket","Girya"],"picked":"Durian"}],"items_purged_floors":[10,38],"is_endless":false,"potions_floor_spawned":[1,11,18,23,28,30,35,39],"killed_by":"Reptomancer","ascension_level":5}}