{"host":"tetq3wi5anb97imq","time":1613178626,"event":{"mods":["BaseMod","Block Reminder","Minty Spire (QoL Compilation)","Quick Restart","StSLib","SuperFastMode"],"gold_per_floor":[119,133,98,98,98,123,123,137,137,287,156,166,193,205,205,283,283,300,313,238,238,238,238,270,270,296,306,109,120,153,172,172,243,243,259,259,314,324,324,324,324],"floor_reached":40,"language":"ENG","playtime":1093,"items_purged":["Doubt"],"score":1018,"play_id":"0900f62e-8a3b-4aed-a25e-c4aec1e384cc","local_time":"20210212231026","is_ascension_mode":true,"campfire_choices":[{"floor":7.0,"key":"REST"},{"data":"Footwork","floor":15.0,"key":"SMITH"},{"floor":23.0,"key":"REST"},{"data":"A Thousand Cuts","floor":25.0,"key":"SMITH"},{"floor":32.0,"key":"REST"}],"circlet_count":0,"master_deck":["AscendersBane","Strike_G+1","Strike_G+1","Strike_G+1","Strike_G+1","Defend_G+1","Defend_G+1","Defend_G+1","Defend_G+1","Defend_G+1","Survivor+1","Neutralize+1","Deadly Poison","Dash+1","Dagger Spray","Footwork+1","Deadly Poison","A Thousand Cuts+1","Dash","Blur","Terror","Bane","CurseOfTheBell","Cloak And Dagger","Noxious Fumes"],"relics":["Ring of the Snake","NeowsBlessing","Singing Bowl","Happy Flower","War Paint","Mercury Hourglass","Busted Crown","Nilry\u0027s Codex","Matryoshka","Smiling Mask","Lantern","Medical Kit","Kunai","Calling Bell","Tiny Chest","Paper Crane","Lizard Tail","Peace Pipe"],"acts_visited":["Exordium","TheCity","TheBeyond"],"potions_floor_usage":[],"damage_taken":[{"damage":0.0,"enemies":"Small Slimes","floor":1.0,"turns":1.0},{"damage":0.0,"enemies":"2 Louse","floor":2.0,"turns":1.0},{"damage":0.0,"enemies":"Gremlin Nob","floor":6.0,"turns":1.0},{"damage":2.0,"enemies":"Jaw Worm","floor":8.0,"turns":4.0},{"damage":1.0,"enemies":"Large Slime","floor":12.0,"turns":5.0},{"damage":17.0,"enemies":"Lagavulin","floor":13.0,"turns":7.0},{"damage":0.0,"enemies":"Blue Slaver","floor":14.0,"turns":3.0},{"damage":24.0,"enemies":"Hexaghost","floor":16.0,"turns":10.0},{"damage":4.0,"enemies":"3 Byrds","floor":18.0,"turns":4.0},{"damage":14.0,"enemies":"Spheric Guardian","floor":19.0,"turns":5.0},{"damage":0.0,"enemies":"Gremlin Leader","floor":24.0,"turns":7.0},{"damage":4.0,"enemies":"Cultist and Chosen","floor":27.0,"turns":4.0},{"damage":3.0,"enemies":"Centurion and Healer","floor":29.0,"turns":6.0},{"damage":1.0,"enemies":"Slavers","floor":30.0,"turns":3.0},{"damage":10.0,"enemies":"Shelled Parasite and Fungi","floor":31.0,"turns":5.0},{"damage":27.0,"enemies":"Collector","floor":33.0,"turns":10.0},{"damage":0.0,"enemies":"3 Shapes","floor":35.0,"turns":4.0},{"damage":68,"enemies":"2 Orb Walkers","floor":37,"turns":6},{"damage":24,"enemies":"3 Darklings","floor":38,"turns":5},{"damage":40,"enemies":"Giant Head","floor":40,"turns":4}],"seed_played":"4802285952948245767","potions_obtained":[{"floor":6.0,"key":"FearPotion"},{"floor":12.0,"key":"Swift Potion"},{"floor":13.0,"key":"FairyPotion"},{"floor":14.0,"key":"SkillPotion"},{"floor":16.0,"key":"EntropicBrew"},{"floor":27.0,"key":"EssenceOfSteel"},{"floor":30.0,"key":"AttackPotion"}],"is_trial":false,"path_per_floor":["M","M","?","?","?","E","R","M","T","?","$","M","E","M","R","B",null,"M","M","?","?","?","R","E","R","T","M","$","M","E","M","R","B",null,"M","?","?","M","?","E"],"character_chosen":"THE_SILENT","items_purchased":["Strength Potion","Medical Kit","Terror"],"campfire_rested":3,"item_purchase_floors":[11,28,28],"current_hp_per_floor":[59,59,66,48,28,28,47,47,47,47,47,46,29,29,29,5,52,50,36,36,15,15,36,38,38,38,34,34,33,32,24,46,21,64,66,66,40,16,16,0,0],"gold":324,"neow_bonus":"THREE_ENEMY_KILL","is_daily":false,"chose_seed":false,"campfire_upgraded":2,"win_rate":0.0,"timestamp":1613178626,"path_taken":["M","M","?","?","?","E","R","M","T","?","$","M","E","M","R","BOSS","M","M","?","?","?","R","E","R","T","M","$","?","E","M","R","BOSS","M","?","?","M","?","E"],"items_purchased_type":["Potion","Relic","Card"],"build_version":"2020-12-22","purchased_purges":1,"victory":false,"max_hp_per_floor":[66,66,66,66,66,66,66,68,68,68,68,68,68,68,68,68,68,70,70,70,70,70,70,72,72,72,72,72,74,74,76,76,78,78,80,80,80,80,80,80,80],"card_choices":[{"not_picked":["Well Laid Plans","Masterful Stab"],"picked":"Deadly Poison","floor":1.0},{"not_picked":["Flying Knee","Predator"],"picked":"Dash","floor":2.0},{"not_picked":["Acrobatics","Infinite Blades"],"picked":"Dagger Spray","floor":6.0},{"not_picked":["Finisher","Outmaneuver","PiercingWail"],"picked":"Singing Bowl","floor":8.0},{"not_picked":["Dagger Throw","Deflect"],"picked":"Footwork","floor":12.0},{"not_picked":["Cloak And Dagger","Outmaneuver"],"picked":"Deadly Poison","floor":13.0},{"not_picked":["Bane","Finisher"],"picked":"Poisoned Stab","floor":14.0},{"not_picked":["Night Terror","Malaise"],"picked":"A Thousand Cuts","floor":16.0},{"not_picked":["Concentrate"],"picked":"Singing Bowl","floor":18.0},{"not_picked":[],"picked":"Dash","floor":19.0},{"not_picked":["Quick Slash"],"picked":"Singing Bowl","floor":24.0},{"not_picked":[],"picked":"Blur","floor":27.0},{"not_picked":["Blade Dance"],"picked":"Singing Bowl","floor":29.0},{"not_picked":[],"picked":"Bane","floor":30.0},{"not_picked":["Dagger Throw"],"picked":"Singing Bowl","floor":31.0},{"not_picked":["Storm of Steel"],"picked":"Singing Bowl","floor":33.0},{"not_picked":["Finisher"],"picked":"Singing Bowl","floor":35.0},{"not_picked":[],"picked":"Cloak And Dagger","floor":37},{"not_picked":[],"picked":"Noxious Fumes","floor":38}],"player_experience":1668125,"relics_obtained":[{"floor":6.0,"key":"Happy Flower"},{"floor":9.0,"key":"War Paint"},{"floor":13.0,"key":"Mercury Hourglass"},{"floor":21.0,"key":"Nilry\u0027s Codex"},{"floor":24.0,"key":"Matryoshka"},{"floor":26.0,"key":"Smiling Mask"},{"floor":26.0,"key":"Lantern"},{"floor":30.0,"key":"Kunai"},{"floor":34.0,"key":"Tiny Chest"},{"floor":34.0,"key":"Paper Crane"},{"floor":34.0,"key":"Lizard Tail"},{"floor":37,"key":"Peace Pipe"}],"event_choices":[{"damage_healed":16.0,"max_hp_gain":0.0,"max_hp_loss":0.0,"gold_gain":0.0,"event_name":"The Cleric","player_choice":"Healed","floor":3.0,"gold_loss":35.0,"damage_taken":0.0},{"damage_healed":0.0,"max_hp_gain":0.0,"max_hp_loss":0.0,"gold_gain":0.0,"event_name":"Scrap Ooze","player_choice":"Success","floor":4.0,"gold_loss":0.0,"damage_taken":18.0,"relics_obtained":["Singing Bowl"]},{"damage_healed":0.0,"max_hp_gain":0.0,"max_hp_loss":0.0,"gold_gain":0.0,"event_name":"Shining Light","player_choice":"Entered Light","floor":5.0,"gold_loss":0.0,"damage_taken":20.0,"cards_upgraded":["Dash","Neutralize"]},{"damage_healed":0.0,"max_hp_gain":0.0,"max_hp_loss":0.0,"gold_gain":150.0,"event_name":"Liars Game","player_choice":"AGREE","floor":10.0,"gold_loss":0.0,"damage_taken":0.0,"cards_obtained":["Doubt"]},{"cards_removed":["Strike_G"],"damage_healed":0.0,"max_hp_gain":0.0,"max_hp_loss":0.0,"gold_gain":0.0,"event_name":"Beggar","player_choice":"Gave Gold","floor":20.0,"gold_loss":75.0,"damage_taken":0.0},{"damage_healed":0.0,"max_hp_gain":0.0,"max_hp_loss":0.0,"gold_gain":0.0,"event_name":"Cursed Tome","player_choice":"Obtained Book","floor":21.0,"gold_loss":0.0,"damage_taken":21.0},{"damage_healed":0.0,"max_hp_gain":0.0,"max_hp_loss":0.0,"gold_gain":0.0,"event_name":"Back to Basics","player_choice":"Simplicity","floor":22.0,"gold_loss":0.0,"damage_taken":0.0,"cards_upgraded":["Strike_G","Strike_G","Strike_G","Strike_G","Defend_G","Defend_G","Defend_G","Defend_G"]},{"cards_removed":["Poisoned Stab"],"damage_healed":0.0,"max_hp_gain":0.0,"max_hp_loss":0.0,"gold_gain":0.0,"event_name":"Falling","player_choice":"Removed Attack","floor":36.0,"gold_loss":0.0,"damage_taken":0.0},{"damage_healed":0,"gold_gain":0,"player_choice":"Fight","damage_taken":0,"max_hp_gain":0,"max_hp_loss":0,"event_name":"Mysterious Sphere","floor":37,"gold_loss":0},{"damage_healed":0,"gold_gain":0,"player_choice":"Ignored","damage_taken":0,"max_hp_gain":0,"max_hp_loss":0,"event_name":"Tomb of Lord Red Mask","floor":39,"gold_loss":0}],"is_beta":false,"boss_relics":[{"not_picked":["Pandora\u0027s Box","Black Star"],"picked":"Busted Crown"},{"not_picked":["Philosopher\u0027s Stone","Astrolabe"],"picked":"Calling Bell"}],"items_purged_floors":[11],"is_endless":false,"potions_floor_spawned":[6,12,13,14,16,18,27,30],"killed_by":"Giant Head","ascension_level":20}}