{"host":"udzsrhbqdxqtlypj","time":1613240527,"event":{"mods":["BaseMod","Minty Spire (QoL Compilation)","Relic Stats"],"gold_per_floor":[109,71,71,71,71,71,96,96,96,131,34,34,47,82,82,160,160,176,176,176,23,34,43,83,92,92,92,92,136,163,203,203,291,291,304,304,588,169,169,206,218,218,298,339,339,279,279,323,323,323,323,323,34,34,34],"floor_reached":54,"language":"ENG","playtime":3158,"items_purged":["Regret","Strike_R+1"],"score":1484,"play_id":"c6942482-6447-4295-a8fc-0aad2b5704c4","local_time":"20210213122207","is_ascension_mode":true,"campfire_choices":[{"data":"Twin Strike","floor":6.0,"key":"SMITH"},{"floor":8.0,"key":"REST"},{"data":"True Grit","floor":15.0,"key":"SMITH"},{"data":"J.A.X.","floor":27.0,"key":"SMITH"},{"data":"Offering","floor":32.0,"key":"SMITH"},{"floor":42.0,"key":"RECALL"},{"floor":45.0,"key":"REST"},{"floor":49.0,"key":"REST"},{"floor":52.0,"key":"REST"}],"circlet_count":0,"master_deck":["AscendersBane","Strike_R+1","Strike_R+1","Defend_R+1","Defend_R+1","Defend_R+1","Defend_R+1","Bash","Twin Strike+1","Reckless Charge","Wild Strike+1","Anger+1","Whirlwind+1","True Grit+1","Shrug It Off+1","Spot Weakness+1","Reaper+1","Dual Wield+1","RitualDagger+1","Disarm+1","J.A.X.+1","Headbutt+1","Shockwave+1","Offering+1","Demon Form+1","Fiend Fire+1","Limit Break+1","Ghostly Armor+1","Heavy Blade+1","Immolate+1","Battle Trance+1","Shockwave+1","Sword Boomerang+1","Evolve","Heavy Blade+1"],"relics":["Burning Blood","Juzu Bracelet","Bag of Preparation","FaceOfCleric","Molten Egg 2","Ornamental Fan","Meat on the Bone","Turnip","Velvet Choker","CeramicFish","War Paint","Matryoshka","Bronze Scales","Pantograph","Lantern","Question Card","Smiling Mask","SacredBark","Toxic Egg 2","Orrery","StoneCalendar","Darkstone Periapt","Prayer Wheel","Regal Pillow"],"acts_visited":["Exordium","TheCity","TheBeyond","TheEnding"],"potions_floor_usage":[53,54],"damage_taken":[{"damage":9.0,"enemies":"2 Louse","floor":1.0,"turns":4.0},{"damage":41.0,"enemies":"Lagavulin","floor":7.0,"turns":7.0},{"damage":15.0,"enemies":"3 Sentries","floor":10.0,"turns":7.0},{"damage":0.0,"enemies":"Small Slimes","floor":13.0,"turns":1.0},{"damage":27.0,"enemies":"Lagavulin","floor":14.0,"turns":5.0},{"damage":8.0,"enemies":"Slime Boss","floor":16.0,"turns":8.0},{"damage":4.0,"enemies":"Shell Parasite","floor":18.0,"turns":4.0},{"damage":8.0,"enemies":"Chosen","floor":22.0,"turns":3.0},{"damage":38.0,"enemies":"Book of Stabbing","floor":24.0,"turns":5.0},{"damage":40.0,"enemies":"Slavers","floor":29.0,"turns":8.0},{"damage":5.0,"enemies":"Sentry and Sphere","floor":30.0,"turns":3.0},{"damage":7.0,"enemies":"Gremlin Leader","floor":31.0,"turns":5.0},{"damage":90.0,"enemies":"Automaton","floor":33.0,"turns":9.0},{"damage":18.0,"enemies":"Orb Walker","floor":35.0,"turns":4.0},{"damage":86.0,"enemies":"Reptomancer","floor":40.0,"turns":7.0},{"damage":26.0,"enemies":"3 Darklings","floor":41.0,"turns":4.0},{"damage":0.0,"enemies":"Nemesis","floor":44.0,"turns":7.0},{"damage":69.0,"enemies":"Giant Head","floor":48.0,"turns":7.0},{"damage":78.0,"enemies":"Time Eater","floor":50.0,"turns":8.0},{"damage":103,"enemies":"Shield and Spear","floor":54,"turns":4}],"seed_played":"-1449089474470281384","potions_obtained":[{"floor":7.0,"key":"BlessingOfTheForge"},{"floor":13.0,"key":"LiquidBronze"},{"floor":16.0,"key":"Ancient Potion"},{"floor":22.0,"key":"Weak Potion"},{"floor":29.0,"key":"LiquidBronze"},{"floor":30.0,"key":"SkillPotion"},{"floor":35.0,"key":"Ancient Potion"}],"is_trial":false,"path_per_floor":["M","$","?","?","?","R","E","R","T","E","$","?","M","E","R","B",null,"M","?","?","$","M","?","E","?","T","R","T","E","M","E","R","B",null,"M","?","?","$","?","E","M","R","T","E","R","?","?","E","R","B",null,"R","$","E"],"character_chosen":"IRONCLAD","items_purchased":["Reckless Charge","Whirlwind+1","True Grit","War Paint","Toxic Egg 2","Orrery","Evolve","Fruit Juice","Block Potion","Heavy Blade+1"],"campfire_rested":4,"item_purchase_floors":[2,11,11,21,38,38,53,53,53,53],"current_hp_per_floor":[65,65,58,58,58,58,24,46,46,38,38,43,50,42,42,53,77,80,80,80,80,87,81,62,62,62,62,62,60,62,62,62,44,80,81,81,81,81,81,26,45,45,45,64,91,91,91,54,92,33,78,93,103,0,0],"gold":34,"neow_bonus":"RANDOM_COMMON_RELIC","is_daily":false,"chose_seed":false,"campfire_upgraded":4,"win_rate":0.0,"timestamp":1613240527,"path_taken":["M","$","?","?","?","R","E","R","T","E","?","?","M","E","R","BOSS","M","?","?","?","M","?","E","?","T","R","?","E","M","E","R","BOSS","M","?","?","$","?","E","M","R","T","E","R","?","?","E","R","BOSS","R","$","E"],"items_purchased_type":["Card","Card","Card","Relic","Relic","Relic","Card","Potion","Potion","Card"],"build_version":"2020-12-22","purchased_purges":2,"victory":false,"max_hp_per_floor":[75,75,75,75,75,75,76,76,76,77,77,82,83,84,84,85,85,86,86,86,86,87,87,88,88,88,88,88,89,90,91,91,92,92,93,93,93,93,88,89,90,90,90,91,91,91,91,92,92,93,93,93,103,103,103],"relic_stats":{"Darkstone Periapt":0,"Regal Pillow":11,"counters":[20,110],"CeramicFish":162,"StoneCalendar":[52],"Juzu Bracelet":4,"Bag of Preparation":[38],"War Paint":["Shrug It Off","Spot Weakness"],"Question Card":13,"Smiling Mask":75,"Burning Blood":109,"FaceOfCleric":18,"Ornamental Fan":[92],"Bronze Scales":[177],"Pantograph":25,"Prayer Wheel":0,"Turnip":[9],"obtain_stats":[{"Darkstone Periapt":43,"Lantern":28,"Regal Pillow":48,"CeramicFish":19,"SacredBark":34,"Velvet Choker":17,"StoneCalendar":40,"Juzu Bracelet":0,"Bag of Preparation":4,"War Paint":21,"Question Card":29,"Smiling Mask":31,"Burning Blood":0,"Matryoshka":24,"FaceOfCleric":5,"Ornamental Fan":9,"Bronze Scales":26,"Pantograph":26,"Orrery":38,"Molten Egg 2":7,"Prayer Wheel":44,"Turnip":14,"Toxic Egg 2":38,"Meat on the Bone":10},{"Darkstone Periapt":16,"Lantern":9,"Regal Pillow":18,"CeramicFish":7,"SacredBark":13,"Velvet Choker":6,"StoneCalendar":15,"Juzu Bracelet":0,"Bag of Preparation":1,"War Paint":7,"Question Card":10,"Smiling Mask":12,"Burning Blood":0,"Matryoshka":9,"FaceOfCleric":1,"Ornamental Fan":2,"Bronze Scales":9,"Pantograph":9,"Orrery":14,"Molten Egg 2":2,"Prayer Wheel":17,"Turnip":5,"Toxic Egg 2":14,"Meat on the Bone":3},{"Darkstone Periapt":84,"Lantern":44,"Regal Pillow":98,"CeramicFish":36,"SacredBark":69,"Velvet Choker":32,"StoneCalendar":80,"Juzu Bracelet":0,"Bag of Preparation":4,"War Paint":36,"Question Card":52,"Smiling Mask":60,"Burning Blood":0,"Matryoshka":44,"FaceOfCleric":4,"Ornamental Fan":11,"Bronze Scales":44,"Pantograph":44,"Orrery":73,"Molten Egg 2":11,"Prayer Wheel":91,"Turnip":24,"Toxic Egg 2":73,"Meat on the Bone":18}],"Meat on the Bone":120},"card_choices":[{"not_picked":["Heavy Blade","Ghostly Armor"],"picked":"Twin Strike","floor":1.0},{"not_picked":["Armaments","Iron Wave+1"],"picked":"Wild Strike+1","floor":7.0},{"not_picked":["Clash+1","Rupture"],"picked":"Anger+1","floor":10.0},{"not_picked":["Intimidate","Pommel Strike+1"],"picked":"Shrug It Off","floor":13.0},{"not_picked":["Bloodletting","Demon Form"],"picked":"Spot Weakness","floor":14.0},{"not_picked":["Bludgeon+1","Juggernaut"],"picked":"Reaper+1","floor":16.0},{"not_picked":["True Grit","Clash+1"],"picked":"Dual Wield+1","floor":18.0},{"not_picked":["Twin Strike+1","Metallicize","Cleave+1"],"picked":"SKIP","floor":22.0},{"not_picked":["Twin Strike+1","Carnage+1"],"picked":"Disarm+1","floor":24.0},{"not_picked":["Bloodletting","Sentinel"],"picked":"Headbutt+1","floor":29.0},{"not_picked":["Heavy Blade+1","Flex","Second Wind"],"picked":"Shockwave+1","floor":30.0},{"not_picked":["Clash+1","Thunderclap+1","Shrug It Off"],"picked":"Offering","floor":31.0},{"not_picked":["Brutality","Corruption","Barricade"],"picked":"Demon Form","floor":33.0},{"not_picked":["Thunderclap+1","Bloodletting","Headbutt+1","Searing Blow+1"],"picked":"SKIP","floor":35.0},{"not_picked":["Havoc+1","Wild Strike+1","Clash+1"],"picked":"Fiend Fire+1","floor":38.0},{"not_picked":["Havoc+1","Perfected Strike+1","Spot Weakness+1"],"picked":"Limit Break+1","floor":38.0},{"not_picked":["Wild Strike+1","Havoc+1","Pommel Strike+1"],"picked":"Ghostly Armor+1","floor":38.0},{"not_picked":["Headbutt+1","Clash+1","Reckless Charge+1"],"picked":"Heavy Blade+1","floor":38.0},{"not_picked":["Thunderclap+1","Anger+1","Iron Wave+1"],"picked":"Immolate+1","floor":38.0},{"not_picked":["Havoc+1","Anger+1","Clash+1"],"picked":"Battle Trance+1","floor":40.0},{"not_picked":["Combust+1","Hemokinesis+1","True Grit+1","Clash+1"],"picked":"SKIP","floor":41.0},{"not_picked":["Thunderclap+1","Inflame","Shrug It Off+1"],"picked":"Shockwave+1","floor":44.0},{"not_picked":["Immolate+1","Clothesline+1","Double Tap+1"],"picked":"Sword Boomerang+1","floor":48.0}],"player_experience":2905449,"relics_obtained":[{"floor":4.0,"key":"Bag of Preparation"},{"floor":7.0,"key":"Molten Egg 2"},{"floor":9.0,"key":"Ornamental Fan"},{"floor":10.0,"key":"Meat on the Bone"},{"floor":14.0,"key":"Turnip"},{"floor":24.0,"key":"Matryoshka"},{"floor":26.0,"key":"Bronze Scales"},{"floor":26.0,"key":"Pantograph"},{"floor":28.0,"key":"Lantern"},{"floor":29.0,"key":"Question Card"},{"floor":31.0,"key":"Smiling Mask"},{"floor":40.0,"key":"StoneCalendar"},{"floor":43.0,"key":"Darkstone Periapt"},{"floor":44.0,"key":"Prayer Wheel"},{"floor":48.0,"key":"Regal Pillow"}],"event_choices":[{"cards_removed":["Strike_R"],"damage_healed":0.0,"max_hp_gain":0.0,"max_hp_loss":0.0,"gold_gain":0.0,"event_name":"Golden Wing","player_choice":"Card Removal","floor":3.0,"gold_loss":0.0,"damage_taken":7.0},{"damage_healed":0.0,"max_hp_gain":0.0,"max_hp_loss":0.0,"gold_gain":0.0,"event_name":"Wheel of Change","player_choice":"Relic","floor":4.0,"gold_loss":0.0,"damage_taken":0.0},{"damage_healed":0.0,"max_hp_gain":0.0,"max_hp_loss":0.0,"gold_gain":0.0,"event_name":"FaceTrader","player_choice":"Trade","floor":5.0,"gold_loss":0.0,"damage_taken":0.0,"relics_obtained":["FaceOfCleric"]},{"damage_healed":0.0,"max_hp_gain":5.0,"max_hp_loss":0.0,"gold_gain":0.0,"event_name":"Big Fish","player_choice":"Donut","floor":12.0,"gold_loss":0.0,"damage_taken":0.0},{"damage_healed":0.0,"max_hp_gain":0.0,"max_hp_loss":0.0,"gold_gain":0.0,"event_name":"The Mausoleum","player_choice":"Opened","floor":19.0,"gold_loss":0.0,"damage_taken":0.0,"relics_obtained":["CeramicFish"]},{"damage_healed":0.0,"max_hp_gain":0.0,"max_hp_loss":0.0,"gold_gain":0.0,"event_name":"Back to Basics","player_choice":"Simplicity","floor":20.0,"gold_loss":0.0,"damage_taken":0.0,"cards_upgraded":["Strike_R","Strike_R","Strike_R","Strike_R","Defend_R","Defend_R","Defend_R","Defend_R"]},{"damage_healed":0.0,"max_hp_gain":0.0,"max_hp_loss":0.0,"gold_gain":0.0,"event_name":"Nest","player_choice":"Joined the Cult","floor":23.0,"gold_loss":0.0,"damage_taken":6.0,"cards_obtained":["RitualDagger"]},{"damage_healed":0.0,"max_hp_gain":0.0,"max_hp_loss":0.0,"gold_gain":0.0,"event_name":"Drug Dealer","player_choice":"Obtain J.A.X.","floor":25.0,"gold_loss":0.0,"damage_taken":0.0,"cards_obtained":["J.A.X."]},{"damage_healed":0.0,"max_hp_gain":0.0,"max_hp_loss":0.0,"gold_gain":0.0,"event_name":"Upgrade Shrine","player_choice":"Upgraded","floor":36.0,"gold_loss":0.0,"damage_taken":0.0,"cards_upgraded":["Demon Form"]},{"damage_healed":0.0,"max_hp_gain":0.0,"max_hp_loss":0.0,"gold_gain":275.0,"event_name":"Golden Shrine","player_choice":"Desecrate","floor":37.0,"gold_loss":0.0,"damage_taken":0.0,"cards_obtained":["Regret"]},{"damage_healed":0.0,"max_hp_gain":0.0,"max_hp_loss":5.0,"gold_gain":0.0,"event_name":"Winding Halls","player_choice":"Max HP","floor":39.0,"gold_loss":0.0,"damage_taken":0.0},{"cards_removed":["Strike_R"],"damage_healed":0.0,"max_hp_gain":0.0,"max_hp_loss":0.0,"gold_gain":0.0,"event_name":"Designer","player_choice":"Single Remove","floor":46.0,"gold_loss":60.0,"damage_taken":0.0},{"damage_healed":0.0,"max_hp_gain":0.0,"max_hp_loss":0.0,"gold_gain":0.0,"event_name":"Tomb of Lord Red Mask","player_choice":"Ignored","floor":47.0,"gold_loss":0.0,"damage_taken":0.0}],"is_beta":false,"boss_relics":[{"not_picked":["Busted Crown","Ectoplasm"],"picked":"Velvet Choker"},{"not_picked":["Mark of Pain","SlaversCollar"],"picked":"SacredBark"}],"items_purged_floors":[38,53],"is_endless":false,"potions_floor_spawned":[7,13,16,22,29,30,35],"killed_by":"Shield and Spear","ascension_level":14}}