{"host":"w7pthw6r6331n954","time":1613248497,"event":{"mods":["AchievementEnabler","Act Like it!","BaseMod","BetterRewards","Colored Map","Colored Powertips","Custom Start","Downfall","Hallownest","Hermit","Jorbs\u0027s Wanderer Trilogy","Minty Spire (QoL Compilation)","Replay The Spire","Shop Mod","StSLib","SuperFastMode"],"gold_per_floor":[112,77,155,175,450,450,6,6,55,7,18,18,18,18,18,113,113,133,133,163,174,70,70,70],"floor_reached":23,"language":"ENG","playtime":2350,"items_purged":["Regret"],"score":381,"play_id":"ee270ece-e95d-4dfd-97b7-fb7d9a499f23","local_time":"20210213153457","is_ascension_mode":true,"campfire_choices":[{"floor":6,"key":"RECALL"},{"data":"Dualcast","floor":8,"key":"SMITH"},{"data":"Double Energy","floor":13,"key":"SMITH"},{"data":"Zap","floor":15,"key":"SMITH"}],"circlet_count":0,"master_deck":["Strike_B","Strike_B","Strike_B","Strike_B","Defend_B","Defend_B","Defend_B","Defend_B","Zap+1","Dualcast+1","Finesse","Hello World","Auto Shields","ReplayTheSpireMod:Splinters","ReplayTheSpireMod:System Scan","Undo","Melter","Good Instincts+1","Steam+1","Streamline+1","Double Energy+1","Creative AI+1","CurseOfTheBell","BootSequence","Ball Lightning","Auto Shields","Seek+1"],"relics":["Cracked Core","MerchantsRug","Happy Flower","Golden Egg","MealTicket","FossilizedHelix","Red Mask"],"acts_visited":["Exordium","TheCity"],"potions_floor_usage":[12,23,23],"damage_taken":[{"damage":0,"enemies":"2 Louse","floor":1,"turns":3},{"damage":0,"enemies":"Small Slimes","floor":4,"turns":3},{"damage":0,"enemies":"Jaw Worm","floor":11,"turns":2},{"damage":0,"enemies":"3 Sentries","floor":12,"turns":2},{"damage":10,"enemies":"The Guardian","floor":16,"turns":13},{"damage":26,"enemies":"Chosen","floor":18,"turns":6},{"damage":36,"enemies":"Masked Bandits","floor":20,"turns":5},{"damage":0,"enemies":"Spheric Guardian","floor":21,"turns":1},{"damage":42,"enemies":"Book of Stabbing","floor":23,"turns":6}],"seed_played":"7589435462065151062","potions_obtained":[{"floor":4,"key":"Dexterity Potion"},{"floor":11,"key":"SmokeBomb"},{"floor":20,"key":"Cursed Concoction"},{"floor":21,"key":"Adrenaline Potion"}],"is_trial":false,"path_per_floor":["M","?","?","M","?","R","$","R","T","$","M","E","R","?","R","B",null,"M","?","?","M","$","E"],"character_chosen":"DEFECT","items_purchased":["MerchantsRug","Finesse","Hello World","Golden Egg","Good Instincts","Steam","Streamline","Seek"],"campfire_rested":0,"item_purchase_floors":[0,0,0,7,7,7,10,22],"current_hp_per_floor":[67,75,75,75,75,75,75,75,75,75,75,75,75,80,80,70,88,62,62,26,26,41,0,0],"gold":70,"neow_bonus":"","is_daily":false,"chose_seed":false,"campfire_upgraded":3,"win_rate":0.0,"timestamp":1613248497,"path_taken":["M","?","?","?","?","R","?","R","T","$","M","E","R","?","R","BOSS","M","?","?","M","$","E"],"items_purchased_type":["Relic","Card","Card","Relic","Card","Card","Card","Card"],"build_version":"2020-12-22","purchased_purges":1,"victory":false,"max_hp_per_floor":[75,75,75,75,75,75,75,75,75,75,75,75,75,80,80,80,90,90,90,90,90,90,90,90],"card_choices":[{"not_picked":["Panic Button","ReplayTheSpireMod:Repulse"],"picked":"Auto Shields","floor":1},{"not_picked":["Recycle","Streamline"],"picked":"ReplayTheSpireMod:System Scan","floor":3},{"not_picked":["Coolheaded","Conserve Battery"],"picked":"Undo","floor":3},{"not_picked":["Recycle","Sunder"],"picked":"Melter","floor":4},{"not_picked":["Stack","Ball Lightning"],"picked":"Double Energy","floor":11},{"not_picked":["Multi-Cast","Thunder Strike"],"picked":"Creative AI","floor":16},{"not_picked":["Panic Button","Steam"],"picked":"BootSequence","floor":18},{"not_picked":["BasicCrystalCard","Capacitor"],"picked":"Ball Lightning","floor":20},{"not_picked":["Streamline","Compile Driver+1"],"picked":"Auto Shields","floor":21}],"player_experience":1226632,"relics_obtained":[{"floor":3,"key":"Happy Flower"},{"floor":17,"key":"MealTicket"},{"floor":17,"key":"Pear"},{"floor":17,"key":"FossilizedHelix"},{"floor":20,"key":"Red Mask"}],"event_choices":[{"damage_healed":18,"gold_gain":0,"player_choice":"Healed","damage_taken":0,"max_hp_gain":0,"max_hp_loss":0,"event_name":"The Cleric","floor":2,"gold_loss":35},{"damage_healed":0,"gold_gain":275,"player_choice":"Desecrate","damage_taken":0,"max_hp_gain":0,"max_hp_loss":0,"event_name":"Golden Shrine","floor":5,"gold_loss":0,"cards_obtained":["Regret"]},{"damage_healed":0,"gold_gain":0,"player_choice":"Donut","damage_taken":0,"max_hp_gain":5,"max_hp_loss":0,"event_name":"Big Fish","floor":14,"gold_loss":0},{"damage_healed":0,"gold_gain":0,"player_choice":"Fought Bandits","damage_taken":0,"max_hp_gain":0,"max_hp_loss":0,"event_name":"Masked Bandits","floor":20,"gold_loss":0}],"is_beta":false,"boss_relics":[{"not_picked":["Fusion Hammer","Velvet Choker"],"picked":"Calling Bell"}],"items_purged_floors":[7],"is_endless":false,"potions_floor_spawned":[4,11,20,21],"killed_by":"Book of Stabbing","ascension_level":5}}