{"host":"kh6fvhxn285ncg0o","time":1613250526,"event":{"mods":["Act Like it!","BaseMod","Colored Map","Friendly Minions","Keyboard Shortcuts","Minty Spire (QoL Compilation)","Quick Restart","Relic Stats","StSLib","SuperFastMode","UnlockEverythingMod"],"gold_per_floor":[123,135,147,179,191,237,249,276,288,316,328,340,380,410,422,508,520,552,564,531,558,165,165,183,183,183,54,83,96,113,113,113,113,113],"floor_reached":33,"language":"KOR","playtime":1065,"items_purged":["Strike_R","Bash"],"score":604,"play_id":"3a01bf3a-4d2c-4c12-a445-cabaded15ad5","local_time":"20210214060846","is_ascension_mode":true,"campfire_choices":[{"data":"Armaments","floor":7,"key":"SMITH"},{"floor":11,"key":"REST"},{"data":"Burning Pact","floor":15,"key":"SMITH"},{"data":"Master of Strategy","floor":23,"key":"SMITH"},{"data":"Defend_R","floor":32,"key":"PURGE"}],"circlet_count":0,"master_deck":["AscendersBane","Strike_R","Defend_R","Defend_R","Defend_R","Armaments+1","Infernal Blade","Burning Pact+1","Second Wind","Master of Strategy+1","Battle Trance","Power Through","Shockwave"],"relics":["Burning Blood","MawBank","Paper Frog","StrikeDummy","Sundial","SacredBark","Membership Card","Art of War","Peace Pipe","Akabeko","Kunai"],"acts_visited":["Exordium","TheCity"],"potions_floor_usage":[6,16,18,20,20,21,28,28],"damage_taken":[{"damage":7,"enemies":"Small Slimes","floor":1,"turns":3},{"damage":14,"enemies":"Jaw Worm","floor":4,"turns":5},{"damage":37,"enemies":"Lagavulin","floor":6,"turns":8},{"damage":1,"enemies":"Cultist","floor":8,"turns":3},{"damage":9,"enemies":"Red Slaver","floor":10,"turns":2},{"damage":24,"enemies":"3 Sentries","floor":13,"turns":10},{"damage":10,"enemies":"Gremlin Gang","floor":14,"turns":6},{"damage":19,"enemies":"Hexaghost","floor":16,"turns":5},{"damage":0,"enemies":"Spheric Guardian","floor":18,"turns":3},{"damage":15,"enemies":"2 Thieves","floor":20,"turns":5},{"damage":12,"enemies":"Centurion and Healer","floor":21,"turns":6},{"damage":36,"enemies":"Sentry and Sphere","floor":24,"turns":6},{"damage":0,"enemies":"Slavers","floor":28,"turns":7},{"damage":3,"enemies":"3 Cultists","floor":29,"turns":6},{"damage":11,"enemies":"Centurion and Healer","floor":30,"turns":5},{"damage":0,"enemies":"Collector","floor":33,"turns":5}],"seed_played":"-146678712682992145","potions_obtained":[{"floor":1,"key":"Swift Potion"},{"floor":10,"key":"Fire Potion"},{"floor":14,"key":"SkillPotion"},{"floor":16,"key":"EntropicBrew"},{"floor":18,"key":"SpeedPotion"},{"floor":20,"key":"Regen Potion"},{"floor":24,"key":"PowerPotion"}],"is_trial":false,"path_per_floor":["M","?","?","M","$","E","R","M","T","M","R","?","E","M","R","B",null,"M","?","M","M","$","R","M","?","T","$","E","M","M","?","R","B"],"character_chosen":"IRONCLAD","items_purchased":["Membership Card","Master of Strategy","Battle Trance","Art of War","Akabeko"],"campfire_rested":1,"item_purchase_floors":[22,22,22,22,27],"current_hp_per_floor":[67,72,72,64,64,33,33,38,38,35,59,59,41,37,37,24,66,72,72,63,80,80,80,50,50,50,50,56,59,54,31,31,31,31],"gold":113,"neow_bonus":"RANDOM_COMMON_RELIC","is_daily":false,"chose_seed":false,"campfire_upgraded":3,"win_rate":0.0,"timestamp":1613250526,"path_taken":["M","?","?","?","?","E","R","?","T","M","R","?","E","M","R","BOSS","M","?","M","M","$","R","M","?","T","$","E","M","M","?","R","BOSS"],"items_purchased_type":["Relic","Card","Card","Relic","Relic"],"build_version":"2020-12-22","purchased_purges":2,"victory":false,"max_hp_per_floor":[75,80,80,80,80,80,80,80,80,80,80,80,80,80,80,80,80,80,80,80,80,80,80,80,80,80,80,80,80,80,85,85,85,85],"relic_stats":{"Peace Pipe":1,"counters":[16,85],"Sundial":[70],"Art of War":[2],"Kunai":[3],"MawBank":264,"obtain_stats":[{"Peace Pipe":26,"Sundial":13,"SacredBark":17,"Art of War":22,"Membership Card":22,"Kunai":28,"MawBank":0,"StrikeDummy":9,"Burning Blood":0,"Akabeko":27,"Paper Frog":6},{"Peace Pipe":12,"Sundial":6,"SacredBark":8,"Art of War":11,"Membership Card":11,"Kunai":13,"MawBank":0,"StrikeDummy":4,"Burning Blood":0,"Akabeko":12,"Paper Frog":3},{"Peace Pipe":62,"Sundial":31,"SacredBark":42,"Art of War":56,"Membership Card":56,"Kunai":69,"MawBank":0,"StrikeDummy":19,"Burning Blood":0,"Akabeko":62,"Paper Frog":16}],"Burning Blood":86},"card_choices":[{"not_picked":["Whirlwind","Intimidate"],"picked":"Armaments","floor":1},{"not_picked":["Headbutt","Havoc"],"picked":"Infernal Blade","floor":4},{"not_picked":["Ghostly Armor","Combust"],"picked":"Burning Pact","floor":6},{"not_picked":["Rampage","Seeing Red"],"picked":"Second Wind","floor":10},{"not_picked":["Heavy Blade","Clash","Body Slam"],"picked":"SKIP","floor":14},{"not_picked":["Iron Wave","Headbutt","Cleave"],"picked":"SKIP","floor":18},{"not_picked":["Clash","Heavy Blade","Hemokinesis"],"picked":"SKIP","floor":20},{"not_picked":["Twin Strike","Body Slam","Pummel"],"picked":"SKIP","floor":21},{"not_picked":["Cleave","Rage"],"picked":"Power Through","floor":24},{"not_picked":["Rupture","Disarm","Clash"],"picked":"SKIP","floor":28},{"not_picked":["Iron Wave","Infernal Blade"],"picked":"Shockwave","floor":29},{"not_picked":["Heavy Blade","Blood for Blood","Hemokinesis"],"picked":"SKIP","floor":30}],"player_experience":1391962,"relics_obtained":[{"floor":6,"key":"Paper Frog"},{"floor":9,"key":"StrikeDummy"},{"floor":13,"key":"Sundial"},{"floor":26,"key":"Peace Pipe"},{"floor":28,"key":"Kunai"}],"event_choices":[{"damage_healed":0,"gold_gain":0,"player_choice":"Donut","damage_taken":0,"max_hp_gain":5,"max_hp_loss":0,"event_name":"Big Fish","floor":2,"gold_loss":0},{"cards_removed":["Strike_R"],"damage_healed":0,"gold_gain":0,"player_choice":"Offered Basic","damage_taken":0,"max_hp_gain":0,"max_hp_loss":0,"event_name":"Bonfire Elementals","floor":3,"gold_loss":0},{"cards_removed":["Strike_R"],"damage_healed":0,"gold_gain":0,"player_choice":"Purged","damage_taken":0,"max_hp_gain":0,"max_hp_loss":0,"event_name":"Purifier","floor":12,"gold_loss":0},{"cards_removed":["Strike_R"],"damage_healed":0,"gold_gain":0,"player_choice":"Elegance","damage_taken":0,"max_hp_gain":0,"max_hp_loss":0,"event_name":"Back to Basics","floor":19,"gold_loss":0},{"damage_healed":0,"gold_gain":0,"player_choice":"Ignored","damage_taken":0,"max_hp_gain":0,"max_hp_loss":0,"event_name":"Vampires","floor":25,"gold_loss":0},{"damage_healed":0,"gold_gain":0,"player_choice":"Shed Blood","damage_taken":28,"max_hp_gain":5,"max_hp_loss":0,"event_name":"Forgotten Altar","floor":31,"gold_loss":0}],"is_beta":false,"boss_relics":[{"not_picked":["Runic Cube","Black Star"],"picked":"SacredBark"}],"items_purged_floors":[22,27],"is_endless":false,"potions_floor_spawned":[1,10,14,16,18,20,24],"killed_by":"Collector","ascension_level":20}}