{"host":"1vy6j31128f61x2z","time":1613256929,"event":{"mods":["AchievementEnabler","BaseMod","Colored Powertips","Minty Spire (QoL Compilation)","Permanent Neow"],"gold_per_floor":[128,151,177,189,216,228,253,293,352,374,396,442,454,493,505,616,628,656,668,709,734,277,310,310,325,352,362,362,396,396,496,496,601,601,611,611,189,189,200,232,232,259,285,320,320,336,9,9,9,9],"floor_reached":51,"language":"ENG","playtime":2459,"items_purged":["Strike_G","Strike_G"],"score":1052,"play_id":"f210b525-e41b-4dab-80ea-36c22beae23f","local_time":"20210213175529","is_ascension_mode":true,"campfire_choices":[{"data":"Neutralize","floor":6.0,"key":"SMITH"},{"floor":13.0,"key":"REST"},{"data":"Envenom","floor":15.0,"key":"SMITH"},{"data":"Accuracy","floor":24.0,"key":"SMITH"},{"data":"Infinite Blades","floor":28.0,"key":"SMITH"},{"floor":30.0,"key":"REST"},{"data":"Noxious Fumes","floor":32.0,"key":"SMITH"},{"floor":41.0,"key":"REST"},{"floor":45,"key":"REST"},{"floor":49,"key":"REST"}],"circlet_count":0,"master_deck":["Strike_G","Strike_G","Strike_G","Defend_G","Defend_G","Defend_G","Defend_G","Defend_G","Survivor","Neutralize+1","Leg Sweep","Flying Knee","Deflect","Infinite Blades+1","Envenom+1","Infinite Blades","Bane","Poisoned Stab","Deflect","Corpse Explosion","Backflip","Backstab","Accuracy+1","Prepared","Well Laid Plans","Slice+1","Blade Dance+1","Backflip","Blade Dance+1","Noxious Fumes+1","Storm of Steel","Cloak And Dagger+1","Dramatic Entrance","Accuracy","Backflip+1","Slice","Crippling Poison","Endless Agony+1","Deadly Poison+1","Blade Dance+1","Infinite Blades+1","Noxious Fumes+1"],"relics":["Ring of the Snake","MawBank","Bottled Tornado","Oddly Smooth Stone","HornCleat","Regal Pillow","WristBlade","Red Mask","Lee\u0027s Waffle","MealTicket","Dream Catcher","Lantern","Pocketwatch","Gambling Chip","Bottled Lightning","Fusion Hammer","Akabeko","Nunchaku","Incense Burner","Mercury Hourglass","Boot","Molten Egg 2","Bag of Marbles","HandDrill"],"acts_visited":["Exordium","TheCity","TheBeyond"],"potions_floor_usage":[50],"damage_taken":[{"damage":0.0,"enemies":"Cultist","floor":1.0,"turns":4.0},{"damage":0.0,"enemies":"2 Louse","floor":2.0,"turns":4.0},{"damage":0.0,"enemies":"Small Slimes","floor":3.0,"turns":3.0},{"damage":0.0,"enemies":"Exordium Wildlife","floor":5.0,"turns":6.0},{"damage":0.0,"enemies":"Large Slime","floor":7.0,"turns":6.0},{"damage":29.0,"enemies":"3 Sentries","floor":8.0,"turns":11.0},{"damage":2.0,"enemies":"3 Louse","floor":10.0,"turns":5.0},{"damage":12.0,"enemies":"Exordium Thugs","floor":11.0,"turns":7.0},{"damage":20.0,"enemies":"Gremlin Nob","floor":12.0,"turns":4.0},{"damage":9.0,"enemies":"Lagavulin","floor":14.0,"turns":6.0},{"damage":17.0,"enemies":"Slime Boss","floor":16.0,"turns":10.0},{"damage":0.0,"enemies":"Chosen","floor":18.0,"turns":4.0},{"damage":23.0,"enemies":"Masked Bandits","floor":20.0,"turns":5.0},{"damage":7.0,"enemies":"2 Thieves","floor":21.0,"turns":5.0},{"damage":16.0,"enemies":"Gremlin Leader","floor":23.0,"turns":6.0},{"damage":8.0,"enemies":"Cultist and Chosen","floor":25.0,"turns":4.0},{"damage":13.0,"enemies":"Snake Plant","floor":27.0,"turns":3.0},{"damage":18.0,"enemies":"Slavers","floor":29.0,"turns":2.0},{"damage":13.0,"enemies":"Colosseum Slavers","floor":31.0,"turns":2.0},{"damage":0.0,"enemies":"Colosseum Nobs","floor":31.0,"turns":3.0},{"damage":2.0,"enemies":"Collector","floor":33.0,"turns":5.0},{"damage":0.0,"enemies":"3 Shapes","floor":35.0,"turns":1.0},{"damage":0.0,"enemies":"3 Darklings","floor":39.0,"turns":3.0},{"damage":2.0,"enemies":"Reptomancer","floor":40.0,"turns":4.0},{"damage":0,"enemies":"Giant Head","floor":42,"turns":5},{"damage":0,"enemies":"Nemesis","floor":44,"turns":3},{"damage":0,"enemies":"Jaw Worm Horde","floor":46,"turns":2},{"damage":24,"enemies":"Donu and Deca","floor":50,"turns":5}],"seed_played":"4794531956869982985","potions_obtained":[{"floor":1.0,"key":"Dexterity Potion"},{"floor":2.0,"key":"ColorlessPotion"},{"floor":11.0,"key":"Energy Potion"},{"floor":12.0,"key":"SkillPotion"},{"floor":16.0,"key":"EssenceOfSteel"},{"floor":18.0,"key":"DuplicationPotion"},{"floor":21.0,"key":"GhostInAJar"},{"floor":25.0,"key":"FairyPotion"},{"floor":40.0,"key":"ColorlessPotion"}],"is_trial":false,"path_per_floor":["M","M","M","?","M","R","M","E","T","M","M","E","R","E","R","B",null,"M","$","?","M","$","E","R","M","T","M","R","E","R","?","R","B",null,"M","?","$","?","M","E","R","E","T","E","R","M","$","?","R","B",null],"character_chosen":"THE_SILENT","items_purchased":["Lee\u0027s Waffle","Prepared","Well Laid Plans","MealTicket","Accuracy","Akabeko","Nunchaku","Bag of Marbles","HandDrill","Infinite Blades"],"campfire_rested":5,"item_purchase_floors":[22,22,22,22,37,37,37,47,47,47],"current_hp_per_floor":[70,70,70,70,70,70,70,41,41,39,27,7,28,19,19,2,70,70,70,47,40,77,61,61,53,53,40,40,22,60,47,47,45,77,77,77,77,77,77,75,77,77,77,77,77,77,77,77,77,53],"gold":9,"neow_bonus":"RANDOM_COMMON_RELIC","is_daily":false,"chose_seed":false,"campfire_upgraded":5,"win_rate":0.0,"timestamp":1613256929,"path_taken":["M","?","M","?","M","R","?","E","T","M","M","E","R","E","R","BOSS","M","$","?","M","$","E","R","M","T","M","R","E","R","?","R","BOSS","M","?","$","?","M","E","R","E","T","E","R","M","$","?","R","BOSS"],"items_purchased_type":["Relic","Card","Card","Relic","Card","Relic","Relic","Relic","Relic","Card"],"build_version":"2020-12-22","purchased_purges":2,"victory":true,"max_hp_per_floor":[70,70,70,70,70,70,70,70,70,70,70,70,70,70,70,70,70,70,70,70,70,77,77,77,77,77,77,77,77,77,77,77,77,77,77,77,77,77,77,77,77,77,77,77,77,77,77,77,77,77],"card_choices":[{"not_picked":["Deflect","Bane"],"picked":"Leg Sweep","floor":1.0},{"not_picked":["Prepared","Concentrate"],"picked":"Flying Knee","floor":2.0},{"not_picked":["Escape Plan","Prepared"],"picked":"Deflect","floor":3.0},{"not_picked":["Catalyst","Dodge and Roll"],"picked":"Infinite Blades","floor":5.0},{"not_picked":["Slice","Quick Slash"],"picked":"Envenom","floor":7.0},{"not_picked":["Catalyst","Slice"],"picked":"Infinite Blades","floor":8.0},{"not_picked":["Flechettes","Bouncing Flask"],"picked":"Bane","floor":10.0},{"not_picked":["Choke","Dagger Throw"],"picked":"Poisoned Stab","floor":11.0},{"not_picked":["Deadly Poison","Dagger Throw"],"picked":"Deflect","floor":12.0},{"not_picked":["Flying Knee","Expertise"],"picked":"Terror","floor":14.0},{"not_picked":["Burst","Malaise"],"picked":"Corpse Explosion","floor":16.0},{"not_picked":["Well Laid Plans","Quick Slash"],"picked":"Backflip","floor":18.0},{"not_picked":["Predator+1","Eviscerate"],"picked":"Backstab","floor":20.0},{"not_picked":["Dagger Spray","Bane+1"],"picked":"Accuracy","floor":21.0},{"not_picked":["Prepared","Dagger Spray","Underhanded Strike"],"picked":"SKIP","floor":23.0},{"not_picked":["Flying Knee","Burst"],"picked":"Slice+1","floor":25.0},{"not_picked":["Deflect+1","Outmaneuver"],"picked":"Blade Dance+1","floor":27.0},{"not_picked":["Bane+1","Prepared"],"picked":"Backflip","floor":29.0},{"not_picked":["PiercingWail","Unload"],"picked":"Blade Dance+1","floor":30.0},{"not_picked":["Blade Dance","Blur"],"picked":"Noxious Fumes","floor":31.0},{"not_picked":["Corpse Explosion","Venomology"],"picked":"Storm of Steel","floor":33.0},{"not_picked":["Dagger Throw+1","Prepared"],"picked":"Cloak And Dagger+1","floor":35.0},{"not_picked":["Bandage Up","Discovery"],"picked":"Dramatic Entrance","floor":36.0},{"not_picked":["Acrobatics","Quick Slash+1","Flying Knee+1"],"picked":"SKIP","floor":39.0},{"not_picked":["Underhanded Strike+1","Outmaneuver+1"],"picked":"Backflip+1","floor":40.0},{"not_picked":["Dagger Throw","Storm of Steel"],"picked":"Slice","floor":41.0},{"not_picked":["Choke","Tactician+1"],"picked":"Crippling Poison","floor":42},{"not_picked":["Prepared","Leg Sweep"],"picked":"Endless Agony+1","floor":44},{"not_picked":["PiercingWail","Infinite Blades"],"picked":"Deadly Poison+1","floor":45},{"not_picked":["Deadly Poison+1","Dagger Spray+1"],"picked":"Blade Dance+1","floor":46},{"not_picked":["Finisher+1","Deadly Poison"],"picked":"Noxious Fumes+1","floor":49}],"player_experience":79577,"relics_obtained":[{"floor":8.0,"key":"Bottled Tornado"},{"floor":9.0,"key":"Oddly Smooth Stone"},{"floor":12.0,"key":"HornCleat"},{"floor":14.0,"key":"Regal Pillow"},{"floor":20.0,"key":"Red Mask"},{"floor":23.0,"key":"Dream Catcher"},{"floor":26.0,"key":"Lantern"},{"floor":29.0,"key":"Pocketwatch"},{"floor":31.0,"key":"Gambling Chip"},{"floor":31.0,"key":"Bottled Lightning"},{"floor":40.0,"key":"Incense Burner"},{"floor":42,"key":"Mercury Hourglass"},{"floor":43,"key":"Boot"},{"floor":44,"key":"Molten Egg 2"}],"event_choices":[{"damage_healed":0.0,"max_hp_gain":0.0,"max_hp_loss":0.0,"gold_gain":0.0,"event_name":"The Woman in Blue","player_choice":"Bought 0 Potions","floor":4.0,"gold_loss":0.0,"damage_taken":0.0},{"damage_healed":0.0,"max_hp_gain":0.0,"max_hp_loss":0.0,"gold_gain":0.0,"event_name":"Masked Bandits","player_choice":"Fought Bandits","floor":20.0,"gold_loss":0.0,"damage_taken":0.0},{"damage_healed":0.0,"max_hp_gain":0.0,"max_hp_loss":0.0,"gold_gain":0.0,"event_name":"Colosseum","player_choice":"Fight","floor":31.0,"gold_loss":0.0,"damage_taken":0.0},{"damage_healed":0.0,"max_hp_gain":0.0,"max_hp_loss":0.0,"gold_gain":0.0,"event_name":"Colosseum","player_choice":"Fought Nobs","floor":31.0,"gold_loss":0.0,"damage_taken":0.0},{"damage_healed":0.0,"max_hp_gain":0.0,"max_hp_loss":0.0,"gold_gain":0.0,"event_name":"SensoryStone","player_choice":"Memory 1","floor":36.0,"gold_loss":0.0,"damage_taken":0.0},{"cards_removed":["Terror"],"damage_healed":0.0,"max_hp_gain":0.0,"max_hp_loss":0.0,"gold_gain":0.0,"event_name":"Falling","player_choice":"Removed Skill","floor":38.0,"gold_loss":0.0,"damage_taken":0.0},{"damage_healed":0,"gold_gain":0,"player_choice":"Forge","damage_taken":0,"max_hp_gain":0,"max_hp_loss":0,"event_name":"Accursed Blacksmith","floor":48,"gold_loss":0,"cards_upgraded":["Infinite Blades"]}],"is_beta":false,"boss_relics":[{"not_picked":["Tiny House","Sozu"],"picked":"WristBlade"},{"not_picked":["HoveringKite","Runic Dome"],"picked":"Fusion Hammer"}],"items_purged_floors":[22,37],"is_endless":false,"potions_floor_spawned":[1,2,11,12,16,18,21,25,27,31,40],"ascension_level":4}}