{"host":"fbdlh90rovbiajun","time":1613238663,"event":{"mods":["AchievementEnabler","BaseMod","Colored Map","Keyboard Shortcuts","Minty Spire (QoL Compilation)","SuperFastMode"],"gold_per_floor":[112,112,127,52,52,52,82,34,34,57,73,73,123,141,141,239,239,255,255,273,42,42,42,42,42,121,121,121,121,135,153,153,153,153],"floor_reached":33,"language":"KOR","playtime":1308,"items_purged":["Strike_G"],"score":266,"play_id":"546a866f-40d1-44bd-8647-2142d082e9a1","local_time":"20210214025103","is_ascension_mode":false,"campfire_choices":[{"data":"Iron Wave","floor":6,"key":"SMITH"},{"data":"Noxious Fumes","floor":15,"key":"SMITH"},{"data":"Footwork","floor":23,"key":"SMITH"},{"data":"Survivor","floor":25,"key":"SMITH"},{"floor":32,"key":"REST"}],"circlet_count":0,"master_deck":["Defend_G","Defend_G","Defend_G","Defend_G","Defend_G","Survivor+1","Neutralize","Slice","Iron Wave+1","Noxious Fumes+1","PiercingWail","Acrobatics","Slice","Poisoned Stab","Poisoned Stab","Deadly Poison+1","Footwork+1","Deadly Poison+1","Well Laid Plans+1","PiercingWail","Footwork+1","Flying Knee"],"relics":["Ring of the Snake","NeowsBlessing","Pen Nib","Kunai","Odd Mushroom","Vajra","WristBlade","Question Card","DollysMirror","Frozen Egg 2","Gambling Chip","Oddly Smooth Stone"],"acts_visited":["Exordium","TheCity"],"potions_floor_usage":[16,16,33,33,33],"damage_taken":[{"damage":0,"enemies":"Jaw Worm","floor":1,"turns":1},{"damage":0,"enemies":"Cultist","floor":3,"turns":1},{"damage":0,"enemies":"3 Sentries","floor":7,"turns":2},{"damage":9,"enemies":"The Mushroom Lair","floor":10,"turns":6},{"damage":2,"enemies":"2 Louse","floor":11,"turns":3},{"damage":12,"enemies":"Exordium Thugs","floor":14,"turns":4},{"damage":8,"enemies":"The Guardian","floor":16,"turns":10},{"damage":6,"enemies":"2 Thieves","floor":18,"turns":4},{"damage":14,"enemies":"3 Byrds","floor":20,"turns":5},{"damage":16,"enemies":"Sentry and Sphere","floor":30,"turns":5},{"damage":9,"enemies":"Shelled Parasite and Fungi","floor":31,"turns":5},{"damage":36,"enemies":"Champ","floor":33,"turns":8}],"seed_played":"-1911220654354186312","potions_obtained":[{"floor":1,"key":"GamblersBrew"},{"floor":10,"key":"Swift Potion"},{"floor":14,"key":"CunningPotion"},{"floor":20,"key":"Fire Potion"},{"floor":30,"key":"AttackPotion"},{"floor":31,"key":"BlessingOfTheForge"}],"is_trial":false,"path_per_floor":["M","?","M","$","?","R","E","$","T","?","M","$","T","M","R","B",null,"M","?","M","$","?","R","?","R","T","?","T","T","M","M","R","B"],"character_chosen":"THE_SILENT","items_purchased":["Acrobatics","Footwork","DollysMirror"],"campfire_rested":1,"item_purchase_floors":[8,21,21],"current_hp_per_floor":[70,70,70,70,70,70,70,70,70,61,59,59,59,47,47,39,70,64,64,50,50,50,50,37,37,37,37,37,37,21,12,34,0,0],"gold":153,"neow_bonus":"THREE_ENEMY_KILL","is_daily":false,"chose_seed":false,"campfire_upgraded":4,"win_rate":0.0,"timestamp":1613238663,"path_taken":["M","?","?","$","?","R","E","?","T","?","M","$","?","M","R","BOSS","M","?","M","$","?","R","?","R","T","?","?","?","M","M","R","BOSS"],"items_purchased_type":["Card","Card","Relic"],"build_version":"2020-12-22","purchased_purges":1,"victory":false,"max_hp_per_floor":[70,70,70,70,70,70,70,70,70,70,70,70,70,70,70,70,70,70,70,70,70,70,70,75,75,75,75,75,75,75,75,75,75,75],"card_choices":[{"not_picked":["Leg Sweep","Dodge and Roll"],"picked":"Slice","floor":1},{"not_picked":["Leg Sweep","Blur"],"picked":"Noxious Fumes","floor":3},{"not_picked":["Underhanded Strike","Bane"],"picked":"PiercingWail","floor":7},{"not_picked":["Skewer","Outmaneuver"],"picked":"Slice","floor":10},{"not_picked":["Blade Dance","Dagger Spray","Venomology"],"picked":"SKIP","floor":11},{"not_picked":["Eviscerate","Leg Sweep"],"picked":"Poisoned Stab","floor":14},{"not_picked":["Dodge and Roll","Terror"],"picked":"Poisoned Stab","floor":18},{"not_picked":["PiercingWail","Dagger Throw","All Out Attack"],"picked":"Deadly Poison+1","floor":20},{"not_picked":["Expertise","Dash+1","Noxious Fumes+1"],"picked":"Footwork+1","floor":30},{"not_picked":["Prepared","PiercingWail","Deflect+1"],"picked":"Flying Knee","floor":31}],"player_experience":24126,"relics_obtained":[{"floor":7,"key":"Pen Nib"},{"floor":9,"key":"Kunai"},{"floor":10,"key":"Odd Mushroom"},{"floor":13,"key":"Vajra"},{"floor":26,"key":"Frozen Egg 2"},{"floor":28,"key":"Gambling Chip"},{"floor":29,"key":"Oddly Smooth Stone"}],"event_choices":[{"cards_removed":["Strike_G"],"damage_healed":0,"gold_gain":0,"player_choice":"Took Card","damage_taken":0,"max_hp_gain":0,"max_hp_loss":0,"event_name":"NoteForYourself","floor":2,"gold_loss":0,"cards_obtained":["Iron Wave"]},{"cards_removed":["Strike_G"],"damage_healed":0,"gold_gain":0,"player_choice":"Purged","damage_taken":0,"max_hp_gain":0,"max_hp_loss":0,"event_name":"Purifier","floor":5,"gold_loss":0},{"damage_healed":0,"gold_gain":0,"player_choice":"Fought Mushrooms","damage_taken":0,"max_hp_gain":0,"max_hp_loss":0,"event_name":"Mushrooms","floor":10,"gold_loss":0},{"damage_healed":0,"gold_gain":0,"player_choice":"Opened","damage_taken":0,"relics_obtained":["Question Card"],"max_hp_gain":0,"max_hp_loss":0,"event_name":"The Mausoleum","floor":19,"gold_loss":0},{"damage_healed":0,"gold_gain":0,"player_choice":"Ignored","damage_taken":0,"max_hp_gain":0,"max_hp_loss":0,"event_name":"Ghosts","floor":22,"gold_loss":0},{"damage_healed":0,"gold_gain":0,"player_choice":"Shed Blood","damage_taken":18,"max_hp_gain":5,"max_hp_loss":0,"event_name":"Forgotten Altar","floor":24,"gold_loss":0},{"damage_healed":0,"gold_gain":0,"cards_transformed":["Strike_G","Strike_G"],"player_choice":"Became Test Subject","damage_taken":0,"max_hp_gain":0,"max_hp_loss":0,"event_name":"Drug Dealer","floor":27,"gold_loss":0,"cards_obtained":["Well Laid Plans","PiercingWail"]}],"is_beta":false,"boss_relics":[{"not_picked":["Sozu","Ring of the Serpent"],"picked":"WristBlade"}],"items_purged_floors":[4],"is_endless":false,"potions_floor_spawned":[1,10,14,20,30,31],"killed_by":"Champ","ascension_level":0}}