{"host":"9ltncrns7b9wt2tr","time":1613219398,"event":{"mods":["AchievementEnabler","BaseMod","BetterRewards","Colored Map","Colored Powertips","Minty Spire (QoL Compilation)","Quick Restart","Replay The Spire","StSLib","SuperFastMode"],"gold_per_floor":[113,113,113,113,130,157,157,186,213,213,235,235,289,289,289,391,391,405,405,471,396,396,411,411,440,440,277,277,134,148,148,148,272,272,332,332,70,345,369,406,424,468,521,541,560,560,588,631,631,675,675,675,152,205,217],"floor_reached":56,"language":"ZHS","playtime":4268,"items_purged":["Defend_B","CommonCold"],"score":1784,"play_id":"e64b10d7-3a7d-4bdf-9347-971ab373ea5b","local_time":"20210213202958","is_ascension_mode":true,"campfire_choices":[{"data":"Strike_B","floor":7.0,"key":"PURGE"},{"data":"Defragment","floor":10.0,"key":"SMITH"},{"data":"Chaos","floor":15.0,"key":"SMITH"},{"data":"Strike_B","floor":24.0,"key":"PURGE"},{"data":"Coolheaded","floor":28.0,"key":"SMITH"},{"data":"Pain","floor":32.0,"key":"PURGE"},{"data":"Regret","floor":46.0,"key":"PURGE"},{"floor":49.0,"key":"RECALL"},{"data":"Regret","floor":52.0,"key":"PURGE"}],"circlet_count":0,"master_deck":["Strike_B+1","Defend_B","Defend_B","Defend_B","Zap+1","Dualcast","Ball Lightning+1","Defragment+1","Time Bomb+1","Self Repair","Self Repair","Heatsinks","Conserve Battery","Chaos+1","ReplayTheSpireMod:Omega Cannon+1","Crystallizer+1","Capacitor","Defragment+1","Coolheaded+1","Genetic Algorithm+1","Panic Button","Multi-Cast","Pot Of Greed","Pot Of Greed","Pot Of Greed","CurseOfTheBell","Storm","Parasite","Redo+1","Reboot+1","Fission+1","Secret Weapon+1","Buffer+1"],"relics":["Cracked Core","Blue Doll","Peace Pipe","Juzu Bracelet","Nunchaku","Divine Protection","ReplayTheSpireMod:Lightbulb","Lantern","Odd Mushroom","Bronze Scales","Replay:Bandana","Black Star","ReplayTheSpireMod:Ring of Challenge","Ring of Misfortune","Boot","Meat on the Bone","Replay:Wax Seal","ReplayTheSpireMod:Shallot","Akabeko","Replay:Baseball","Centennial Puzzle","Replay:Ancient Bell","Grinning Jar","Solar Panel","Gambling Chip","Golden Egg","PreservedInsect","Mango","MealTicket","Strawberry","Anchor","Shuriken","Whetstone","BargainBundle","ReplayTheSpireMod:TigerMarble","Orichalcum","Carrot"],"acts_visited":["Exordium","TheCity","TheBeyond","TheEnding"],"potions_floor_usage":[55,55,55],"damage_taken":[{"damage":0.0,"enemies":"2 Louse","floor":1.0,"turns":1.0},{"damage":9.0,"enemies":"Jaw Worm","floor":5.0,"turns":4.0},{"damage":11.0,"enemies":"Replay:BlueRogue","floor":6.0,"turns":6.0},{"damage":32.0,"enemies":"Gremlin Nob","floor":8.0,"turns":5.0},{"damage":8.0,"enemies":"The Mushroom Lair","floor":11.0,"turns":4.0},{"damage":5.0,"enemies":"Fading Forest","floor":16.0,"turns":11.0},{"damage":28.0,"enemies":"2 Thieves","floor":18.0,"turns":4.0},{"damage":24.0,"enemies":"Shell Parasite","floor":20.0,"turns":5.0},{"damage":12.0,"enemies":"Centurion and Healer","floor":23.0,"turns":5.0},{"damage":9.0,"enemies":"Book of Stabbing","floor":25.0,"turns":6.0},{"damage":21.0,"enemies":"Slavers","floor":29.0,"turns":4.0},{"damage":5.0,"enemies":"Snake Plant","floor":30.0,"turns":3.0},{"damage":47.0,"enemies":"Automaton","floor":33.0,"turns":8.0},{"damage":22.0,"enemies":"Orb Walker","floor":35.0,"turns":5.0},{"damage":29.0,"enemies":"3 Darklings","floor":39.0,"turns":6.0},{"damage":15.0,"enemies":"R_Hoarder","floor":40.0,"turns":7.0},{"damage":0.0,"enemies":"Writhing Mass","floor":41.0,"turns":3.0},{"damage":8.0,"enemies":"Reptomancer","floor":42.0,"turns":3.0},{"damage":15.0,"enemies":"4 Shapes","floor":44.0,"turns":4.0},{"damage":0.0,"enemies":"Spire Growth","floor":45.0,"turns":3.0},{"damage":10.0,"enemies":"Nemesis","floor":47.0,"turns":5.0},{"damage":0.0,"enemies":"Jaw Worm Horde","floor":48.0,"turns":1.0},{"damage":58.0,"enemies":"Donu and Deca","floor":50.0,"turns":10.0},{"damage":0.0,"enemies":"Shield and Spear","floor":54.0,"turns":3.0},{"damage":34,"enemies":"The Heart","floor":55,"turns":6}],"seed_played":"2728641322555423552","potions_obtained":[{"floor":1.0,"key":"Energy Potion"},{"floor":6.0,"key":"Languid Potion"},{"floor":16.0,"key":"Adrenaline Potion"},{"floor":18.0,"key":"Block Potion"},{"floor":20.0,"key":"SkillPotion"},{"floor":23.0,"key":"PowerPotion"},{"floor":29.0,"key":"BlessingOfTheForge"},{"floor":35.0,"key":"Swift Potion"}],"is_trial":false,"path_per_floor":["M","?","T","?","M","E","R","E","T","R","?","?","T","?","R","B",null,"M","?","M","?","?","M","R","E","T","$","R","E","M","?","R","B",null,"M","?","$","?","M","E","M","E","T","M","M","R","E","M","R","B",null,"R","$","E","B",null],"character_chosen":"DEFECT","items_purchased":["Blue Doll","Ball Lightning+1","Defragment","Juzu Bracelet","Time Bomb+1","Self Repair","Replay:Wax Seal","ReplayTheSpireMod:Shallot","Golden Egg","BargainBundle","ReplayTheSpireMod:TigerMarble","Secret Weapon"],"campfire_rested":0,"item_purchase_floors":[0,0,0,0,0,0,27,27,37,53,53,53],"current_hp_per_floor":[40,40,40,40,45,48,48,30,30,30,36,36,36,29,29,60,75,54,54,37,37,37,32,32,37,37,37,37,35,49,49,49,28,75,67,67,67,67,52,77,89,96,96,95,96,96,96,96,96,70,96,96,96,96,76],"gold":217,"neow_bonus":"","is_daily":false,"chose_seed":false,"campfire_upgraded":3,"win_rate":0.0,"timestamp":1613219398,"path_taken":["M","?","?","?","M","E","R","E","T","R","?","?","?","?","R","BOSS","M","?","M","?","?","M","R","E","T","$","R","E","M","?","R","BOSS","M","?","$","?","M","E","M","E","T","M","M","R","E","M","R","BOSS","R","$","E","BOSS"],"items_purchased_type":["Relic","Card","Card","Relic","Card","Card","Relic","Relic","Relic","Relic","Relic","Card"],"build_version":"2020-12-22","purchased_purges":2,"victory":true,"max_hp_per_floor":[75,75,75,75,75,75,75,75,75,75,75,75,75,75,75,75,75,75,75,75,75,75,75,75,75,75,75,75,75,75,75,75,75,75,75,75,75,75,75,89,89,96,96,96,96,96,96,96,96,96,96,96,96,96,96],"card_choices":[{"not_picked":["BasicCrystalCard","Tempest"],"picked":"Heatsinks","floor":1.0},{"not_picked":["Rebound","Leap"],"picked":"Conserve Battery","floor":5.0},{"not_picked":["Compile Driver","Undo"],"picked":"FIFO Queue","floor":6.0},{"not_picked":["Gash","Barrage"],"picked":"Chaos","floor":8.0},{"not_picked":["Biased Cognition","Hyperbeam"],"picked":"ReplayTheSpireMod:Omega Cannon","floor":16.0},{"not_picked":["Aggregate","Gash"],"picked":"Crystallizer+1","floor":18.0},{"not_picked":["Turbo","Compile Driver"],"picked":"Capacitor","floor":20.0},{"not_picked":["Cold Snap","Fusion"],"picked":"Coolheaded","floor":23.0},{"not_picked":["Blizzard","Coolheaded"],"picked":"Genetic Algorithm+1","floor":25.0},{"not_picked":["Compile Driver","Heatsinks"],"picked":"Panic Button","floor":29.0},{"not_picked":["Coolheaded","BasicCrystalCard","ReplayTheSpireMod:System Scan"],"picked":"SKIP","floor":30.0},{"not_picked":["Amplify","ReplayTheSpireMod:Omega Cannon"],"picked":"Multi-Cast","floor":33.0},{"not_picked":["ReplayTheSpireMod:Doomed","Hallucinations"],"picked":"CommonCold","floor":34.0},{"not_picked":["Replay:Hysterical Blindness","Pain"],"picked":"Regret","floor":34.0},{"not_picked":["ReplayTheSpireMod:Restless Dread","Pain"],"picked":"CurseOfTheBell","floor":34.0},{"not_picked":["Auto Shields+1","Barrage+1"],"picked":"Storm","floor":35.0},{"not_picked":["Panic Button","ReplaySort","Turbo+1"],"picked":"SKIP","floor":39.0},{"not_picked":["Melter+1","Self Repair","Mirror Shield"],"picked":"SKIP","floor":40.0},{"not_picked":["Barrage+1","Leap","Sweeping Beam+1"],"picked":"SKIP","floor":41.0},{"not_picked":["Conserve Battery+1","BasicCrystalCard+1"],"picked":"Redo+1","floor":42.0},{"not_picked":["BasicCrystalCard+1","Panic Button"],"picked":"Reboot","floor":44.0},{"not_picked":["Gash","Go for the Eyes","Sweeping Beam"],"picked":"SKIP","floor":45.0},{"not_picked":["Hologram","Static Discharge"],"picked":"Fission","floor":47.0},{"not_picked":["Streamline","Conserve Battery","Tempest+1"],"picked":"SKIP","floor":48.0},{"not_picked":["Leap","BasicCrystalCard"],"picked":"Buffer","floor":54.0}],"player_experience":97896,"relics_obtained":[{"floor":3.0,"key":"Nunchaku"},{"floor":6.0,"key":"Divine Protection"},{"floor":8.0,"key":"ReplayTheSpireMod:Lightbulb"},{"floor":9.0,"key":"Lantern"},{"floor":11.0,"key":"Odd Mushroom"},{"floor":13.0,"key":"Replay:Bandana"},{"floor":19.0,"key":"ReplayTheSpireMod:Ring of Challenge"},{"floor":19.0,"key":"Ring of Misfortune"},{"floor":25.0,"key":"Boot"},{"floor":25.0,"key":"Meat on the Bone"},{"floor":29.0,"key":"Akabeko"},{"floor":29.0,"key":"Replay:Baseball"},{"floor":40.0,"key":"PreservedInsect"},{"floor":40.0,"key":"Mango"},{"floor":42.0,"key":"MealTicket"},{"floor":42.0,"key":"Strawberry"},{"floor":43.0,"key":"Anchor"},{"floor":47.0,"key":"Shuriken"},{"floor":47.0,"key":"Whetstone"},{"floor":54.0,"key":"Orichalcum"},{"floor":54.0,"key":"Carrot"}],"event_choices":[{"cards_removed":["Strike_B"],"damage_healed":0.0,"max_hp_gain":0.0,"max_hp_loss":0.0,"gold_gain":0.0,"event_name":"Purifier","player_choice":"Purged","floor":4.0,"gold_loss":0.0,"damage_taken":0.0},{"damage_healed":0.0,"max_hp_gain":0.0,"max_hp_loss":0.0,"gold_gain":0.0,"event_name":"Mushrooms","player_choice":"Fought Mushrooms","floor":11.0,"gold_loss":0.0,"damage_taken":0.0},{"damage_healed":0.0,"max_hp_gain":0.0,"max_hp_loss":0.0,"gold_gain":0.0,"event_name":"Big Fish","player_choice":"Box","floor":12.0,"gold_loss":0.0,"damage_taken":0.0,"relics_obtained":["Bronze Scales"],"cards_obtained":["Regret"]},{"cards_removed":["Regret"],"damage_healed":0.0,"max_hp_gain":0.0,"max_hp_loss":0.0,"gold_gain":0.0,"event_name":"Golden Wing","player_choice":"Card Removal","floor":14.0,"gold_loss":0.0,"damage_taken":7.0},{"cards_removed":["FIFO Queue"],"damage_healed":0.0,"max_hp_gain":0.0,"max_hp_loss":0.0,"gold_gain":0.0,"event_name":"Beggar","player_choice":"Gave Gold","floor":21.0,"gold_loss":75.0,"damage_taken":0.0},{"damage_healed":0.0,"max_hp_gain":0.0,"max_hp_loss":0.0,"gold_gain":0.0,"event_name":"Duplicator","player_choice":"Copied","floor":22.0,"gold_loss":0.0,"damage_taken":0.0,"cards_obtained":["Defragment"]},{"damage_healed":0.0,"max_hp_gain":0.0,"max_hp_loss":0.0,"gold_gain":0.0,"event_name":"Tomb of Lord Red Mask","player_choice":"Ignored","floor":36.0,"gold_loss":0.0,"damage_taken":0.0},{"damage_healed":0.0,"max_hp_gain":0.0,"max_hp_loss":0.0,"gold_gain":275.0,"event_name":"Golden Shrine","player_choice":"Desecrate","floor":38.0,"gold_loss":0.0,"damage_taken":0.0,"cards_obtained":["Regret"]}],"is_beta":false,"boss_relics":[{"not_picked":["Replay:Bronze Core","Busted Crown"],"picked":"Black Star"},{"not_picked":["ReplayTheSpireMod:DimensionalGlitch","Painkiller Herb"],"picked":"Replay:Ancient Bell"},{"not_picked":["Regal Pillow","Ancient Tea Set"],"picked":"Grinning Jar"},{"not_picked":["Darkstone Periapt","Molten Egg 2"],"picked":"Solar Panel"},{"not_picked":["Thread and Needle","Replay:Arrowhead"],"picked":"Gambling Chip"}],"items_purged_floors":[27,53],"is_endless":false,"potions_floor_spawned":[1,6,16,18,20,23,29,35,40,42,45,48],"ascension_level":2}}