{"host":"bf5upntvbdompq33","time":1613184744,"event":{"mods":["BaseMod","Bestiary","Colored Map","Colored Powertips","Curses Come First","Minty Spire (QoL Compilation)","StSLib","ojb\u0027s Info Mod"],"gold_per_floor":[19,37,51,66,16,27,40,40,40,40,40,73,2,32,32,32,32],"floor_reached":16,"language":"ENG","playtime":902,"items_purged":[],"score":174,"play_id":"1087d8c1-6235-4619-bac2-f98b9d6e9877","local_time":"20210212195224","is_ascension_mode":true,"campfire_choices":[{"data":"Zap","floor":8,"key":"SMITH"},{"floor":11,"key":"REST"},{"floor":15,"key":"REST"}],"circlet_count":0,"master_deck":["AscendersBane","Defend_B","Defend_B","Defend_B","Defend_B","Zap+1","Dualcast","Compile Driver","Chill","Chaos","Hologram","Leap","Turbo","Defragment","Coolheaded","Undo","Glacier"],"relics":["Cracked Core","Singing Bowl","Bronze Scales","Lantern"],"acts_visited":["Exordium"],"potions_floor_usage":[],"damage_taken":[{"damage":0,"enemies":"Cultist","floor":1,"turns":3},{"damage":5,"enemies":"Small Slimes","floor":2,"turns":4},{"damage":0,"enemies":"Jaw Worm","floor":3,"turns":3},{"damage":16,"enemies":"Exordium Thugs","floor":4,"turns":7},{"damage":20,"enemies":"Large Slime","floor":6,"turns":10},{"damage":5,"enemies":"2 Fungi Beasts","floor":7,"turns":4},{"damage":26,"enemies":"3 Sentries","floor":12,"turns":11},{"damage":7,"enemies":"Lagavulin","floor":14,"turns":11},{"damage":46,"enemies":"Slime Boss","floor":16,"turns":7}],"seed_played":"-4699148442543004359","potions_obtained":[{"floor":2,"key":"SteroidPotion"},{"floor":3,"key":"ColorlessPotion"}],"is_trial":false,"path_per_floor":["M","M","M","M","?","M","M","R","T","?","R","E","$","E","R","B"],"character_chosen":"DEFECT","items_purchased":["Glacier"],"campfire_rested":2,"item_purchase_floors":[13],"current_hp_per_floor":[68,63,63,47,47,27,22,22,22,15,37,11,11,6,29,0,0],"gold":32,"neow_bonus":"TRANSFORM_TWO_CARDS","is_daily":false,"chose_seed":false,"campfire_upgraded":1,"win_rate":0.0,"timestamp":1613184744,"path_taken":["M","M","M","?","?","M","M","R","T","?","R","E","$","E","R","BOSS"],"items_purchased_type":["Card"],"build_version":"2020-12-22","purchased_purges":0,"victory":false,"max_hp_per_floor":[75,75,75,75,75,75,75,75,75,75,75,75,75,77,77,77,77],"card_choices":[{"not_picked":["Hologram","Auto Shields"],"picked":"Chaos","floor":1},{"not_picked":["Rebound","Gash"],"picked":"Hologram","floor":2},{"not_picked":["Hologram","Aggregate"],"picked":"Leap","floor":3},{"not_picked":["Recycle","Steam"],"picked":"Turbo","floor":4},{"not_picked":["Cold Snap","Machine Learning"],"picked":"Defragment","floor":6},{"not_picked":["Turbo","Steam"],"picked":"Coolheaded","floor":7},{"not_picked":["Hologram","Static Discharge"],"picked":"Undo","floor":12},{"not_picked":["Compile Driver","Beam Cell","Gash"],"picked":"Singing Bowl","floor":14}],"player_experience":1563405,"relics_obtained":[{"floor":9,"key":"Singing Bowl"},{"floor":12,"key":"Bronze Scales"},{"floor":14,"key":"Lantern"}],"event_choices":[{"cards_removed":["Strike_B"],"damage_healed":0,"gold_gain":0,"player_choice":"Card Removal","damage_taken":0,"max_hp_gain":0,"max_hp_loss":0,"event_name":"The Cleric","floor":5,"gold_loss":50},{"cards_removed":["Strike_B"],"damage_healed":0,"gold_gain":0,"player_choice":"Card Removal","damage_taken":7,"max_hp_gain":0,"max_hp_loss":0,"event_name":"Golden Wing","floor":10,"gold_loss":0}],"is_beta":false,"boss_relics":[],"items_purged_floors":[],"is_endless":false,"potions_floor_spawned":[2,3,12,14],"killed_by":"Slime Boss","ascension_level":11}}