{"host":"knk89g45d3vzr5fm","time":1613221939,"event":{"mods":["2.2 Compatiblity","BaseMod","Downfall","Minty Spire (QoL Compilation)","Relic Stats","Reliquary","Replay The Spire","StSLib","The Marked"],"gold_per_floor":[123,137,148,158,158,158,181,209,209,222,247,247,282,382,400,499,499,399,419,451,471,471,496,496,496,481,510,510,535,495,544,559,559,559,559],"floor_reached":33,"language":"FRA","playtime":1644,"items_purged":[],"score":524,"play_id":"b3c55ad2-2a2b-4708-b3bc-928f453d08f7","local_time":"20210213141219","is_ascension_mode":true,"campfire_choices":[{"data":"sneckomod:QuickMove","floor":6,"key":"SMITH"},{"floor":12,"key":"REST"},{"floor":28,"key":"RECALL"}],"circlet_count":0,"master_deck":["sneckomod:Strike","sneckomod:Strike","sneckomod:Defend","sneckomod:Defend+1","sneckomod:Defend","sneckomod:TailWhip","sneckomod:SnekBite+1","sneckomod:Unknown","sneckomod:Unknown","sneckomod:QuickBite+1","sneckomod:UnknownClassHEXA_GHOST_PURPLE","sneckomod:QuickMove+1","sneckomod:Rotation+1","sneckomod:DiceBoulder+2","sneckomod:UnknownBlock","sneckomod:UnknownUncommonAttack","sneckomod:Unknown2Cost+1","sneckomod:UnknownColorless","sneckomod:SoulRoll","sneckomod:UnknownRareAttack","sneckomod:SoulRoll+1","ReplayTheSpireMod:Splinters","sneckomod:Nope+1","sneckomod:UnknownClassPURPLE","sneckomod:UnknownClassBLUE","sneckomod:CheapStock","CurseOfTheBell","CurseOfTheBell","sneckomod:UnknownDraw+1","sneckomod:UnknownClassGREEN","sneckomod:SnakeSap","sneckomod:UnknownClassBLUE+1"],"relics":["sneckomod:SneckoSoul","Unceasing Top","reliquary:Aerogel","Divine Protection","ReplayTheSpireMod:TigerMarble","reliquary:Buckler","Ginger","Replay:Grab Bag","Cursed Key","Sozu","Snecko Heart","downfall:HeartBlessingGreen","Replay:Multitool","Vajra","downfall:ExtraCursedBell","Smiling Mask","The Courier","Ice Cream","PreservedInsect","reliquary:TuningFork","downfall:HeartBlessingRed"],"acts_visited":["Exordium","TheCity"],"potions_floor_usage":[3,21,33],"damage_taken":[{"damage":12,"enemies":"2 Louse","floor":2,"turns":3},{"damage":0,"enemies":"Cultist","floor":3,"turns":2},{"damage":9,"enemies":"Jaw Worm","floor":4,"turns":4},{"damage":60,"enemies":"3 Sentries","floor":8,"turns":9},{"damage":0,"enemies":"downfall:LooterAlt","floor":10,"turns":3},{"damage":8,"enemies":"Gremlin Nob","floor":13,"turns":3},{"damage":13,"enemies":"downfall:Heads","floor":14,"turns":5},{"damage":0,"enemies":"Lots of Slimes","floor":15,"turns":3},{"damage":0,"enemies":"SI_SHIV_ARCHETYPE","floor":16,"turns":7},{"damage":0,"enemies":"Shell Parasite","floor":19,"turns":2},{"damage":0,"enemies":"Spheric Guardian","floor":21,"turns":4},{"damage":8,"enemies":"Replay:Snechameleon","floor":23,"turns":2},{"damage":0,"enemies":"downfall:FleeingMerchant","floor":26,"turns":4},{"damage":0,"enemies":"Slavers","floor":27,"turns":4},{"damage":7,"enemies":"Book of Stabbing","floor":29,"turns":4},{"damage":12,"enemies":"Snecko","floor":31,"turns":3},{"damage":3,"enemies":"Snake Plant","floor":32,"turns":2},{"damage":75,"enemies":"IC_MUSHROOM_ARCHETYPE","floor":33,"turns":4}],"seed_played":"6134947159141350762","potions_obtained":[{"floor":2,"key":"Explosive Potion"},{"floor":4,"key":"Elixir"},{"floor":10,"key":"Elixir"},{"floor":16,"key":"LifebloodPotion"}],"is_trial":false,"path_per_floor":["R","M","M","M","?","R","T","E","?","M","T","R","E","?","M","B",null,"R","M","?","M","?","E","T","R","$","E","R","E","R","M","M","B"],"character_chosen":"THE_SNECKO","items_purchased":[],"campfire_rested":1,"item_purchase_floors":[],"current_hp_per_floor":[57,45,45,36,66,66,66,6,6,6,6,33,25,12,12,12,71,90,90,90,90,90,82,82,82,82,90,90,83,83,71,68,0,0,0],"gold":559,"neow_bonus":"ONE_RARE_RELIC","is_daily":false,"chose_seed":false,"campfire_upgraded":1,"win_rate":0.0,"timestamp":1613221939,"path_taken":["R","M","M","M","?","R","T","E","?","?","?","R","E","?","M","BOSS","R","M","?","M","?","E","T","R","$","E","R","E","R","M","M","BOSS"],"items_purchased_type":[],"build_version":"2020-12-22","purchased_purges":0,"victory":false,"max_hp_per_floor":[90,90,90,90,90,90,90,90,90,90,90,90,90,90,90,90,90,90,90,90,90,90,90,90,90,90,90,90,90,90,90,90,90,90,90],"relic_stats":{"Sozu":4,"counters":[18,68],"PreservedInsect":41,"Ginger":[9],"Cursed Key":0,"Smiling Mask":0,"obtain_stats":[{"Ice Cream":25,"Divine Protection":8,"Snecko Heart":17,"downfall:HeartBlessingRed":30,"reliquary:Aerogel":7,"Replay:Grab Bag":17,"Vajra":23,"downfall:HeartBlessingGreen":18,"The Courier":25,"PreservedInsect":27,"Replay:Multitool":20,"Ginger":0,"sneckomod:SneckoSoul":0,"Cursed Key":17,"Smiling Mask":25,"Sozu":17,"reliquary:Buckler":13,"ReplayTheSpireMod:TigerMarble":11,"reliquary:TuningFork":29,"downfall:ExtraCursedBell":25,"Unceasing Top":1},{"Ice Cream":12,"Divine Protection":4,"Snecko Heart":9,"downfall:HeartBlessingRed":15,"reliquary:Aerogel":3,"Replay:Grab Bag":9,"Vajra":12,"downfall:HeartBlessingGreen":9,"The Courier":12,"PreservedInsect":14,"Replay:Multitool":10,"Ginger":0,"sneckomod:SneckoSoul":0,"Cursed Key":9,"Smiling Mask":12,"Sozu":9,"reliquary:Buckler":6,"ReplayTheSpireMod:TigerMarble":5,"reliquary:TuningFork":15,"downfall:ExtraCursedBell":12,"Unceasing Top":0},{"Ice Cream":47,"Divine Protection":18,"Snecko Heart":39,"downfall:HeartBlessingRed":59,"reliquary:Aerogel":9,"Replay:Grab Bag":39,"Vajra":47,"downfall:HeartBlessingGreen":39,"The Courier":47,"PreservedInsect":55,"Replay:Multitool":41,"Ginger":0,"sneckomod:SneckoSoul":0,"Cursed Key":39,"Smiling Mask":47,"Sozu":39,"reliquary:Buckler":24,"ReplayTheSpireMod:TigerMarble":21,"reliquary:TuningFork":59,"downfall:ExtraCursedBell":47,"Unceasing Top":0}],"Unceasing Top":[25]},"card_choices":[{"not_picked":["sneckomod:UnknownX","sneckomod:UnknownWeak"],"picked":"sneckomod:QuickBite","floor":1},{"not_picked":["sneckomod:SnekBeam","sneckomod:Unknown2Cost"],"picked":"sneckomod:UnknownClassHEXA_GHOST_PURPLE","floor":2},{"not_picked":["sneckomod:IronFang","sneckomod:DiceBlock"],"picked":"sneckomod:QuickMove","floor":3},{"not_picked":["sneckomod:SoulRoll","sneckomod:UnknownClassGREEN"],"picked":"sneckomod:Rotation","floor":4},{"not_picked":["sneckomod:ImprovisedGuard","sneckomod:UnknownClassMARKED_PURPLE_COLOR"],"picked":"sneckomod:DiceBoulder","floor":8},{"not_picked":["sneckomod:Cheat","sneckomod:QuickBite"],"picked":"sneckomod:UnknownBlock","floor":10},{"not_picked":["sneckomod:UnknownClassTHE_BRONZE_AUTOMATON","sneckomod:SnekBeam"],"picked":"sneckomod:UnknownUncommonAttack","floor":13},{"not_picked":["sneckomod:UnknownClassMARKED_PURPLE_COLOR","sneckomod:UnknownWeak"],"picked":"sneckomod:UnknownColorless","floor":14},{"not_picked":["sneckomod:UnknownVulnerable","sneckomod:DiceCrush"],"picked":"sneckomod:SoulRoll","floor":15},{"not_picked":["sneckomod:UnknownBoss","sneckomod:DangerNoodle"],"picked":"sneckomod:UnknownRareAttack","floor":16},{"not_picked":["sneckomod:UnknownWeak+1","sneckomod:MixItUp"],"picked":"sneckomod:SoulRoll+1","floor":19},{"not_picked":["sneckomod:UnknownClassGUARDIAN","sneckomod:UnknownClassSLIMEBOUND+1"],"picked":"sneckomod:Nope+1","floor":20},{"not_picked":["sneckomod:ImprovisedGuard","sneckomod:Nope"],"picked":"sneckomod:UnknownClassPURPLE","floor":21},{"not_picked":["sneckomod:QuickBite","sneckomod:UnknownClassMARKED_PURPLE_COLOR"],"picked":"sneckomod:UnknownClassBLUE","floor":23},{"not_picked":["sneckomod:UnknownClassRED","sneckomod:Unknown1Cost"],"picked":"sneckomod:CheapStock","floor":23},{"not_picked":["sneckomod:Cheat","sneckomod:SnekBeam+1"],"picked":"sneckomod:UnknownDraw","floor":26},{"not_picked":["sneckomod:UnknownWeak","sneckomod:UnknownStrength"],"picked":"sneckomod:UnknownClassGREEN","floor":27},{"not_picked":["sneckomod:UnknownClassTHE_BRONZE_AUTOMATON","sneckomod:UnknownCommonAttack+1","sneckomod:QuickMove+1"],"picked":"SKIP","floor":29},{"not_picked":["sneckomod:UnknownX","sneckomod:UnknownStrength"],"picked":"sneckomod:SnakeSap","floor":31},{"not_picked":["sneckomod:UnknownX+1","sneckomod:MixItUp"],"picked":"sneckomod:UnknownClassBLUE+1","floor":32}],"player_experience":2126102,"relics_obtained":[{"floor":1,"key":"Unceasing Top"},{"floor":7,"key":"reliquary:Aerogel"},{"floor":8,"key":"Divine Protection"},{"floor":11,"key":"ReplayTheSpireMod:TigerMarble"},{"floor":13,"key":"reliquary:Buckler"},{"floor":15,"key":"Ginger"},{"floor":20,"key":"Replay:Multitool"},{"floor":23,"key":"Vajra"},{"floor":25,"key":"Smiling Mask"},{"floor":25,"key":"The Courier"},{"floor":25,"key":"Ice Cream"},{"floor":27,"key":"PreservedInsect"},{"floor":29,"key":"reliquary:TuningFork"}],"event_choices":[{"damage_healed":30,"gold_gain":0,"player_choice":"Banana","damage_taken":0,"max_hp_gain":0,"max_hp_loss":0,"event_name":"Big Fish","floor":5,"gold_loss":0},{"damage_healed":0,"gold_gain":0,"player_choice":"Forge","damage_taken":0,"max_hp_gain":0,"max_hp_loss":0,"event_name":"Accursed Blacksmith","floor":9,"gold_loss":0,"cards_upgraded":["sneckomod:DiceBoulder"]}],"is_beta":false,"boss_relics":[{"not_picked":["Replay:Wanted Poster","Kintsugi"],"picked":"Replay:Grab Bag"},{"not_picked":["ReplayTheSpireMod:Onyx Gauntlets","Coffee Dripper"],"picked":"Cursed Key"},{"not_picked":["ReplayTheSpireMod:DimensionalGlitch","ChewingGum"],"picked":"Sozu"},{"not_picked":["sneckomod:SuperSneckoSoul","sneckomod:SneckoBoss"],"picked":"Snecko Heart"}],"items_purged_floors":[],"is_endless":false,"potions_floor_spawned":[2,4,10,16,23,27,31,32],"killed_by":"IC_MUSHROOM_ARCHETYPE","ascension_level":7}}