{"host":"qj2ynjh122p6ybyd","time":1613208428,"event":{"mods":["AchievementEnabler","Aspiration","BaseMod","Better Match","Better Note","Highlight Path","Infinite Spire","Minty Spire (QoL Compilation)","Quick Restart","Relic Stats","Reliquary","Replay The Spire","StSLib","SuperFastMode","The Blackbeard","The Gatherer"],"gold_per_floor":[114,126,126,126,126,126,146,146,170,198,208,240,240,260,260,336,336,348,348,151,66,85,85,85,96,96,184,211,222,222,256,256,256,256],"floor_reached":33,"language":"RUS","playtime":1359,"items_purged":["Strike_R"],"score":483,"play_id":"f0e48e62-a238-4943-9a7c-a9ed971f2075","local_time":"20210213112708","is_ascension_mode":true,"campfire_choices":[{"data":"Bash","floor":6,"key":"SMITH"},{"data":"Cleave","floor":8,"key":"SMITH"},{"floor":13,"key":"REST"},{"data":"Infernal Blade","floor":15,"key":"SMITH"},{"data":"Discovery","floor":23,"key":"SMITH"},{"data":"infinitespire:Starlight","floor":30,"key":"SMITH"},{"floor":32,"key":"DIG"}],"circlet_count":0,"master_deck":["AscendersBane","Strike_R+1","Strike_R","Strike_R","Strike_R","Defend_R","Defend_R","Defend_R+1","Defend_R","Bash+1","Headbutt+1","Perfected Strike+1","Cleave+1","Pommel Strike","Flame Barrier","Impervious","Infernal Blade+1","Double Tap","Fire Breathing","Panache","Enlightenment","Discovery+1","Exhume","Necronomicurse","ReplayTheSpireMod:Limb From Limb+1","ReplayTheSpireMod:Splinters","Life Link+1","Metallicize+1","infinitespire:Starlight+1","Clothesline","Pommel Strike","Heavy Blade"],"relics":["Burning Blood","Vajra","Boot","Self Forming Clay","reliquary:PartyBalloon","reliquary:Ember","MutagenicStrength","ReplayTheSpireMod:ShopPack","Pear","Necronomicon","Ginger","aspiration:Lifesprig","infinitespire:ShieldingShard","reliquary:Buckler","Champion Belt"],"acts_visited":["Exordium","TheCity"],"potions_floor_usage":[10,18,31],"damage_taken":[{"damage":12,"enemies":"Jaw Worm","floor":1,"turns":2},{"damage":8,"enemies":"Small Slimes","floor":2,"turns":4},{"damage":0,"enemies":"Cultist","floor":7,"turns":2},{"damage":15,"enemies":"Replay:BlueRogue","floor":10,"turns":5},{"damage":12,"enemies":"Exordium Wildlife","floor":11,"turns":3},{"damage":12,"enemies":"3 Sentries","floor":12,"turns":5},{"damage":0,"enemies":"Blue Slaver","floor":14,"turns":2},{"damage":24,"enemies":"Slime Boss","floor":16,"turns":7},{"damage":3,"enemies":"3 Byrds","floor":18,"turns":3},{"damage":18,"enemies":"2 Thieves","floor":22,"turns":3},{"damage":17,"enemies":"3 Cultists","floor":25,"turns":5},{"damage":17,"enemies":"Nightmare","floor":28,"turns":5},{"damage":26,"enemies":"Cultist and Chosen","floor":29,"turns":4},{"damage":30,"enemies":"Slavers","floor":31,"turns":4},{"damage":29,"enemies":"Collector","floor":33,"turns":2}],"seed_played":"-1821930867116549552","potions_obtained":[{"floor":2,"key":"PowerPotion"},{"floor":7,"key":"PowerPotion"},{"floor":10,"key":"Elixir"},{"floor":18,"key":"Swift Potion"},{"floor":29,"key":"Regen Potion"},{"floor":31,"key":"BloodPotion"}],"is_trial":false,"path_per_floor":["M","M","?","?","?","R","M","R","T","E","M","E","R","M","R","B",null,"M","?","$","?","M","R","?","M","T","?","NM","M","R","E","R","B"],"character_chosen":"IRONCLAD","items_purchased":["ReplayTheSpireMod:ShopPack"],"campfire_rested":1,"item_purchase_floors":[20],"current_hp_per_floor":[66,64,64,48,48,48,54,54,54,45,39,33,57,63,63,45,71,74,74,74,84,72,72,56,45,45,45,34,24,24,27,27,0,0],"gold":256,"neow_bonus":"RANDOM_COMMON_RELIC","is_daily":false,"chose_seed":false,"campfire_upgraded":5,"win_rate":0.0,"timestamp":1613208428,"path_taken":["M","M","?","?","?","R","M","R","T","E","?","E","R","M","R","BOSS","M","?","$","?","M","R","?","M","T","?","NM","M","R","E","R","BOSS"],"items_purchased_type":["Relic"],"build_version":"2020-12-22","purchased_purges":1,"victory":false,"max_hp_per_floor":[80,80,80,80,80,80,80,80,80,80,80,80,80,80,80,80,80,80,80,80,90,90,90,90,90,90,90,90,90,90,90,90,90,90],"relic_stats":{"counters":[15,56],"Self Forming Clay":[96],"Necronomicon":[10],"Ginger":[0],"Champion Belt":[0],"Boot":[1],"obtain_stats":[{"aspiration:Lifesprig":27,"Pear":21,"Self Forming Clay":10,"reliquary:PartyBalloon":12,"Vajra":0,"Ginger":26,"Boot":9,"Burning Blood":0,"infinitespire:ShieldingShard":28,"MutagenicStrength":19,"reliquary:Buckler":31,"reliquary:Ember":17,"Necronomicon":24,"Champion Belt":32,"ReplayTheSpireMod:ShopPack":20},{"aspiration:Lifesprig":11,"Pear":9,"Self Forming Clay":4,"reliquary:PartyBalloon":6,"Vajra":0,"Ginger":11,"Boot":3,"Burning Blood":0,"infinitespire:ShieldingShard":12,"MutagenicStrength":9,"reliquary:Buckler":14,"reliquary:Ember":8,"Necronomicon":10,"Champion Belt":14,"ReplayTheSpireMod:ShopPack":9},{"aspiration:Lifesprig":41,"Pear":33,"Self Forming Clay":13,"reliquary:PartyBalloon":21,"Vajra":0,"Ginger":41,"Boot":8,"Burning Blood":0,"infinitespire:ShieldingShard":46,"MutagenicStrength":33,"reliquary:Buckler":54,"reliquary:Ember":30,"Necronomicon":36,"Champion Belt":54,"ReplayTheSpireMod:ShopPack":33}],"Burning Blood":84},"card_choices":[{"not_picked":["Blood for Blood","Sword Boomerang"],"picked":"Uppercut","floor":1},{"not_picked":["Cleave","Infernal Blade"],"picked":"Headbutt","floor":2},{"not_picked":["Ghostly Armor","ReplayTheSpireMod:Strike From Hell"],"picked":"Cleave","floor":7},{"not_picked":["Blood for Blood","ReplayTheSpireMod:Limb From Limb"],"picked":"Pommel Strike","floor":10},{"not_picked":["Heavy Blade","Run Through"],"picked":"Flame Barrier","floor":11},{"not_picked":["Pommel Strike","Pummel"],"picked":"Impervious","floor":12},{"not_picked":["Headbutt","Flex"],"picked":"Infernal Blade","floor":14},{"not_picked":["Offering","Brutality"],"picked":"Double Tap","floor":16},{"not_picked":["Thunderclap","Sever Soul"],"picked":"Fire Breathing","floor":18},{"not_picked":["Poisoned Strike","ReplayTheSpireMod:Necrogeddon"],"picked":"Panache","floor":20},{"not_picked":["Replay:Sssssssssshield","ReplayTheSpireMod:Private Reserves"],"picked":"Enlightenment","floor":20},{"not_picked":["Crow Ritual","Poisoned Strike"],"picked":"Discovery","floor":20},{"not_picked":["Sword Boomerang","Ghostly Armor"],"picked":"Exhume","floor":22},{"not_picked":["ReplayReversal","Warcry"],"picked":"ReplayTheSpireMod:Limb From Limb+1","floor":25},{"not_picked":["Havoc","Seeing Red+1"],"picked":"Life Link","floor":27},{"not_picked":["Sword Boomerang","Body Slam"],"picked":"Metallicize","floor":27},{"not_picked":["infinitespire:NeuralNetwork","infinitespire:DeathsTouch"],"picked":"infinitespire:Starlight","floor":28},{"not_picked":["True Grit","Rampage"],"picked":"Clothesline","floor":28},{"not_picked":["Seeing Red","Dark Embrace"],"picked":"Pommel Strike","floor":29},{"not_picked":["Rupture","Sword Boomerang"],"picked":"Heavy Blade","floor":31}],"player_experience":381557,"relics_obtained":[{"floor":9,"key":"Boot"},{"floor":10,"key":"Self Forming Clay"},{"floor":12,"key":"reliquary:PartyBalloon"},{"floor":24,"key":"Necronomicon"},{"floor":26,"key":"Ginger"},{"floor":27,"key":"aspiration:Lifesprig"},{"floor":28,"key":"infinitespire:ShieldingShard"},{"floor":31,"key":"reliquary:Buckler"},{"floor":32,"key":"Champion Belt"}],"event_choices":[{"damage_healed":0,"gold_gain":0,"player_choice":"Entered Light","damage_taken":16,"max_hp_gain":0,"max_hp_loss":0,"event_name":"Shining Light","floor":4,"gold_loss":0,"cards_upgraded":["Strike_R","Defend_R"]},{"damage_healed":0,"gold_gain":0,"player_choice":"Upgraded","damage_taken":0,"max_hp_gain":0,"max_hp_loss":0,"event_name":"Upgrade Shrine","floor":5,"gold_loss":0,"cards_upgraded":["Headbutt"]},{"damage_healed":0,"gold_gain":0,"player_choice":"Inject Mutagens","damage_taken":0,"relics_obtained":["MutagenicStrength"],"max_hp_gain":0,"max_hp_loss":0,"event_name":"Drug Dealer","floor":19,"gold_loss":0},{"damage_healed":0,"gold_gain":0,"player_choice":"Obtained Relic","damage_taken":0,"relics_obtained":["Pear"],"max_hp_gain":0,"max_hp_loss":0,"event_name":"Addict","floor":21,"gold_loss":85},{"damage_healed":0,"gold_gain":0,"player_choice":"Obtained Book","damage_taken":16,"max_hp_gain":0,"max_hp_loss":0,"event_name":"Cursed Tome","floor":24,"gold_loss":0}],"is_beta":false,"boss_relics":[{"not_picked":["Coffee Dripper","Runic Dome"],"picked":"reliquary:Ember"}],"items_purged_floors":[20],"is_endless":true,"potions_floor_spawned":[2,7,10,18,22,29,31],"killed_by":"Collector","ascension_level":13}}