{"host":"050ensmz1fh1c58u","time":1613221499,"event":{"mods":["BaseMod","Downfall","Gremlin Mod","Minty Spire (QoL Compilation)","READ ME - Guardian Mod","StSLib","The Animator","The Bug Knight","The Cursed","The Disciple","The Servant 0.9.4"],"gold_per_floor":[99,111,123,123,123,134,134,22,22,22,22,22],"floor_reached":10,"language":"ENG","playtime":771,"items_purged":[],"score":131,"play_id":"0490bda0-3cf0-4d92-8469-1b08d2e22e43","local_time":"20210213140459","daily_mods":["Specialized","Hoarder","downfall:WorldOfGoo"],"is_ascension_mode":false,"campfire_choices":[{"data":"Guardian:TwinSlam","floor":1,"key":"SMITH"}],"circlet_count":0,"master_deck":["Guardian:Strike_Guardian","Guardian:Strike_Guardian","Guardian:Strike_Guardian","Guardian:Strike_Guardian","Guardian:Defend_Guardian","Guardian:Defend_Guardian","Guardian:Defend_Guardian","Guardian:Defend_Guardian","Guardian:CurlUp","Guardian:TwinSlam+1","Guardian:TimeSifter","Guardian:TimeSifter","Guardian:TimeSifter","Guardian:TimeSifter","Guardian:TimeSifter","Guardian:TimeSifter","Guardian:TimeSifter","Guardian:TimeSifter","Guardian:TimeSifter","Guardian:TimeSifter","Guardian:TimeSifter","Guardian:TimeSifter","Guardian:TimeSifter","Guardian:TimeSifter","Guardian:Planning","Guardian:Planning","Guardian:Planning","Guardian:Planning","Guardian:Planning","Guardian:Planning","Guardian:Gem_Cyan","Guardian:Gem_Cyan","Guardian:Gem_Cyan","Guardian:Gem_White","Guardian:Gem_White","Guardian:Gem_White","Impatience","Impatience","Impatience"],"relics":["Guardian:ModeShifter","Slimebound:StickyStick"],"acts_visited":["Exordium"],"potions_floor_usage":[],"damage_taken":[{"damage":10,"enemies":"Small Slimes","floor":2,"turns":8},{"damage":12,"enemies":"Cultist","floor":3,"turns":7},{"damage":7,"enemies":"2 Louse","floor":6,"turns":5},{"damage":0,"enemies":"downfall:FleeingMerchant","floor":8,"turns":4},{"damage":63,"enemies":"Gremlin Nob","floor":10,"turns":5}],"seed_played":"-1904411879605477966","potions_obtained":[{"floor":3,"key":"Explosive Potion"}],"is_trial":true,"path_per_floor":["R","M","M","?","?","M","T","$","?","E"],"character_chosen":"GUARDIAN","items_purchased":["Impatience"],"campfire_rested":0,"item_purchase_floors":[8],"current_hp_per_floor":[80,70,58,58,58,51,51,51,51,0,0,0],"gold":22,"neow_bonus":"","is_daily":false,"chose_seed":false,"campfire_upgraded":1,"win_rate":0.0,"timestamp":1613221499,"path_taken":["R","M","M","?","?","M","T","$","?","E"],"items_purchased_type":["Card"],"build_version":"2020-12-22","purchased_purges":0,"victory":false,"max_hp_per_floor":[80,80,80,80,80,80,80,80,80,80,80,80],"card_choices":[{"not_picked":["Guardian:ChargeCore","Guardian:Suspension"],"picked":"Guardian:Planning","floor":2},{"not_picked":["Guardian:PrimingBeam","Guardian:Harden"],"picked":"Guardian:Planning","floor":3},{"not_picked":["Guardian:VentSteam","Guardian:PrimingBeam"],"picked":"Guardian:Gem_Cyan","floor":6},{"not_picked":["Guardian:Gem_Cyan","Guardian:CrystalBeam"],"picked":"Guardian:Gem_White","floor":8}],"player_experience":1621826,"relics_obtained":[{"floor":7,"key":"Slimebound:StickyStick"}],"event_choices":[],"is_beta":false,"boss_relics":[],"items_purged_floors":[],"is_endless":false,"potions_floor_spawned":[3],"killed_by":"Gremlin Nob","ascension_level":0}}