{"host":"dey9j018cvpdh1nv","time":1613252090,"event":{"mods":["BaseMod","Downfall","Minty Spire (QoL Compilation)","Replay The Spire","StSLib","The Cursed"],"gold_per_floor":[115,131,150,150,150,179,179,194,220,220,236,236,236,236,236,247,247,347,347,367,401,423,114,155,155,155,187,187,217,217,244,264,284,284,404,404,426,326,326,359,359,359,423,423,423,454,39,66,100,136,136,152],"floor_reached":53,"language":"ENG","playtime":3318,"items_purged":["Strike_B+1","Shame","Strike_B+1"],"score":690,"play_id":"a8b8745c-e2fd-4ea8-9428-76c60a793314","local_time":"20210213163450","is_ascension_mode":false,"campfire_choices":[{"data":"Dualcast","floor":7,"key":"SMITH"},{"data":"Echo Form","floor":10,"key":"SMITH"},{"data":"Loop","floor":12,"key":"SMITH"},{"floor":17,"key":"DIG"},{"floor":25,"key":"REST"},{"data":"Darkness","floor":30,"key":"SMITH"},{"floor":34,"key":"REST"},{"data":"Creative AI","floor":42,"key":"SMITH"},{"floor":44,"key":"REST"},{"data":"Streamline","floor":51,"key":"SMITH"}],"circlet_count":0,"master_deck":["Defend_B+1","Defend_B","Defend_B","Defend_B","Zap+1","Dualcast+1","Cold Snap","Loop+1","Fusion+1","Echo Form+1","Doom and Gloom","Streamline+1","Darkness+1","Core Surge","CurseOfTheBell","Cold Snap+1","Sweeping Beam+1","FTL+1","Melter+1","Recycle","Meteor Strike+1","Coolheaded","Conserve Battery","Ball Lightning+1","Undo","Crystallizer+1","BasicCrystalCard+1","ReplayTheSpireMod:Omega Cannon+1","Creative AI+1","Compile Driver+1","Mayhem","Stack+1","Skim+1","White Noise+1","Ball Lightning+1","Parasite","Melter+1"],"relics":["Cracked Core","Whetstone","War Paint","Dream Catcher","Geode","Calling Bell","Replay:Bandana","Molten Egg 2","Bird Faced Urn","Runic Capacitor","Cables","Orichalcum","Thread and Needle","Replay:Grab Bag","Philosopher\u0027s Stone","Sozu","Nuclear Battery","Unceasing Top","Quantum Egg","OrangePellets","Replay:Rubber Ducky"],"acts_visited":["Exordium","TheCity","TheBeyond"],"potions_floor_usage":[21,27,29,49],"damage_taken":[{"damage":0,"enemies":"Small Slimes","floor":1,"turns":2},{"damage":0,"enemies":"2 Louse","floor":2,"turns":2},{"damage":0,"enemies":"Cultist","floor":3,"turns":3},{"damage":24,"enemies":"Lagavulin","floor":6,"turns":6},{"damage":2,"enemies":"Blue Slaver","floor":8,"turns":4},{"damage":12,"enemies":"Looter","floor":11,"turns":3},{"damage":17,"enemies":"Large Slime","floor":16,"turns":5},{"damage":2,"enemies":"Fading Forest","floor":18,"turns":11},{"damage":25,"enemies":"Spheric Guardian","floor":20,"turns":4},{"damage":9,"enemies":"3 Byrds","floor":21,"turns":4},{"damage":40,"enemies":"Snake Plant","floor":22,"turns":4},{"damage":6,"enemies":"3 Cultists","floor":27,"turns":5},{"damage":10,"enemies":"Centurion and Healer","floor":29,"turns":6},{"damage":5,"enemies":"Snecko","floor":31,"turns":4},{"damage":7,"enemies":"Cultist and Chosen","floor":32,"turns":6},{"damage":4,"enemies":"Snake Plant","floor":33,"turns":3},{"damage":56,"enemies":"Collector","floor":35,"turns":8},{"damage":0,"enemies":"3 Shapes","floor":37,"turns":6},{"damage":16,"enemies":"3 Darklings","floor":40,"turns":4},{"damage":43,"enemies":"2 Orb Walkers","floor":43,"turns":4},{"damage":39,"enemies":"4 Shapes","floor":46,"turns":5},{"damage":0,"enemies":"Sphere and 2 Shapes","floor":48,"turns":3},{"damage":0,"enemies":"Writhing Mass","floor":49,"turns":6},{"damage":0,"enemies":"4 Shapes","floor":50,"turns":4},{"damage":58,"enemies":"Time Eater","floor":52,"turns":11}],"seed_played":"-8983036101157609884","potions_obtained":[{"floor":3,"key":"Regen Potion"},{"floor":6,"key":"Languid Potion"},{"floor":11,"key":"LifebloodPotion"},{"floor":20,"key":"Guardian:BlockOnCardUsePotion"},{"floor":21,"key":"Slimebound:ThreeZeroPotion"},{"floor":27,"key":"SpeedPotion"},{"floor":35,"key":"sneckomod:MuddlingPotion"}],"is_trial":false,"path_per_floor":["M","M","M","?","?","E","R","M","T","R","M","R","PTL","PTL","?","M","R","B",null,"M","M","M","$","?","R","?","M","T","M","R","M","M","M","R","B",null,"M","$","?","M","?","R","?","R","T","M","$","M","M","M","R","B",null],"character_chosen":"DEFECT","items_purchased":["Runic Capacitor","Melter+1","OrangePellets","Replay:Rubber Ducky"],"campfire_rested":3,"item_purchase_floors":[23,23,47,47],"current_hp_per_floor":[75,75,75,75,75,51,51,49,49,49,37,37,37,37,37,20,20,28,75,50,43,7,7,7,29,29,39,39,35,35,34,29,29,51,3,75,75,75,75,69,69,69,36,58,58,33,33,39,61,71,71,33],"gold":152,"neow_bonus":"RANDOM_COMMON_RELIC","is_daily":false,"chose_seed":false,"campfire_upgraded":6,"win_rate":0.0,"timestamp":1613252090,"path_taken":["M","M","M","?","?","E","R","M","T","R","M","R","PTL","PTL","?","M","R","BOSS","M","?","M","$","?","R","?","M","T","M","R","M","M","M","R","BOSS","M","$","?","M","?","R","?","R","T","M","$","M","?","M","R","BOSS"],"items_purchased_type":["Relic","Card","Relic","Relic"],"build_version":"2020-12-22","purchased_purges":3,"victory":true,"max_hp_per_floor":[75,75,75,75,75,75,75,75,75,75,75,75,75,75,75,75,75,75,75,75,75,75,75,75,75,75,75,75,75,75,75,75,75,75,75,75,75,75,75,75,75,75,75,75,75,75,75,75,75,75,75,75],"card_choices":[{"not_picked":["Streamline","ReplayTheSpireMod:Reroute Power"],"picked":"Cold Snap","floor":1},{"not_picked":["Go for the Eyes","Steam Power"],"picked":"Loop","floor":2},{"not_picked":["Stack","ReplayTheSpireMod:Reroute Power"],"picked":"Fusion","floor":3},{"not_picked":["Panic Button","Force Field","Beam Cell"],"picked":"SKIP","floor":6},{"not_picked":["Panic Button","Undo"],"picked":"Doom and Gloom","floor":8},{"not_picked":["Scrape","Gash"],"picked":"Streamline","floor":11},{"not_picked":["Panic Button","Sweeping Beam"],"picked":"Darkness","floor":16},{"not_picked":["Seek","Creative AI"],"picked":"Core Surge","floor":18},{"not_picked":["Coolheaded","Reinforced Body"],"picked":"Cold Snap+1","floor":20},{"not_picked":["Conserve Battery","Cold Snap+1"],"picked":"Sweeping Beam+1","floor":21},{"not_picked":["Gash+1","Leap"],"picked":"FTL+1","floor":22},{"not_picked":["Skim","BasicCrystalCard"],"picked":"Recycle","floor":24},{"not_picked":["Conserve Battery","Fusion"],"picked":"Meteor Strike+1","floor":24},{"not_picked":["Steam Power","Streamline+1"],"picked":"Coolheaded","floor":25},{"not_picked":["Redo","ReplayGash+1"],"picked":"Conserve Battery","floor":27},{"not_picked":["BootSequence+1","Hologram"],"picked":"Ball Lightning+1","floor":29},{"not_picked":["Streamline+1","BasicCrystalCard+1"],"picked":"Undo","floor":31},{"not_picked":["Turbo","Rebound+1"],"picked":"Crystallizer+1","floor":32},{"not_picked":["ReplaySort","Conserve Battery"],"picked":"BasicCrystalCard+1","floor":33},{"not_picked":["Panic Button","Gash+1"],"picked":"ReplayTheSpireMod:Omega Cannon+1","floor":34},{"not_picked":["Echo Form","All For One+1"],"picked":"Creative AI","floor":35},{"not_picked":["BasicCrystalCard","Streamline+1"],"picked":"Compile Driver+1","floor":37},{"not_picked":["Bandage Up","Replay:BasicMightCard"],"picked":"Mayhem","floor":39},{"not_picked":["FTL+1","Double Energy+1"],"picked":"Stack+1","floor":40},{"not_picked":["Steam+1","Undo+1"],"picked":"Skim+1","floor":43},{"not_picked":["Leap+1","Steam"],"picked":"White Noise+1","floor":44},{"not_picked":["Tempest","Darkness+1"],"picked":"Ball Lightning+1","floor":46},{"not_picked":["Cold Snap+1","Go for the Eyes+1","ReplaySort"],"picked":"SKIP","floor":48},{"not_picked":["ReplayTheSpireMod:GoodbyeWorld+1","Rip and Tear+1"],"picked":"Melter+1","floor":49},{"not_picked":["Steam+1","Conserve Battery","Compile Driver+1"],"picked":"SKIP","floor":50}],"player_experience":2042584,"relics_obtained":[{"floor":6,"key":"War Paint"},{"floor":9,"key":"Dream Catcher"},{"floor":17,"key":"Geode"},{"floor":19,"key":"Replay:Bandana"},{"floor":19,"key":"Molten Egg 2"},{"floor":19,"key":"Bird Faced Urn"},{"floor":24,"key":"Cables"},{"floor":28,"key":"Thread and Needle"},{"floor":43,"key":"Unceasing Top"},{"floor":45,"key":"Quantum Egg"}],"event_choices":[{"damage_healed":0,"gold_gain":0,"cards_transformed":["Strike_B"],"player_choice":"Change","damage_taken":0,"max_hp_gain":0,"max_hp_loss":0,"event_name":"Living Wall","floor":4,"gold_loss":0,"cards_obtained":["Echo Form"]},{"cards_removed":["Strike_B"],"damage_healed":0,"gold_gain":0,"player_choice":"Purged","damage_taken":0,"max_hp_gain":0,"max_hp_loss":0,"event_name":"Purifier","floor":15,"gold_loss":0},{"damage_healed":0,"gold_gain":0,"player_choice":"Stole Relic","damage_taken":0,"relics_obtained":["Orichalcum"],"max_hp_gain":0,"max_hp_loss":0,"event_name":"Addict","floor":26,"gold_loss":0,"cards_obtained":["Shame"]},{"damage_healed":0,"gold_gain":0,"player_choice":"Memory 1","damage_taken":0,"max_hp_gain":0,"max_hp_loss":0,"event_name":"SensoryStone","floor":39,"gold_loss":0},{"damage_healed":0,"gold_gain":0,"player_choice":"Ignored","damage_taken":0,"max_hp_gain":0,"max_hp_loss":0,"event_name":"Tomb of Lord Red Mask","floor":41,"gold_loss":0},{"damage_healed":0,"gold_gain":0,"player_choice":"Fight","damage_taken":0,"max_hp_gain":0,"max_hp_loss":0,"event_name":"Mysterious Sphere","floor":43,"gold_loss":0}],"is_beta":false,"boss_relics":[{"not_picked":["ChewingGum","Astrolabe"],"picked":"Calling Bell"},{"not_picked":["FrozenCore","Black Star"],"picked":"Replay:Grab Bag"},{"not_picked":["Fusion Hammer","Coffee Dripper"],"picked":"Philosopher\u0027s Stone"},{"not_picked":["Runic Dome","Velvet Choker"],"picked":"Sozu"},{"not_picked":["Replay:Drink Me","Kintsugi"],"picked":"Nuclear Battery"}],"items_purged_floors":[23,38,47],"is_endless":false,"potions_floor_spawned":[3,6,11,20,21,27,35,40,46,48,50],"ascension_level":0}}