{"host":"dl909bjyolgrn2uw","time":1613187513,"event":{"mods":["2.2 Compatiblity","AlwaysNeverKeys","BaseMod","Bestiary","Better Altar","Better Note","Better Sensory Stone","Better Skull","Better Third Choice","Better Vampires","Better-Laid Plans","BetterRewards","Colored Powertips","Curses Come First","Disable Question Mark Monsters","Displayed Cursed Tome","Emptier Cage","Evolution","Minty Spire (QoL Compilation)","Morshu Shopkeeper","Permanent Neow","Quick Restart","Rare Cards Sparkle","Relic Stats","Shop Mod","Spicy Shops","StSLib","SuperFastMode","Transform Curses"],"gold_per_floor":[126,150,159,10,34,34,99,99,126,166,241,267,306,306,306,392,392,407,425,145,173,186,222,222,272,361,405,417,441,491,518,530,623,635,670,698,735,774,786,798,822,843,909,921,969,1000,736,763,763,763,763,763,279,313,313],"floor_reached":56,"language":"ENG","playtime":2915,"items_purged":["Strike_R","Strike_R","Strike_R","Strike_R","Strike_R","Defend_R","Cleave"],"score":2641,"play_id":"7be46bfa-8d4a-4ae0-8435-f68330f9807d","local_time":"20210212213833","is_ascension_mode":true,"campfire_choices":[{"floor":6.0,"key":"REST"},{"data":"Apotheosis","floor":8.0,"key":"SMITH"},{"data":"Bash","floor":15.0,"key":"SMITH"},{"data":"Feed","floor":28.0,"key":"SMITH"},{"data":"Uppercut","floor":32.0,"key":"SMITH"},{"data":"Fiend Fire","floor":40.0,"key":"SMITH"},{"data":"Shockwave","floor":44.0,"key":"SMITH"},{"floor":49.0,"key":"RECALL"},{"data":"Battle Trance","floor":52.0,"key":"SMITH"}],"circlet_count":0,"master_deck":["AscendersBane","Defend_R","Defend_R","Defend_R","Bash+1","Uppercut","Uppercut+1","Wild Strike","Twin Strike+1","Fiend Fire+1","Thunderclap","Twin Strike","Battle Trance+1","Inflame","Wild Strike","Apotheosis+1","Shrug It Off+1","Ghostly Armor","Dash","Wild Strike","Shrug It Off","Flame Barrier","Inflame","Impervious+1","Feed+1","Shrug It Off","Impervious+1","Shockwave+1","Corruption+1","Metallicize+1","Brutality+1","Inflame+1","Fire Breathing+1","Disarm","Demon Form+1","Dropkick+1","Panache+1","Inflame+1","Twin Strike+1"],"relics":["Burning Blood","EVO:Axolotl","Paper Frog","DollysMirror","Vajra","StrikeDummy","Membership Card","Orrery","Mummified Hand","Shuriken","OrangePellets","Omamori","Lantern","CeramicFish","Smiling Mask","Akabeko","Tiny Chest","Dream Catcher","Unceasing Top","Toy Ornithopter","Velvet Choker","HornCleat","Frozen Egg 2","Bloody Idol","MawBank","Lizard Tail","Ornamental Fan","SlaversCollar","Centennial Puzzle","Regal Pillow","Oddly Smooth Stone","War Paint","Mercury Hourglass","Bag of Preparation","Frozen Eye","Bronze Scales","Orichalcum","White Beast Statue"],"acts_visited":["Exordium","TheCity","TheBeyond","TheEnding"],"potions_floor_usage":[55],"damage_taken":[{"damage":0.0,"enemies":"Jaw Worm","floor":1.0,"turns":2.0},{"damage":0.0,"enemies":"Small Slimes","floor":2.0,"turns":1.0},{"damage":0.0,"enemies":"2 Louse","floor":5.0,"turns":1.0},{"damage":0.0,"enemies":"Lagavulin Event","floor":7.0,"turns":2.0},{"damage":0.0,"enemies":"3 Sentries","floor":10.0,"turns":3.0},{"damage":0.0,"enemies":"Looter","floor":12.0,"turns":1.0},{"damage":0.0,"enemies":"Gremlin Nob","floor":13.0,"turns":2.0},{"damage":13.0,"enemies":"The Guardian","floor":16.0,"turns":5.0},{"damage":0.0,"enemies":"Shell Parasite","floor":18.0,"turns":1.0},{"damage":0.0,"enemies":"2 Thieves","floor":19.0,"turns":2.0},{"damage":0.0,"enemies":"Cultist and Chosen","floor":21.0,"turns":3.0},{"damage":0.0,"enemies":"Sentry and Sphere","floor":22.0,"turns":8.0},{"damage":14.0,"enemies":"Book of Stabbing","floor":23.0,"turns":6.0},{"damage":6.0,"enemies":"Slavers","floor":27.0,"turns":6.0},{"damage":0.0,"enemies":"Centurion and Healer","floor":29.0,"turns":3.0},{"damage":12.0,"enemies":"Book of Stabbing","floor":30.0,"turns":5.0},{"damage":5.0,"enemies":"Snake Plant","floor":31.0,"turns":4.0},{"damage":40.0,"enemies":"Champ","floor":33.0,"turns":9.0},{"damage":2.0,"enemies":"Orb Walker","floor":35.0,"turns":3.0},{"damage":2.0,"enemies":"3 Darklings","floor":36.0,"turns":3.0},{"damage":4.0,"enemies":"Transient","floor":37.0,"turns":5.0},{"damage":2.0,"enemies":"Jaw Worm Horde","floor":38.0,"turns":3.0},{"damage":4.0,"enemies":"Spire Growth","floor":41.0,"turns":5.0},{"damage":19.0,"enemies":"Giant Head","floor":45.0,"turns":6.0},{"damage":2.0,"enemies":"3 Darklings","floor":46.0,"turns":3.0},{"damage":8.0,"enemies":"Nemesis","floor":48.0,"turns":5.0},{"damage":52.0,"enemies":"Awakened One","floor":50.0,"turns":8.0},{"damage":38.0,"enemies":"Shield and Spear","floor":54.0,"turns":5.0},{"damage":27,"enemies":"The Heart","floor":55,"turns":6}],"seed_played":"-566755595738217934","potions_obtained":[{"floor":1.0,"key":"Strength Potion"},{"floor":13.0,"key":"BloodPotion"},{"floor":18.0,"key":"Dexterity Potion"},{"floor":19.0,"key":"DuplicationPotion"},{"floor":29.0,"key":"DistilledChaos"},{"floor":54.0,"key":"FairyPotion"}],"is_trial":false,"path_per_floor":["M","M","?","$","M","R","?","R","T","E","?","M","E","?","R","B",null,"M","M","$","M","M","E","?","T","T","E","R","M","E","M","R","B",null,"M","M","M","M","?","R","M","?","T","R","E","M","$","E","R","B",null,"R","$","E","B",null],"character_chosen":"IRONCLAD","items_purchased":["Paper Frog","Uppercut","DollysMirror","Vajra","Wild Strike","StrikeDummy","Membership Card","Orrery","Twin Strike","Battle Trance","Mummified Hand","Inflame","Shuriken","Wild Strike","OrangePellets","Omamori","Apotheosis","Lantern","CeramicFish","Shrug It Off","Akabeko","BloodPotion","Shrug It Off","HornCleat","Fruit Juice","Impervious","Oddly Smooth Stone","War Paint","Panache+1","Bag of Preparation","Frozen Eye","Bronze Scales","Inflame+1","BloodPotion","Orichalcum"],"campfire_rested":1,"item_purchase_floors":[0,0,0,0,0,0,0,0,0,0,0,0,0,0,0,0,0,0,0,0,4,4,20,20,20,20,47,47,47,53,53,53,53,53,53],"current_hp_per_floor":[74,75,3,3,9,31,37,37,37,43,32,38,59,36,36,34,65,71,75,75,75,79,75,25,30,40,87,92,97,101,105,105,81,100,105,105,105,109,104,104,104,83,93,98,104,108,108,108,108,62,97,97,102,112,92],"gold":313,"neow_bonus":"","is_daily":false,"chose_seed":false,"campfire_upgraded":7,"win_rate":0.0,"timestamp":1613187513,"path_taken":["M","M","?","$","M","R","?","R","T","E","?","M","E","?","R","BOSS","M","M","$","M","M","E","?","?","T","E","R","?","E","M","R","BOSS","M","M","M","M","?","R","M","?","T","R","E","M","$","E","R","BOSS","R","$","E","BOSS"],"items_purchased_type":["Relic","Card","Relic","Relic","Card","Relic","Relic","Relic","Card","Card","Relic","Card","Relic","Card","Relic","Relic","Card","Relic","Relic","Card","Relic","Potion","Card","Relic","Potion","Card","Relic","Relic","Card","Relic","Relic","Relic","Card","Potion","Relic"],"build_version":"2020-12-22","purchased_purges":7,"victory":true,"max_hp_per_floor":[75,75,75,75,75,75,75,75,75,75,75,75,75,75,75,75,75,75,75,75,75,79,83,93,93,93,97,97,97,101,105,105,105,105,105,105,105,109,104,104,104,104,104,104,108,108,108,108,108,108,108,108,108,112,112],"relic_stats":{"Regal Pillow":0,"counters":[275,1061],"CeramicFish":216,"Bag of Preparation":[258],"War Paint":["Force Field","Genetic Algorithm","Shrug It Off","Impervious"],"Orichalcum":[36],"Smiling Mask":151,"MawBank":264,"Burning Blood":872,"Mercury Hourglass":[557],"OrangePellets":[31],"Dream Catcher":0,"Lizard Tail":0,"Centennial Puzzle":[69],"Mummified Hand":[102],"Shuriken":[27],"Ornamental Fan":[68],"Bloody Idol":112,"Bronze Scales":[611],"Tiny Chest":1,"obtain_stats":[{"Ginger":0,"Whetstone":0,"Bottled Tornado":25,"Boot":9,"Blood Vial":48,"Sundial":45,"MealTicket":9,"Kunai":53,"Pear":54,"Velvet Choker":17,"Eternal Feather":40,"Pen Nib":26,"Akabeko":38,"SlaversCollar":34,"Bird Faced Urn":26,"Snecko Eye":34,"Pandora\u0027s Box":17,"Mark of Pain":17,"StrikeDummy":48,"Unceasing Top":10,"Regal Pillow":24,"Lantern":31,"Torii":31,"Singing Bowl":0,"Magic Flower":12,"Bag of Preparation":40,"Cursed Key":17,"Smiling Mask":23,"Ancient Tea Set":41,"Burning Blood":0,"Matryoshka":23,"Toolbox":53,"Chemical X":31,"Paper Frog":0,"Potion Belt":20,"Lee\u0027s Waffle":53,"Golden Idol":5,"Self Forming Clay":31,"Thread and Needle":8,"The Courier":7,"PreservedInsect":9,"Omamori":0,"Frozen Egg 2":31,"MawBank":12,"Busted Crown":34,"Ornamental Fan":54,"Bloody Idol":24,"Orrery":53,"Turnip":44,"Art of War":40,"Champion Belt":0,"Bottled Lightning":10,"Toy Ornithopter":13,"Calipers":0,"Gremlin Horn":43,"CeramicFish":13,"Vajra":0,"EVO:Axolotl":0,"Centennial Puzzle":54,"Lizard Tail":38,"HornCleat":30,"DollysMirror":19,"Strawberry":11,"Prayer Wheel":42,"Philosopher\u0027s Stone":34,"Toxic Egg 2":0,"Girya":40,"Happy Flower":26,"Dead Branch":36,"Astrolabe":17,"Oddly Smooth Stone":10,"Charon\u0027s Ashes":0,"Letter Opener":54,"War Paint":24,"Question Card":0,"WarpedTongs":37,"OrangePellets":0,"Bottled Flame":0,"Shuriken":26,"Bronze Scales":47,"Molten Egg 2":9,"Pocketwatch":11,"Meat on the Bone":46,"Darkstone Periapt":27,"Incense Burner":48,"Juzu Bracelet":28,"ClockworkSouvenir":19,"Frozen Eye":53,"Dream Catcher":7,"Nunchaku":8,"TheAbacus":53,"Mummified Hand":0,"Gambling Chip":0,"Pantograph":25,"Tiny Chest":29,"Red Skull":44,"Runic Pyramid":17,"Orichalcum":44,"Medical Kit":0,"White Beast Statue":20,"Mercury Hourglass":12,"Calling Bell":34,"Cauldron":0,"Anchor":0,"CaptainsWheel":44,"Bag of Marbles":19,"Coffee Dripper":34,"Membership Card":48,"FossilizedHelix":24},{"Ginger":0,"Whetstone":28,"Bottled Tornado":70,"Boot":33,"Blood Vial":25,"Sundial":116,"MealTicket":186,"Kunai":26,"Pear":214,"Velvet Choker":254,"Eternal Feather":52,"Pen Nib":70,"Akabeko":112,"SlaversCollar":264,"Bird Faced Urn":12,"Snecko Eye":110,"Pandora\u0027s Box":129,"Mark of Pain":65,"StrikeDummy":147,"Unceasing Top":251,"Regal Pillow":12,"Lantern":137,"Torii":109,"Singing Bowl":119,"Magic Flower":95,"Bag of Preparation":22,"Cursed Key":36,"Smiling Mask":164,"Ancient Tea Set":239,"Burning Blood":0,"Matryoshka":102,"Toolbox":213,"Chemical X":233,"Paper Frog":246,"Potion Belt":131,"Lee\u0027s Waffle":26,"Golden Idol":59,"Self Forming Clay":201,"Thread and Needle":93,"The Courier":5,"PreservedInsect":5,"Omamori":28,"Frozen Egg 2":109,"MawBank":7,"Busted Crown":16,"Ornamental Fan":180,"Bloody Idol":259,"Orrery":26,"Turnip":210,"Art of War":175,"Champion Belt":87,"Bottled Lightning":187,"Toy Ornithopter":253,"Calipers":215,"Gremlin Horn":115,"CeramicFish":189,"Vajra":28,"EVO:Axolotl":0,"Centennial Puzzle":27,"Lizard Tail":237,"HornCleat":73,"DollysMirror":11,"Strawberry":156,"Prayer Wheel":115,"Philosopher\u0027s Stone":138,"Toxic Egg 2":181,"Girya":80,"Happy Flower":133,"Dead Branch":171,"Astrolabe":226,"Oddly Smooth Stone":155,"Charon\u0027s Ashes":215,"Letter Opener":86,"War Paint":42,"Question Card":87,"WarpedTongs":112,"OrangePellets":87,"Bottled Flame":55,"Shuriken":104,"Bronze Scales":177,"Molten Egg 2":60,"Pocketwatch":61,"Meat on the Bone":145,"Darkstone Periapt":71,"Incense Burner":84,"Juzu Bracelet":134,"ClockworkSouvenir":11,"Frozen Eye":273,"Dream Catcher":33,"Nunchaku":60,"TheAbacus":148,"Mummified Hand":119,"Gambling Chip":87,"Pantograph":133,"Tiny Chest":15,"Red Skull":23,"Runic Pyramid":10,"Orichalcum":54,"Medical Kit":55,"White Beast Statue":131,"Mercury Hourglass":35,"Calling Bell":169,"Cauldron":28,"Anchor":119,"CaptainsWheel":143,"Bag of Marbles":11,"Coffee Dripper":202,"Membership Card":84,"FossilizedHelix":132},{"Ginger":0,"Whetstone":155,"Bottled Tornado":307,"Boot":170,"Blood Vial":128,"Sundial":478,"MealTicket":789,"Kunai":136,"Pear":844,"Velvet Choker":962,"Eternal Feather":255,"Pen Nib":307,"Akabeko":471,"SlaversCollar":1009,"Bird Faced Urn":54,"Snecko Eye":465,"Pandora\u0027s Box":531,"Mark of Pain":291,"StrikeDummy":619,"Unceasing Top":954,"Regal Pillow":54,"Lantern":563,"Torii":457,"Singing Bowl":485,"Magic Flower":394,"Bag of Preparation":110,"Cursed Key":179,"Smiling Mask":692,"Ancient Tea Set":922,"Burning Blood":0,"Matryoshka":423,"Toolbox":841,"Chemical X":900,"Paper Frog":945,"Potion Belt":535,"Lee\u0027s Waffle":136,"Golden Idol":274,"Self Forming Clay":822,"Thread and Needle":385,"The Courier":19,"PreservedInsect":19,"Omamori":155,"Frozen Egg 2":457,"MawBank":26,"Busted Crown":79,"Ornamental Fan":770,"Bloody Idol":982,"Orrery":136,"Turnip":837,"Art of War":745,"Champion Belt":361,"Bottled Lightning":791,"Toy Ornithopter":957,"Calipers":848,"Gremlin Horn":477,"CeramicFish":795,"Vajra":155,"EVO:Axolotl":0,"Centennial Puzzle":145,"Lizard Tail":918,"HornCleat":317,"DollysMirror":48,"Strawberry":655,"Prayer Wheel":477,"Philosopher\u0027s Stone":573,"Toxic Egg 2":776,"Girya":336,"Happy Flower":543,"Dead Branch":731,"Astrolabe":876,"Oddly Smooth Stone":651,"Charon\u0027s Ashes":848,"Letter Opener":356,"War Paint":204,"Question Card":361,"WarpedTongs":471,"OrangePellets":361,"Bottled Flame":268,"Shuriken":436,"Bronze Scales":757,"Molten Egg 2":279,"Pocketwatch":281,"Meat on the Bone":609,"Darkstone Periapt":311,"Incense Burner":348,"Juzu Bracelet":547,"ClockworkSouvenir":48,"Frozen Eye":1050,"Dream Catcher":170,"Nunchaku":279,"TheAbacus":629,"Mummified Hand":485,"Gambling Chip":361,"Pantograph":543,"Tiny Chest":71,"Red Skull":117,"Runic Pyramid":41,"Orichalcum":264,"Medical Kit":268,"White Beast Statue":535,"Mercury Hourglass":175,"Calling Bell":722,"Cauldron":155,"Anchor":485,"CaptainsWheel":599,"Bag of Marbles":48,"Coffee Dripper":824,"Membership Card":348,"FossilizedHelix":539}],"Unceasing Top":[15],"Toy Ornithopter":21},"card_choices":[{"not_picked":["True Grit","Perfected Strike"],"picked":"Twin Strike","floor":0.0},{"not_picked":["Havoc","Sentinel"],"picked":"Fiend Fire","floor":0.0},{"not_picked":["Anger","Pommel Strike"],"picked":"Thunderclap","floor":0.0},{"not_picked":["Clash","Heavy Blade"],"picked":"Ghostly Armor","floor":1.0},{"not_picked":["Flex","Warcry"],"picked":"Cleave","floor":2.0},{"not_picked":["Armaments","Headbutt"],"picked":"Wild Strike","floor":5.0},{"not_picked":["Dropkick","Seeing Red"],"picked":"Shrug It Off","floor":7.0},{"not_picked":["Battle Trance","Feel No Pain"],"picked":"Flame Barrier","floor":10.0},{"not_picked":["Whirlwind","Warcry"],"picked":"Inflame","floor":12.0},{"not_picked":["True Grit","Whirlwind"],"picked":"Impervious","floor":13.0},{"not_picked":["Berserk","Offering"],"picked":"Feed","floor":16.0},{"not_picked":["Sentinel","Heavy Blade","True Grit"],"picked":"SKIP","floor":18.0},{"not_picked":["Entrench","Wild Strike","Iron Wave"],"picked":"SKIP","floor":19.0},{"not_picked":["Clash","Thunderclap"],"picked":"Shockwave","floor":21.0},{"not_picked":["Heavy Blade","Disarm","Fire Breathing"],"picked":"SKIP","floor":22.0},{"not_picked":["Thunderclap","Whirlwind"],"picked":"Corruption+1","floor":23.0},{"not_picked":["Havoc","Pommel Strike","Blood for Blood"],"picked":"SKIP","floor":27.0},{"not_picked":["Heavy Blade","Sword Boomerang","Bloodletting"],"picked":"SKIP","floor":29.0},{"not_picked":["Flex","Rampage"],"picked":"Metallicize+1","floor":30.0},{"not_picked":["Ghostly Armor","Havoc","Rupture+1"],"picked":"SKIP","floor":31.0},{"not_picked":["Fiend Fire","Feed"],"picked":"Brutality+1","floor":33.0},{"not_picked":["Havoc+1","Combust+1"],"picked":"Inflame+1","floor":35.0},{"not_picked":["Havoc","Clash","Thunderclap"],"picked":"SKIP","floor":36.0},{"not_picked":["Shrug It Off+1","Hemokinesis"],"picked":"Fire Breathing+1","floor":37.0},{"not_picked":["Bloodletting","Dark Embrace+1"],"picked":"Disarm","floor":38.0},{"not_picked":["Shrug It Off","Fiend Fire","Entrench"],"picked":"SKIP","floor":41.0},{"not_picked":["Battle Trance","Burning Pact"],"picked":"Dropkick+1","floor":45.0},{"not_picked":["Sword Boomerang","Twin Strike","Heavy Blade"],"picked":"SKIP","floor":46.0},{"not_picked":["Iron Wave","Body Slam","Fiend Fire"],"picked":"SKIP","floor":48.0},{"not_picked":["Pummel+1","Battle Trance"],"picked":"Twin Strike+1","floor":54.0}],"player_experience":413504,"relics_obtained":[{"floor":9.0,"key":"Dream Catcher"},{"floor":10.0,"key":"Unceasing Top"},{"floor":13.0,"key":"Toy Ornithopter"},{"floor":23.0,"key":"Frozen Egg 2"},{"floor":25.0,"key":"MawBank"},{"floor":27.0,"key":"Lizard Tail"},{"floor":30.0,"key":"Ornamental Fan"},{"floor":43.0,"key":"Centennial Puzzle"},{"floor":45.0,"key":"Regal Pillow"},{"floor":48.0,"key":"Mercury Hourglass"},{"floor":54.0,"key":"White Beast Statue"}],"event_choices":[{"damage_healed":0.0,"max_hp_gain":0.0,"max_hp_loss":0.0,"gold_gain":1.0,"event_name":"betterThird:BetterScrap","player_choice":"Card Relic ","floor":3.0,"gold_loss":0.0,"damage_taken":72.0,"cards_obtained":["Dash","Amplify"]},{"damage_healed":0.0,"max_hp_gain":0.0,"max_hp_loss":0.0,"gold_gain":0.0,"event_name":"Dead Adventurer","player_choice":"Searched \u00273\u0027 times","floor":7.0,"gold_loss":0.0,"damage_taken":0.0,"relics_obtained":["Tiny Chest"]},{"damage_healed":0.0,"max_hp_gain":0.0,"max_hp_loss":0.0,"gold_gain":75.0,"event_name":"betterThird:BetterGoop","player_choice":"Gold","floor":11.0,"gold_loss":0.0,"damage_taken":11.0},{"damage_healed":59.0,"max_hp_gain":0.0,"max_hp_loss":75.0,"gold_gain":0.0,"event_name":"betterThird:BetterShining","player_choice":"Upgrade","floor":14.0,"gold_loss":1.0,"damage_taken":23.0,"cards_upgraded":["Twin Strike","Impervious"]},{"damage_healed":0.0,"max_hp_gain":75.0,"max_hp_loss":25.0,"gold_gain":0.0,"event_name":"betterAltar:BetterAltar","player_choice":" Idol Potion ","floor":24.0,"potions_obtained":["betterAltar:AltarPotion"],"relics_lost":[],"gold_loss":0.0,"damage_taken":70.0,"relics_obtained":["Bloody Idol"]},{"damage_healed":0.0,"max_hp_gain":0.0,"max_hp_loss":5.0,"gold_gain":0.0,"event_name":"Winding Halls","player_choice":"Max HP","floor":39.0,"gold_loss":0.0,"damage_taken":0.0},{"damage_healed":0.0,"max_hp_gain":0.0,"max_hp_loss":26.0,"gold_gain":3.0,"event_name":"betterStone:BetterStone","player_choice":"2","floor":42.0,"gold_loss":0.0,"damage_taken":0.0}],"is_beta":false,"boss_relics":[{"not_picked":["Runic Dome","Empty Cage"],"picked":"Velvet Choker"},{"not_picked":["Tiny House","Fusion Hammer"],"picked":"SlaversCollar"}],"items_purged_floors":[0,0,0,0,4,47,53],"is_endless":false,"potions_floor_spawned":[1,7,13,18,19,29,31,33,35,41,54],"ascension_level":15}}