{"host":"3fuwgqa6zowkodik","time":1613233047,"event":{"mods":["AchievementEnabler","BaseMod","Better Altar","Better Match","Better Note","Better Sensory Stone","Better Skull","Better Third Choice","Colored Map","Colored Powertips","Downfall","Minty Spire (QoL Compilation)","Random Character Button","Rare Cards Sparkle","Relic Stats","Replay The Spire","StSLib"],"gold_per_floor":[109,125,125,125,138,138,163,178,223,242,242,242,242,274,274,26,26,125,125,137,137,11,26,45,45,45],"floor_reached":25,"language":"ENG","playtime":1572,"items_purged":["betterMatch:CurseCard"],"score":252,"play_id":"e0c90fcf-e205-499a-8626-b85503e04f55","local_time":"20210213171727","is_ascension_mode":true,"campfire_choices":[{"data":"Double Energy","floor":6,"key":"SMITH"},{"data":"ReplayTheSpireMod:Calculation Training","floor":15,"key":"SMITH"},{"data":"Mayhem","floor":17,"key":"SMITH"}],"circlet_count":0,"master_deck":["Strike_B","Strike_B","Strike_B","Strike_B","Defend_B","Defend_B","Defend_B","Defend_B","Zap","Dualcast","Cold Snap","Double Energy+1","SandsOfTime","BootSequence","Redo","ReplayTheSpireMod:Calculation Training+1","Melter","Hyperbeam","Mayhem+1","Mirror Shield","betterMatch:CurseCard","CurseOfTheBell","Cold Snap+1","Defragment","Sweeping Beam"],"relics":["Cracked Core","NeowsBlessing","Art of War","ReplayTheSpireMod:Lightbulb","Mirror","Bag of Marbles","Spirit Poop","The Courier","HandDrill","Replay:Ancient Bell","Replay:Rubber Ducky","Ornamental Fan","Replay:Arrowhead","Solar Panel"],"acts_visited":["Exordium","TheCity"],"potions_floor_usage":[7,14,24],"damage_taken":[{"damage":0,"enemies":"Cultist","floor":1,"turns":1},{"damage":0,"enemies":"2 Louse","floor":2,"turns":1},{"damage":0,"enemies":"Jaw Worm","floor":5,"turns":1},{"damage":6,"enemies":"3 Sentries","floor":7,"turns":5},{"damage":2,"enemies":"3 Louse","floor":8,"turns":3},{"damage":2,"enemies":"Exordium Thugs","floor":10,"turns":4},{"damage":9,"enemies":"Replay:BlueRogue","floor":14,"turns":5},{"damage":13,"enemies":"Slime Boss","floor":18,"turns":10},{"damage":0,"enemies":"Chosen","floor":20,"turns":5},{"damage":1,"enemies":"Shell Parasite","floor":23,"turns":3},{"damage":9,"enemies":"3 Cultists","floor":24,"turns":4},{"damage":81,"enemies":"Gremlin Leader","floor":25,"turns":8}],"seed_played":"9193224916436244823","potions_obtained":[{"floor":5,"key":"LiquidMemories"},{"floor":8,"key":"Strength Potion"},{"floor":14,"key":"SmokeBomb"},{"floor":23,"key":"PotionOfCapacity"}],"is_trial":false,"path_per_floor":["M","M","?","?","M","R","E","M","T","M","PTL","PTL","?","E","R","$","R","B",null,"M","?","$","M","M","E"],"character_chosen":"DEFECT","items_purchased":["Mayhem","HandDrill","Defragment"],"campfire_rested":0,"item_purchase_floors":[16,16,22],"current_hp_per_floor":[75,75,58,58,58,58,52,50,50,48,48,48,48,39,39,39,39,26,75,75,75,75,75,68,0,0],"gold":45,"neow_bonus":"THREE_ENEMY_KILL","is_daily":false,"chose_seed":false,"campfire_upgraded":3,"win_rate":0.0,"timestamp":1613233047,"path_taken":["M","?","?","?","M","R","E","M","T","M","PTL","PTL","?","E","R","$","R","BOSS","M","?","$","?","?","E"],"items_purchased_type":["Card","Relic","Card"],"build_version":"2020-12-22","purchased_purges":1,"victory":false,"max_hp_per_floor":[75,75,75,75,75,75,75,75,75,75,75,75,75,75,75,75,75,75,75,75,75,75,75,75,75,75],"relic_stats":{"counters":[12,50],"Ornamental Fan":[20],"Art of War":[6],"HandDrill":[12],"obtain_stats":[{"Solar Panel":21,"NeowsBlessing":0,"Spirit Poop":13,"The Courier":14,"Replay:Ancient Bell":19,"Replay:Arrowhead":19,"Replay:Rubber Ducky":19,"Ornamental Fan":19,"Art of War":3,"Bag of Marbles":9,"HandDrill":16,"Cracked Core":0,"ReplayTheSpireMod:Lightbulb":4,"Mirror":7},{"Solar Panel":9,"NeowsBlessing":0,"Spirit Poop":6,"The Courier":7,"Replay:Ancient Bell":8,"Replay:Arrowhead":8,"Replay:Rubber Ducky":8,"Ornamental Fan":8,"Art of War":2,"Bag of Marbles":5,"HandDrill":7,"Cracked Core":0,"ReplayTheSpireMod:Lightbulb":2,"Mirror":4},{"Solar Panel":35,"NeowsBlessing":0,"Spirit Poop":15,"The Courier":20,"Replay:Ancient Bell":30,"Replay:Arrowhead":30,"Replay:Rubber Ducky":30,"Ornamental Fan":30,"Art of War":2,"Bag of Marbles":11,"HandDrill":20,"Cracked Core":0,"ReplayTheSpireMod:Lightbulb":2,"Mirror":8}]},"card_choices":[{"not_picked":["Beam Cell","Hello World"],"picked":"Cold Snap","floor":1},{"not_picked":["Ball Lightning","Streamline"],"picked":"Double Energy","floor":2},{"not_picked":["Heatsinks","Conserve Battery"],"picked":"BootSequence","floor":5},{"not_picked":["Turbo","Force Field"],"picked":"Redo","floor":7},{"not_picked":["ReplaySolidLightProjector","BasicCrystalCard"],"picked":"ReplayTheSpireMod:Calculation Training","floor":8},{"not_picked":["Blizzard","Stack"],"picked":"Melter","floor":10},{"not_picked":["Undo","Beam Cell"],"picked":"Hyperbeam","floor":14},{"not_picked":["Hyperbeam","Thunder Strike"],"picked":"Mirror Shield","floor":18},{"not_picked":["Injury","downfall:Icky"],"picked":"betterMatch:CurseCard","floor":19},{"not_picked":["Doubt","downfall:Malfunctioning"],"picked":"betterMatch:CurseCard","floor":19},{"not_picked":["Languid","Pain"],"picked":"CurseOfTheBell","floor":19},{"not_picked":["BootSequence","Gash"],"picked":"Cold Snap+1","floor":20},{"not_picked":["Steam","Skim","Streamline"],"picked":"SKIP","floor":23},{"not_picked":["Panic Button","Gash+1"],"picked":"Sweeping Beam","floor":24}],"player_experience":154021,"relics_obtained":[{"floor":7,"key":"Mirror"},{"floor":9,"key":"Bag of Marbles"},{"floor":14,"key":"The Courier"}],"event_choices":[{"damage_healed":0,"gold_gain":0,"player_choice":"Box","damage_taken":0,"relics_obtained":["ReplayTheSpireMod:Lightbulb"],"max_hp_gain":0,"max_hp_loss":0,"event_name":"Big Fish","floor":4,"gold_loss":0,"cards_obtained":["Regret"]},{"cards_removed":["Regret"],"damage_healed":0,"gold_gain":0,"player_choice":"Offered Curse","damage_taken":0,"relics_obtained":["Spirit Poop"],"max_hp_gain":0,"max_hp_loss":0,"event_name":"Bonfire Elementals","floor":13,"gold_loss":0},{"damage_healed":0,"gold_gain":0,"player_choice":"Opened","damage_taken":0,"relics_obtained":["Solar Panel"],"max_hp_gain":0,"max_hp_loss":0,"event_name":"The Mausoleum","floor":21,"gold_loss":0}],"is_beta":false,"boss_relics":[{"not_picked":["Astrolabe","FrozenCore"],"picked":"Replay:Ancient Bell"},{"not_picked":["Bag of Preparation","Juzu Bracelet"],"picked":"Replay:Rubber Ducky"},{"not_picked":["Molten Egg 2","Toxic Egg 2"],"picked":"Ornamental Fan"},{"not_picked":["Replay:Kaleidoscope","CaptainsWheel"],"picked":"Replay:Arrowhead"}],"items_purged_floors":[22],"is_endless":false,"potions_floor_spawned":[5,8,14,23],"killed_by":"Gremlin Leader","ascension_level":4}}