{"host":"xc18ixkpjvqrt8st","time":1613175948,"event":{"mods":["Act Like it!","BaseMod","Better Match","Better Third Choice","Conspire","Downfall","Hallownest","Hermit","Minty Spire (QoL Compilation)","Reliquary","Robot Space Explorer","Shop Mod","Spicy Shops","Spire Arcade","StSLib","The Animator","The Edgeheg","The Jungle","The Sage"],"gold_per_floor":[124,140,159,174,204,204,204],"floor_reached":6,"language":"ENG","playtime":300,"items_purged":[],"score":44,"play_id":"20799dac-eb16-4cf1-ab6f-2c2b5684e18a","local_time":"20210212182548","is_ascension_mode":true,"campfire_choices":[],"circlet_count":0,"master_deck":["animator:Strike_Overlord","animator:Defend_Overlord","animator:Strike","animator:Strike","animator:Strike","animator:Defend","animator:Defend","animator:Defend","animator:Cocytus","animator:Demiurge","animator:Cirno","animator:DolaSchwi","animator:Cocytus","animator:Lancer","animator:Shiro","animator:Chung"],"relics":["animator:LivingPicture","animator:TheMissingPiece"],"acts_visited":["Exordium"],"potions_floor_usage":[6],"damage_taken":[{"damage":0,"enemies":"Cultist","floor":1,"turns":4},{"damage":5,"enemies":"Jaw Worm","floor":2,"turns":5},{"damage":5,"enemies":"2 Louse","floor":3,"turns":3},{"damage":12,"enemies":"Red Slaver","floor":4,"turns":4},{"damage":39,"enemies":"Exordium Thugs","floor":5,"turns":5},{"damage":8,"enemies":"3 Sentries","floor":6,"turns":2}],"seed_played":"2613404452616211625","potions_obtained":[{"floor":5,"key":"SkillPotion"}],"is_trial":false,"path_per_floor":["M","M","M","M","M","E"],"character_chosen":"THE_ANIMATOR","items_purchased":[],"campfire_rested":0,"item_purchase_floors":[],"current_hp_per_floor":[66,61,56,45,6,0,0],"gold":204,"neow_bonus":"RANDOM_COLORLESS","is_daily":false,"chose_seed":false,"campfire_upgraded":0,"win_rate":0.0,"timestamp":1613175948,"path_taken":["M","M","M","?","M","E"],"items_purchased_type":[],"build_version":"2020-12-22","purchased_purges":0,"victory":false,"max_hp_per_floor":[66,66,66,67,67,67,67],"card_choices":[{"not_picked":["animator:QuestionMark","animator:Kuroyukihime"],"picked":"animator:Cirno","floor":0},{"not_picked":["animator:Genos","animator:DolaRiku"],"picked":"animator:DolaSchwi","floor":1},{"not_picked":["animator:LizardPriest","animator:DolaStephanie"],"picked":"animator:Cocytus","floor":2},{"not_picked":["animator:Demiurge","animator:Melzalgald"],"picked":"animator:Lancer","floor":3},{"not_picked":["animator:DolaStephanie","animator:ChlammyZell"],"picked":"animator:Shiro","floor":4},{"not_picked":["animator:Evileye","animator:AcuraTooru"],"picked":"animator:Chung","floor":5}],"player_experience":712029,"relics_obtained":[],"event_choices":[],"is_beta":false,"boss_relics":[],"items_purged_floors":[],"is_endless":false,"potions_floor_spawned":[5],"killed_by":"3 Sentries","ascension_level":2}}