{"host":"8a72fthmlk1o8pdb","time":1613176770,"event":{"mods":["AchievementEnabler","Aspiration","Astrologer","Bard","BaseMod","Beaked The Cultist","Better Sensory Stone","Better Skull","Better Third Choice","ChefMod","Colored Map","Colored Powertips","Dark Map","Downfall","Friendly Minions","GifTheSpireLib","Googly Eyes","Gremlin Mod","Hermit","Hubris","JesterMod","Jorbs\u0027s Wanderer Trilogy","Marisa????????","Minty Spire (QoL Compilation)","Permanent Neow","Random Character Button","Rare Cards Sparkle","Relic Stats","Reliquary","Robot Space Explorer","Shade Mod","Shop Mod","Somnambulant","StSLib","The Animator","The Blue Laboratory","The Construct","The Cursed","The Disciple","The Hayseed","The Hierophant","The Jungle","The Marked","The Mystic","The Necromancer","The Poker Player","The Problem Sleuth","The Runesmith","thorton"],"gold_per_floor":[116,130,130,140,155,190,190],"floor_reached":6,"language":"ENG","playtime":284,"items_purged":[],"score":48,"play_id":"66e8e1e1-da89-4117-8192-7f2f353be612","local_time":"20210212163930","is_ascension_mode":false,"campfire_choices":[],"circlet_count":0,"master_deck":["Strike_P","Strike_P","Strike_P","Strike_P","Defend_P","Defend_P","Defend_P","Defend_P","Eruption","Vigilance","Impatience","WreathOfFlame","FearNoEvil"],"relics":["PureWater","Bird Faced Urn"],"acts_visited":["Exordium"],"potions_floor_usage":[],"damage_taken":[{"damage":0,"enemies":"Small Slimes","floor":1,"turns":2},{"damage":0,"enemies":"Jaw Worm","floor":2,"turns":4},{"damage":0,"enemies":"Cultist","floor":4,"turns":3},{"damage":5,"enemies":"Looter","floor":5,"turns":4},{"damage":47,"enemies":"Lagavulin","floor":6,"turns":8}],"seed_played":"7269779123157552691","potions_obtained":[{"floor":4,"key":"blueLaboratory:MidnightOil"},{"floor":6,"key":"FearPotion"}],"is_trial":false,"path_per_floor":["M","M","?","M","M","E"],"character_chosen":"WATCHER","items_purchased":[],"campfire_rested":0,"item_purchase_floors":[],"current_hp_per_floor":[72,72,72,72,67,20,20],"gold":190,"neow_bonus":"RANDOM_COLORLESS","is_daily":false,"chose_seed":false,"campfire_upgraded":0,"win_rate":0.0,"timestamp":1613176770,"path_taken":["M","M","?","M","M","E"],"items_purchased_type":[],"build_version":"2020-12-22","purchased_purges":0,"victory":false,"max_hp_per_floor":[72,72,72,72,72,72,72],"relic_stats":{"counters":[5,21],"Bird Faced Urn":[0],"obtain_stats":[{"Bird Faced Urn":6,"PureWater":0},{"Bird Faced Urn":5,"PureWater":0},{"Bird Faced Urn":21,"PureWater":0}]},"card_choices":[{"not_picked":["Finesse","Discovery"],"picked":"Impatience","floor":0},{"not_picked":["EmptyFist","ReachHeaven"],"picked":"WreathOfFlame","floor":1},{"not_picked":["Weave","JustLucky","Adaptation"],"picked":"SKIP","floor":2},{"not_picked":["LikeWater","WaveOfTheHand"],"picked":"FearNoEvil","floor":4},{"not_picked":["Protect","CrushJoints","Collect"],"picked":"SKIP","floor":5},{"not_picked":["DevaForm","Crescendo","ThirdEye"],"picked":"SKIP","floor":6}],"player_experience":192950,"relics_obtained":[{"floor":6,"key":"Bird Faced Urn"}],"event_choices":[{"damage_healed":0,"gold_gain":0,"player_choice":"Leave","damage_taken":0,"max_hp_gain":0,"max_hp_loss":0,"event_name":"The Cleric","floor":3,"gold_loss":0}],"is_beta":false,"boss_relics":[],"items_purged_floors":[],"is_endless":false,"potions_floor_spawned":[4,6],"killed_by":"Lagavulin","ascension_level":0}}