{"host":"37ccm3d17clopct7","time":1613196237,"event":{"mods":["BaseMod","GungeonMod","Hermit","Lobotomy","Minty Spire (QoL Compilation)","StSLib","The Bug Knight","The Cursed","The Hierophant","The Jungle","The Runesmith"],"gold_per_floor":[218,230,12,12,36,77,77,115,115,115,139,180,180,193,193,324,324,264,264],"floor_reached":18,"language":"KOR","playtime":814,"items_purged":[],"score":180,"play_id":"4350a2b3-f9b6-485b-9353-39290866813e","local_time":"20210213150357","is_ascension_mode":false,"campfire_choices":[{"floor":7,"key":"REST"},{"floor":10,"key":"REST"},{"floor":15,"key":"REST"}],"circlet_count":0,"master_deck":["Runesmith:Strike_RS","Runesmith:Strike_RS","Runesmith:Strike_RS","Runesmith:Strike_RS","Runesmith:Defend_RS","Runesmith:Defend_RS","Runesmith:Defend_RS","Runesmith:Defend_RS","Runesmith:CraftFirestone","Runesmith:Fortify","Runesmith:CraftIncendium","Runesmith:CraftObretio","Runesmith:Firestorm+1","Runesmith:CraftMagma","Runesmith:EarthShield","Runesmith:ChiselStab","Runesmith:RuneHurl","Runesmith:GrandSlam"],"relics":["Runesmith:BrokenRuby","Tiny Chest","Golden Idol","Lantern","Runesmith:EmergencyProvisions","Ornamental Fan"],"acts_visited":["Exordium","TheCity"],"potions_floor_usage":[12,12],"damage_taken":[{"damage":0,"enemies":"Cultist","floor":1,"turns":4},{"damage":1,"enemies":"Jaw Worm","floor":2,"turns":4},{"damage":0,"enemies":"Small Slimes","floor":5,"turns":4},{"damage":41,"enemies":"3 Sentries","floor":6,"turns":9},{"damage":2,"enemies":"HollowMod:MossKnight","floor":8,"turns":8},{"damage":10,"enemies":"Looter","floor":11,"turns":4},{"damage":18,"enemies":"Gremlin Nob","floor":12,"turns":5},{"damage":7,"enemies":"Exordium Wildlife","floor":14,"turns":4},{"damage":24,"enemies":"The Guardian","floor":16,"turns":12},{"damage":22,"enemies":"2 Thieves","floor":18,"turns":3}],"seed_played":"-1561870416050266276","potions_obtained":[{"floor":1,"key":"Weak Potion"},{"floor":6,"key":"Fire Potion"},{"floor":11,"key":"Dexterity Potion"},{"floor":12,"key":"LiquidMemories"},{"floor":14,"key":"LiquidBronze"}],"is_trial":false,"path_per_floor":["M","M","$","?","M","E","R","E","T","R","M","E","?","M","R","B",null,"M"],"character_chosen":"RUNESMITH_CLASS","items_purchased":["Tiny Chest","Runesmith:Firestorm"],"campfire_rested":3,"item_purchase_floors":[3,3],"current_hp_per_floor":[70,69,69,52,52,11,32,30,30,51,41,23,23,16,37,13,70,48,48],"gold":264,"neow_bonus":"HUNDRED_GOLD","is_daily":false,"chose_seed":false,"campfire_upgraded":0,"win_rate":0.0,"timestamp":1613196237,"path_taken":["M","M","?","?","M","E","R","E","T","R","M","E","?","?","R","BOSS","M"],"items_purchased_type":["Relic","Card"],"build_version":"2020-12-22","purchased_purges":0,"victory":false,"max_hp_per_floor":[70,70,70,70,70,70,70,70,70,70,70,70,70,70,70,70,70,70,70],"card_choices":[{"not_picked":["Runesmith:Overpower","Runesmith:BackupBattery"],"picked":"Runesmith:CraftIncendium","floor":1},{"not_picked":["Runesmith:OneForEveryone","Runesmith:Superposition"],"picked":"Runesmith:CraftObretio","floor":2},{"not_picked":["Runesmith:Augment","Runesmith:Superposition","Runesmith:HammerAndChisel"],"picked":"SKIP","floor":5},{"not_picked":["Runesmith:Malloc","Runesmith:PerfectChisel"],"picked":"Runesmith:CraftMagma","floor":6},{"not_picked":["Runesmith:CraftPrismatica","Runesmith:Superposition","Runesmith:HammerTime"],"picked":"SKIP","floor":8},{"not_picked":["Runesmith:Overpower","Runesmith:HeatedChisel"],"picked":"Runesmith:EarthShield","floor":11},{"not_picked":["Runesmith:GoWithTheFlow","Runesmith:LightningRod"],"picked":"Runesmith:ChiselStab","floor":12},{"not_picked":["Runesmith:ShiftingStrike","Runesmith:ElementalConversion"],"picked":"Runesmith:RuneHurl","floor":14},{"not_picked":["Runesmith:DuctTape","Runesmith:GenerateForcefield"],"picked":"Runesmith:GrandSlam","floor":16}],"player_experience":189427,"relics_obtained":[{"floor":6,"key":"Lantern"},{"floor":8,"key":"Runesmith:EmergencyProvisions"},{"floor":12,"key":"Ornamental Fan"}],"event_choices":[{"damage_healed":0,"gold_gain":0,"player_choice":"Take Damage","damage_taken":17,"relics_obtained":["Golden Idol"],"max_hp_gain":0,"max_hp_loss":0,"event_name":"Golden Idol","floor":4,"gold_loss":0},{"damage_healed":0,"gold_gain":0,"player_choice":"Forge","damage_taken":0,"max_hp_gain":0,"max_hp_loss":0,"event_name":"Accursed Blacksmith","floor":13,"gold_loss":0,"cards_upgraded":["Runesmith:Firestorm"]}],"is_beta":false,"boss_relics":[{"not_picked":["Snecko Eye","Cursed Key","Runesmith:PocketReactor"]}],"items_purged_floors":[],"is_endless":false,"potions_floor_spawned":[1,6,11,12,14],"killed_by":"2 Thieves","ascension_level":0}}