{"host":"6ggzka4dag2kvku2","time":1613207921,"event":{"mods":["AchievementEnabler","BaseMod","DeckTracker","Minty Spire (QoL Compilation)","Permanent Neow","SuperFastMode"],"gold_per_floor":[113,124,99,112,112,112,162,192,215,215,228,270,293,345,345,345,345],"floor_reached":16,"language":"KOR","playtime":489,"items_purged":[],"score":140,"play_id":"1f42b3bd-6d91-49b3-b7b1-ebd82dcbe431","local_time":"20210213181841","is_ascension_mode":true,"campfire_choices":[{"data":"True Grit","floor":6,"key":"SMITH"},{"data":"Spot Weakness","floor":10,"key":"SMITH"},{"data":"Evolve","floor":15,"key":"SMITH"}],"circlet_count":0,"master_deck":["Strike_R","Strike_R","Strike_R","Strike_R","Strike_R","Defend_R","Defend_R","Defend_R","Defend_R","Bash","Cleave","Hemokinesis","True Grit+1","Pommel Strike","Spot Weakness+1","Exhume","Evolve+1","Shrug It Off"],"relics":["Burning Blood","FossilizedHelix","Golden Idol","CeramicFish","Anchor","Happy Flower","Incense Burner"],"acts_visited":["Exordium"],"potions_floor_usage":[7,12,14,16],"damage_taken":[{"damage":0,"enemies":"Small Slimes","floor":1,"turns":3},{"damage":0,"enemies":"2 Louse","floor":2,"turns":2},{"damage":4,"enemies":"Jaw Worm","floor":4,"turns":3},{"damage":16,"enemies":"Gremlin Nob","floor":7,"turns":3},{"damage":7,"enemies":"3 Louse","floor":8,"turns":4},{"damage":0,"enemies":"Blue Slaver","floor":11,"turns":2},{"damage":3,"enemies":"3 Sentries","floor":12,"turns":5},{"damage":2,"enemies":"Gremlin Gang","floor":13,"turns":3},{"damage":24,"enemies":"Gremlin Nob","floor":14,"turns":5},{"damage":34,"enemies":"The Guardian","floor":16,"turns":10}],"seed_played":"-2728033310016241802","potions_obtained":[{"floor":2,"key":"SteroidPotion"},{"floor":7,"key":"Weak Potion"},{"floor":8,"key":"Swift Potion"},{"floor":14,"key":"Swift Potion"}],"is_trial":false,"path_per_floor":["M","M","$","M","?","R","E","M","T","R","M","E","M","E","R","B"],"character_chosen":"IRONCLAD","items_purchased":["True Grit"],"campfire_rested":0,"item_purchase_floors":[3],"current_hp_per_floor":[62,68,68,70,50,50,40,39,39,39,45,48,52,34,34,0,0],"gold":345,"neow_bonus":"ONE_RARE_RELIC","is_daily":false,"chose_seed":false,"campfire_upgraded":3,"win_rate":0.0,"timestamp":1613207921,"path_taken":["M","M","$","M","?","R","E","M","T","R","M","E","M","E","R","BOSS"],"items_purchased_type":["Card"],"build_version":"2020-12-22","purchased_purges":0,"victory":false,"max_hp_per_floor":[80,80,80,80,80,80,80,80,80,80,80,80,80,80,80,80,80],"card_choices":[{"not_picked":["Sever Soul","Rage"],"picked":"Cleave","floor":1},{"not_picked":["Body Slam","Sword Boomerang"],"picked":"Hemokinesis","floor":2},{"not_picked":["True Grit","Havoc","Reckless Charge"],"picked":"SKIP","floor":4},{"not_picked":["Wild Strike","True Grit"],"picked":"Pommel Strike","floor":7},{"not_picked":["Shockwave","Body Slam"],"picked":"Spot Weakness","floor":8},{"not_picked":["Metallicize","Second Wind","Clash"],"picked":"SKIP","floor":11},{"not_picked":["Cleave","Clash"],"picked":"Exhume","floor":12},{"not_picked":["True Grit","Uppercut"],"picked":"Evolve","floor":13},{"not_picked":["Pommel Strike","Iron Wave"],"picked":"Shrug It Off","floor":14}],"player_experience":293174,"relics_obtained":[{"floor":7,"key":"CeramicFish"},{"floor":9,"key":"Anchor"},{"floor":12,"key":"Happy Flower"},{"floor":14,"key":"Incense Burner"}],"event_choices":[{"damage_healed":0,"gold_gain":0,"player_choice":"Take Damage","damage_taken":20,"relics_obtained":["Golden Idol"],"max_hp_gain":0,"max_hp_loss":0,"event_name":"Golden Idol","floor":5,"gold_loss":0}],"is_beta":false,"boss_relics":[],"items_purged_floors":[],"is_endless":false,"potions_floor_spawned":[2,7,8,14],"killed_by":"The Guardian","ascension_level":3}}