{"host":"2rbn7ywmirq5y689","time":1613234790,"event":{"mods":["BaseMod","Bestiary","Colored Map","Colored Powertips","Highlight Path","Minty Spire (QoL Compilation)","Rare Cards Sparkle","Relic Stats","StSLib"],"gold_per_floor":[113,46,60,72,72,72,89,108,133,133,233,82,102,136,136,237,237,253,178,195,195,195],"floor_reached":21,"language":"ENG","playtime":994,"items_purged":["Strike_R"],"score":217,"play_id":"cc38bf66-dabe-4dad-b007-a112bbd4c151","local_time":"20210214004630","is_ascension_mode":true,"campfire_choices":[{"data":"Bash","floor":6,"key":"SMITH"},{"data":"Armaments","floor":15,"key":"SMITH"}],"circlet_count":0,"master_deck":["Strike_R","Strike_R","Strike_R","Defend_R","Defend_R","Defend_R","Defend_R","Bash+1","Wild Strike","Cleave","Armaments+1","Inflame","Inflame","Feed","Heavy Blade","Fiend Fire","Reckless Charge","Shrug It Off"],"relics":["Burning Blood","NeowsBlessing","Tiny Chest","Nunchaku","PreservedInsect","Philosopher\u0027s Stone"],"acts_visited":["Exordium","TheCity"],"potions_floor_usage":[14,14,20],"damage_taken":[{"damage":0,"enemies":"Small Slimes","floor":1,"turns":1},{"damage":0,"enemies":"Cultist","floor":3,"turns":1},{"damage":0,"enemies":"2 Louse","floor":4,"turns":1},{"damage":0,"enemies":"Gremlin Gang","floor":7,"turns":3},{"damage":9,"enemies":"Large Slime","floor":8,"turns":6},{"damage":7,"enemies":"2 Fungi Beasts","floor":13,"turns":3},{"damage":10,"enemies":"3 Sentries","floor":14,"turns":5},{"damage":38,"enemies":"Slime Boss","floor":16,"turns":5},{"damage":28,"enemies":"Shell Parasite","floor":18,"turns":5},{"damage":64,"enemies":"3 Byrds","floor":20,"turns":5},{"damage":24,"enemies":"Snake Plant","floor":21,"turns":3}],"seed_played":"8313010514287259505","potions_obtained":[{"floor":4,"key":"LiquidBronze"},{"floor":5,"key":"AttackPotion"},{"floor":5,"key":"Dexterity Potion"},{"floor":8,"key":"PowerPotion"},{"floor":14,"key":"Regen Potion"},{"floor":20,"key":"CultistPotion"}],"is_trial":false,"path_per_floor":["M","?","M","M","?","R","M","M","T","T","?","$","M","E","R","B",null,"M","?","M","M"],"character_chosen":"IRONCLAD","items_purchased":["Inflame"],"campfire_rested":0,"item_purchase_floors":[12],"current_hp_per_floor":[80,80,80,80,80,80,80,77,77,77,77,77,76,76,76,44,84,62,62,21,0,0],"gold":195,"neow_bonus":"THREE_ENEMY_KILL","is_daily":false,"chose_seed":false,"campfire_upgraded":2,"win_rate":0.0,"timestamp":1613234790,"path_taken":["M","?","?","M","?","R","?","M","T","?","?","$","?","E","R","BOSS","M","?","M","M"],"items_purchased_type":["Card"],"build_version":"2020-12-22","purchased_purges":1,"victory":false,"max_hp_per_floor":[80,80,80,80,80,80,80,80,80,80,80,80,80,84,84,84,84,84,84,87,87,87],"relic_stats":{"Nunchaku":[4],"counters":[11,38],"Tiny Chest":1,"PreservedInsect":0,"obtain_stats":[{"Nunchaku":10,"NeowsBlessing":0,"Tiny Chest":2,"Philosopher\u0027s Stone":17,"PreservedInsect":14,"Burning Blood":0},{"Nunchaku":5,"NeowsBlessing":0,"Tiny Chest":1,"Philosopher\u0027s Stone":8,"PreservedInsect":7,"Burning Blood":0},{"Nunchaku":12,"NeowsBlessing":0,"Tiny Chest":1,"Philosopher\u0027s Stone":25,"PreservedInsect":20,"Burning Blood":0}],"Burning Blood":36},"card_choices":[{"not_picked":["Dark Embrace","Clash"],"picked":"Wild Strike","floor":1},{"not_picked":["Clash","Flex"],"picked":"Cleave","floor":3},{"not_picked":["Clothesline","Headbutt","Cleave"],"picked":"SKIP","floor":4},{"not_picked":["Combust","Body Slam"],"picked":"Armaments","floor":7},{"not_picked":["Thunderclap","True Grit"],"picked":"Inflame","floor":8},{"not_picked":["True Grit","Headbutt"],"picked":"Feed","floor":13},{"not_picked":["Feed","Clothesline"],"picked":"Heavy Blade","floor":14},{"not_picked":["Double Tap","Brutality"],"picked":"Fiend Fire","floor":16},{"not_picked":["Dual Wield","Rupture"],"picked":"Reckless Charge","floor":18},{"not_picked":["Heavy Blade","Body Slam"],"picked":"Shrug It Off","floor":20}],"player_experience":236577,"relics_obtained":[{"floor":10,"key":"Nunchaku"},{"floor":14,"key":"PreservedInsect"}],"event_choices":[{"damage_healed":0,"gold_gain":0,"player_choice":"Paid Gold","damage_taken":0,"relics_obtained":["Tiny Chest"],"max_hp_gain":0,"max_hp_loss":0,"event_name":"WeMeetAgain","floor":2,"gold_loss":67},{"damage_healed":0,"gold_gain":0,"player_choice":"Got Potions","damage_taken":0,"max_hp_gain":0,"max_hp_loss":0,"event_name":"Lab","floor":5,"gold_loss":0},{"damage_healed":0,"gold_gain":100,"player_choice":"Pray","damage_taken":0,"max_hp_gain":0,"max_hp_loss":0,"event_name":"Golden Shrine","floor":11,"gold_loss":0},{"cards_removed":["Strike_R"],"damage_healed":0,"gold_gain":0,"player_choice":"Gave Gold","damage_taken":0,"max_hp_gain":0,"max_hp_loss":0,"event_name":"Beggar","floor":19,"gold_loss":75}],"is_beta":false,"boss_relics":[{"not_picked":["Runic Pyramid","Ectoplasm"],"picked":"Philosopher\u0027s Stone"}],"items_purged_floors":[12],"is_endless":false,"potions_floor_spawned":[4,8,14,20],"killed_by":"Snake Plant","ascension_level":4}}