{"host":"yx5rao87132cy5xq","time":1613174506,"event":{"mods":["2.2 Compatiblity","AchievementEnabler","BaseMod","Bestiary","Colored Map","Colored Powertips","Minty Spire (QoL Compilation)","Quick Restart","Relic Stats","Slay-I","SuperFastMode"],"gold_per_floor":[112,130,149,162,162,194,43,43,43,43,70,81,99,99,99,173,173,192,192,192,192],"floor_reached":20,"language":"ENG","playtime":2336,"items_purged":[],"score":350,"play_id":"a5459adf-d269-4787-9d88-0ff98572f31b","local_time":"20210213010146","is_ascension_mode":true,"campfire_choices":[{"floor":8,"key":"REST"},{"data":"Shockwave","floor":15,"key":"SMITH"}],"circlet_count":0,"master_deck":["AscendersBane","Strike_R","Strike_R","Strike_R","Defend_R","Defend_R","Defend_R","Defend_R","Bash","Battle Trance+1","Clothesline","Spot Weakness","Power Through","Pummel+1","Fiend Fire+1","Uppercut+1","Shrug It Off","Shockwave+1","Immolate+1","Combust"],"relics":["Burning Blood","Molten Egg 2","Letter Opener","Pear","Runic Cube"],"acts_visited":["Exordium","TheCity"],"potions_floor_usage":[16],"damage_taken":[{"damage":2,"enemies":"Cultist","floor":1,"turns":4},{"damage":2,"enemies":"2 Louse","floor":2,"turns":4},{"damage":2,"enemies":"Small Slimes","floor":3,"turns":4},{"damage":17,"enemies":"Looter","floor":4,"turns":3},{"damage":55,"enemies":"Gremlin Nob","floor":6,"turns":5},{"damage":20,"enemies":"3 Sentries","floor":11,"turns":9},{"damage":29,"enemies":"Lots of Slimes","floor":12,"turns":5},{"damage":9,"enemies":"Blue Slaver","floor":13,"turns":2},{"damage":19,"enemies":"Slime Boss","floor":16,"turns":11},{"damage":25,"enemies":"2 Thieves","floor":18,"turns":3},{"damage":65,"enemies":"Chosen","floor":20,"turns":6}],"seed_played":"9119588458354917691","potions_obtained":[{"floor":1,"key":"GamblersBrew"},{"floor":11,"key":"Dexterity Potion"}],"is_trial":false,"path_per_floor":["M","M","M","M","?","E","$","R","T","?","E","M","M","?","R","B",null,"M","?","M"],"character_chosen":"IRONCLAD","items_purchased":["Fiend Fire+1"],"campfire_rested":1,"item_purchase_floors":[7],"current_hp_per_floor":[79,82,82,71,71,22,22,46,46,46,42,19,16,46,46,33,77,58,58,0,0],"gold":192,"neow_bonus":"TEN_PERCENT_HP_BONUS","is_daily":false,"chose_seed":false,"campfire_upgraded":1,"win_rate":0.0,"timestamp":1613174506,"path_taken":["M","M","M","?","?","E","$","R","T","?","E","M","?","?","R","BOSS","M","?","?"],"items_purchased_type":["Card"],"build_version":"2020-12-22","purchased_purges":0,"victory":false,"max_hp_per_floor":[82,82,82,82,82,82,82,82,82,82,92,92,92,92,92,92,92,92,92,92,92],"relic_stats":{"counters":[11,56],"Letter Opener":[0],"obtain_stats":[{"Pear":11,"Molten Egg 2":6,"Letter Opener":9,"Burning Blood":0,"Runic Cube":17},{"Pear":6,"Molten Egg 2":5,"Letter Opener":5,"Burning Blood":0,"Runic Cube":9},{"Pear":29,"Molten Egg 2":20,"Letter Opener":20,"Burning Blood":0,"Runic Cube":47}],"Burning Blood":55,"Runic Cube":[9]},"card_choices":[{"not_picked":["Ghostly Armor","Headbutt"],"picked":"Battle Trance","floor":1},{"not_picked":["Headbutt","Pommel Strike"],"picked":"Clothesline","floor":2},{"not_picked":["Thunderclap","Feel No Pain"],"picked":"Spot Weakness","floor":3},{"not_picked":["Sword Boomerang","Berserk"],"picked":"Power Through","floor":4},{"not_picked":["Rupture","Heavy Blade+1"],"picked":"Pummel+1","floor":6},{"not_picked":["Power Through","Clothesline+1"],"picked":"Uppercut+1","floor":11},{"not_picked":["Havoc","Warcry"],"picked":"Shrug It Off","floor":12},{"not_picked":["Pommel Strike+1","Headbutt+1"],"picked":"Shockwave","floor":13},{"not_picked":["Demon Form","Feed+1"],"picked":"Immolate+1","floor":16},{"not_picked":["Headbutt+1","Thunderclap+1"],"picked":"Combust","floor":18}],"player_experience":1014679,"relics_obtained":[{"floor":6,"key":"Molten Egg 2"},{"floor":9,"key":"Letter Opener"},{"floor":11,"key":"Pear"}],"event_choices":[{"damage_healed":0,"gold_gain":0,"player_choice":"Grow","damage_taken":0,"max_hp_gain":0,"max_hp_loss":0,"event_name":"Living Wall","floor":5,"gold_loss":0,"cards_upgraded":["Battle Trance"]},{"cards_removed":["Strike_R"],"damage_healed":0,"gold_gain":0,"player_choice":"Offered Basic","damage_taken":0,"max_hp_gain":0,"max_hp_loss":0,"event_name":"Bonfire Elementals","floor":10,"gold_loss":0},{"damage_healed":30,"gold_gain":0,"player_choice":"Banana","damage_taken":0,"max_hp_gain":0,"max_hp_loss":0,"event_name":"Big Fish","floor":14,"gold_loss":0},{"cards_removed":["Strike_R"],"damage_healed":0,"gold_gain":0,"player_choice":"Purged","damage_taken":0,"max_hp_gain":0,"max_hp_loss":0,"event_name":"Purifier","floor":19,"gold_loss":0}],"is_beta":false,"boss_relics":[{"not_picked":["Runic Dome","Mark of Pain"],"picked":"Runic Cube"}],"items_purged_floors":[],"is_endless":false,"potions_floor_spawned":[1,11],"killed_by":"Chosen","ascension_level":18}}