{"host":"b6kqr6ulwax9qd8q","time":1613189100,"event":{"mods":["BaseMod","Minty Spire (QoL Compilation)"],"gold_per_floor":[112,124,100,111,131,131,145,176,202,202,217,245,245,255,255,359,359,370,387,399,412,432,432,457,457,538,538,568,220,252,263,263,367,367,387,402,402,91,111,144,162,0,26,26,44,76,93,93,93,93],"floor_reached":51,"language":"ENG","playtime":4250,"items_purged":["Pain","Eruption"],"score":821,"play_id":"d093aba8-c108-4723-8896-77099a17eb17","local_time":"20210212230500","is_ascension_mode":true,"campfire_choices":[{"data":"Eruption","floor":6,"key":"SMITH"},{"data":"TalkToTheHand","floor":10,"key":"SMITH"},{"data":"Ragnarok","floor":15,"key":"SMITH"},{"floor":23,"key":"REST"},{"floor":25,"key":"REST"},{"floor":32,"key":"REST"},{"floor":44,"key":"REST"},{"floor":49,"key":"REST"}],"circlet_count":0,"master_deck":["Strike_P+1","Strike_P+1","Strike_P+1","Strike_P","Defend_P","Defend_P","Defend_P+1","Eruption+1","Vigilance","ClearTheMind","Tantrum","FollowUp","FlurryOfBlows+1","LikeWater","TalkToTheHand+1","BowlingBash+1","Ragnarok+1","FearNoEvil","LessonLearned+1","FollowUp","CutThroughFate+1","JustLucky+1","EmptyFist+1","Wallop","Swivel","TalkToTheHand+1","EmptyBody","CutThroughFate+1","Devotion","Crescendo","Bandage Up","MentalFortress","BattleHymn","TalkToTheHand+1","Parasite","CrushJoints","CrushJoints+1","WheelKick"],"relics":["Sozu","WingedGreaves","Akabeko","Potion Belt","WarpedTongs","Fusion Hammer","Blood Vial","Pantograph","Bag of Marbles","Whetstone","Blue Candle","Membership Card","Bronze Scales","Dream Catcher","Red Mask","Vajra","Toy Ornithopter"],"acts_visited":["Exordium","TheCity","TheBeyond"],"potions_floor_usage":[],"damage_taken":[{"damage":2,"enemies":"Jaw Worm","floor":1,"turns":5},{"damage":0,"enemies":"Cultist","floor":2,"turns":2},{"damage":0,"enemies":"2 Louse","floor":4,"turns":2},{"damage":23,"enemies":"Lots of Slimes","floor":5,"turns":5},{"damage":2,"enemies":"Blue Slaver","floor":7,"turns":2},{"damage":8,"enemies":"Lagavulin","floor":8,"turns":6},{"damage":0,"enemies":"2 Fungi Beasts","floor":11,"turns":2},{"damage":3,"enemies":"3 Sentries","floor":12,"turns":4},{"damage":4,"enemies":"Looter","floor":14,"turns":2},{"damage":11,"enemies":"The Guardian","floor":16,"turns":8},{"damage":4,"enemies":"Shell Parasite","floor":18,"turns":3},{"damage":1,"enemies":"3 Byrds","floor":19,"turns":3},{"damage":5,"enemies":"Centurion and Healer","floor":20,"turns":5},{"damage":10,"enemies":"Snecko","floor":21,"turns":4},{"damage":0,"enemies":"Sentry and Sphere","floor":22,"turns":1},{"damage":18,"enemies":"Book of Stabbing","floor":24,"turns":3},{"damage":23,"enemies":"Slavers","floor":28,"turns":3},{"damage":0,"enemies":"Book of Stabbing","floor":30,"turns":6},{"damage":0,"enemies":"3 Cultists","floor":31,"turns":2},{"damage":32,"enemies":"Champ","floor":33,"turns":9},{"damage":0,"enemies":"Orb Walker","floor":35,"turns":3},{"damage":0,"enemies":"3 Shapes","floor":36,"turns":4},{"damage":22,"enemies":"Maw","floor":39,"turns":5},{"damage":33,"enemies":"Nemesis","floor":40,"turns":5},{"damage":12,"enemies":"Writhing Mass","floor":41,"turns":6},{"damage":0,"enemies":"Jaw Worm Horde","floor":45,"turns":3},{"damage":8,"enemies":"Giant Head","floor":46,"turns":6},{"damage":0,"enemies":"Transient","floor":47,"turns":5},{"damage":51,"enemies":"Donu and Deca","floor":50,"turns":8}],"seed_played":"907696758904654187","potions_obtained":[],"is_trial":false,"path_per_floor":["M","M","$","M","M","R","M","E","T","R","M","E","?","M","R","B",null,"M","M","M","M","M","R","E","R","T","$","E","$","E","M","R","B",null,"M","M","?","$","M","E","M","?","T","R","M","E","M","?","R","B",null],"character_chosen":"WATCHER","items_purchased":["FollowUp","TalkToTheHand","Whetstone","EmptyBody","Membership Card","Bronze Scales","MentalFortress"],"campfire_rested":5,"item_purchase_floors":[3,29,29,29,38,38,38],"current_hp_per_floor":[70,70,70,70,47,47,45,37,37,37,37,34,34,30,30,19,72,68,67,62,52,52,72,54,72,72,72,49,49,51,53,72,40,72,72,72,72,72,50,23,17,17,17,38,46,40,46,46,67,25],"gold":93,"neow_bonus":"BOSS_RELIC","is_daily":false,"chose_seed":false,"campfire_upgraded":3,"win_rate":0.0,"timestamp":1613189100,"path_taken":["M","M","$","M","M","R","M","E","T","R","M","E","?","M","R","BOSS","M","M","M","M","M","R","E","R","T","$","E","$","E","M","R","BOSS","M","?","?","$","M","E","?","?","T","R","M","E","M","?","R","BOSS"],"items_purchased_type":["Card","Card","Relic","Card","Relic","Relic","Card"],"build_version":"2020-12-22","purchased_purges":2,"victory":true,"max_hp_per_floor":[72,72,72,72,72,72,72,72,72,72,72,72,72,72,72,72,72,72,72,72,72,72,72,72,72,72,72,72,72,72,72,72,72,72,72,72,72,72,72,72,72,72,72,72,72,72,72,72,72,72],"card_choices":[{"not_picked":["Prostrate","Protect"],"picked":"ClearTheMind","floor":1},{"not_picked":["EmptyFist","BowlingBash"],"picked":"Tantrum","floor":2},{"not_picked":["Nirvana","FlyingSleeves"],"picked":"FlurryOfBlows","floor":4},{"not_picked":["Protect","ThirdEye"],"picked":"LikeWater","floor":5},{"not_picked":["ThirdEye","ClearTheMind","Prostrate"],"picked":"SKIP","floor":7},{"not_picked":["WreathOfFlame","EmptyMind"],"picked":"TalkToTheHand","floor":8},{"not_picked":["Protect","Meditate"],"picked":"BowlingBash","floor":11},{"not_picked":["Meditate","Sanctity"],"picked":"Ragnarok","floor":12},{"not_picked":["Prostrate","SignatureMove"],"picked":"FearNoEvil","floor":14},{"not_picked":["DevaForm","Ragnarok"],"picked":"LessonLearned","floor":16},{"not_picked":["Conclude+1","Protect"],"picked":"FollowUp","floor":18},{"not_picked":["FearNoEvil+1","Collect"],"picked":"CutThroughFate+1","floor":19},{"not_picked":["Consecrate","Prostrate+1"],"picked":"JustLucky+1","floor":20},{"not_picked":["Fasting2+1","EmptyBody"],"picked":"EmptyFist+1","floor":21},{"not_picked":["ThirdEye","BowlingBash","SignatureMove+1"],"picked":"SKIP","floor":22},{"not_picked":["Protect","Brilliance"],"picked":"Wallop","floor":24},{"not_picked":["JustLucky+1","FollowUp+1"],"picked":"Swivel","floor":28},{"not_picked":["Ragnarok","Halt"],"picked":"CutThroughFate+1","floor":30},{"not_picked":["CutThroughFate","Protect","Consecrate"],"picked":"SKIP","floor":31},{"not_picked":["DeusExMachina","Omniscience"],"picked":"Devotion","floor":33},{"not_picked":["CarveReality","CutThroughFate+1"],"picked":"Crescendo","floor":35},{"not_picked":["BowlingBash+1","Protect","JustLucky+1"],"picked":"SKIP","floor":36},{"not_picked":["Crescendo+1","JustLucky"],"picked":"BattleHymn","floor":39},{"not_picked":["Study+1","JustLucky"],"picked":"TalkToTheHand+1","floor":40},{"not_picked":["ClearTheMind+1","FlurryOfBlows"],"picked":"CrushJoints","floor":41},{"not_picked":["Wallop+1","WindmillStrike","EmptyFist"],"picked":"SKIP","floor":45},{"not_picked":["Study+1","Crescendo"],"picked":"CrushJoints+1","floor":46},{"not_picked":["Crescendo","BowlingBash","JustLucky+1"],"picked":"SKIP","floor":47},{"not_picked":["FollowUp+1","PathToVictory+1"],"picked":"WheelKick","floor":49}],"player_experience":578694,"relics_obtained":[{"floor":8,"key":"WingedGreaves"},{"floor":9,"key":"Akabeko"},{"floor":12,"key":"Potion Belt"},{"floor":24,"key":"Blood Vial"},{"floor":26,"key":"Pantograph"},{"floor":28,"key":"Bag of Marbles"},{"floor":30,"key":"Blue Candle"},{"floor":40,"key":"Dream Catcher"},{"floor":43,"key":"Vajra"},{"floor":46,"key":"Toy Ornithopter"}],"event_choices":[{"damage_healed":0,"gold_gain":0,"player_choice":"Rummage","damage_taken":0,"relics_obtained":["WarpedTongs"],"max_hp_gain":0,"max_hp_loss":0,"event_name":"Accursed Blacksmith","floor":13,"gold_loss":0,"cards_obtained":["Pain"]},{"damage_healed":0,"gold_gain":0,"player_choice":"2 cards matched","damage_taken":0,"max_hp_gain":0,"max_hp_loss":0,"event_name":"Match and Keep!","floor":37,"gold_loss":0,"cards_obtained":["Eruption","Bandage Up"]},{"damage_healed":0,"gold_gain":0,"player_choice":"Paid","damage_taken":0,"relics_obtained":["Red Mask"],"max_hp_gain":0,"max_hp_loss":0,"event_name":"Tomb of Lord Red Mask","floor":42,"gold_loss":162},{"cards_removed":["Defend_P"],"damage_healed":0,"gold_gain":0,"player_choice":"Removed Skill","damage_taken":0,"max_hp_gain":0,"max_hp_loss":0,"event_name":"Falling","floor":48,"gold_loss":0}],"is_beta":false,"boss_relics":[{"not_picked":["Pandora\u0027s Box","VioletLotus"],"picked":"Fusion Hammer"},{"not_picked":["Velvet Choker","Runic Dome","Snecko Eye"]}],"items_purged_floors":[29,38],"is_endless":false,"potions_floor_spawned":[1,7,12,14,16,18,19,24,33,35,39,41,46],"ascension_level":1}}