{"host":"pqs17sqrgflf4eqa","time":1613225276,"event":{"mods":["AchievementEnabler","BaseMod","Bestiary","Better Altar","Better Match","Better Skull","Block Reminder","Bossed Relics","Colored Map","Colored Powertips","Curses Come First","Dark Map","DeckTracker","Defective Defect","Displayed Cursed Tome","Emptier Cage","Googly Eyes","Highlight Path","Minty Spire (QoL Compilation)","Quick Restart","Slay-I","StSLib","SuperFastMode","Synergy Search","Thieving Mod","Transform Curses","everything is the same but u backflip on backflip","slay the spire mod where everything is the same but ironclad has a cowboy hat"],"gold_per_floor":[118,118,2,15,35,66,66,66,66],"floor_reached":8,"language":"ENG","playtime":193,"items_purged":[],"score":73,"play_id":"da07f354-af87-42b4-b9af-d952dcc975d7","local_time":"20210213090756","is_ascension_mode":true,"campfire_choices":[{"data":"Eruption","floor":7,"key":"SMITH"}],"circlet_count":0,"master_deck":["Strike_P","Strike_P","Strike_P","Strike_P","Defend_P","Defend_P","Defend_P","Defend_P","Eruption+1","Vigilance","Blasphemy","EmptyFist","Fasting2","Vengeance","DeceiveReality","BattleHymn"],"relics":["PureWater","Du-Vu Doll"],"acts_visited":["Exordium"],"potions_floor_usage":[4,6],"damage_taken":[{"damage":0,"enemies":"Small Slimes","floor":1,"turns":1},{"damage":0,"enemies":"Cultist","floor":4,"turns":2},{"damage":16,"enemies":"Jaw Worm","floor":5,"turns":3},{"damage":43,"enemies":"3 Sentries","floor":6,"turns":8},{"damage":26,"enemies":"Gremlin Nob","floor":8,"turns":3}],"seed_played":"-2114078516787155819","potions_obtained":[{"floor":1,"key":"BlessingOfTheForge"},{"floor":5,"key":"SmokeBomb"}],"is_trial":false,"path_per_floor":["M","?","$","M","M","E","R","E"],"character_chosen":"WATCHER","items_purchased":["Fasting2","AttackPotion"],"campfire_rested":0,"item_purchase_floors":[3,3],"current_hp_per_floor":[65,65,65,65,49,6,6,0,0],"gold":66,"neow_bonus":"THREE_RARE_CARDS","is_daily":false,"chose_seed":false,"campfire_upgraded":1,"win_rate":0.0,"timestamp":1613225276,"path_taken":["M","?","$","M","M","E","R","E"],"items_purchased_type":["Card","Potion"],"build_version":"2020-12-22","purchased_purges":0,"victory":false,"max_hp_per_floor":[72,72,72,72,72,72,72,72,72],"card_choices":[{"not_picked":["Omniscience","Scrawl"],"picked":"Blasphemy","floor":0},{"not_picked":["BowlingBash","WreathOfFlame"],"picked":"EmptyFist","floor":1},{"not_picked":["CutThroughFate","FlurryOfBlows"],"picked":"Vengeance","floor":4},{"not_picked":["FlyingSleeves","EmptyFist"],"picked":"DeceiveReality","floor":5},{"not_picked":["WreathOfFlame","Weave"],"picked":"BattleHymn","floor":6}],"player_experience":202064,"relics_obtained":[{"floor":6,"key":"Du-Vu Doll"}],"event_choices":[{"cards_removed":["Shame"],"damage_healed":0,"gold_gain":0,"player_choice":"Removed Curses","damage_taken":0,"max_hp_gain":0,"max_hp_loss":0,"event_name":"Fountain of Cleansing","floor":2,"gold_loss":0}],"is_beta":false,"boss_relics":[],"items_purged_floors":[],"is_endless":false,"potions_floor_spawned":[1,5],"killed_by":"Gremlin Nob","ascension_level":6}}