{"host":"sc0o2qwpf9j16a4i","time":1613210037,"event":{"mods":["AchievementEnabler","BaseMod","BetterRewards","Block Reminder","Colored Map","Colored Powertips","Custom Start","Highlight Path","Minty Spire (QoL Compilation)","Relic Stats"],"gold_per_floor":[113,172,189,202,50,85,85,120,145,179,191,191,191,201,201,306,306,318,333,346,346,398,398,427,427,453,484,501,501,137,168,168,271,271,285,304,76,86,86,86,116,116,116,116,116,142,152,179,179,179],"floor_reached":51,"language":"ENG","playtime":2570,"items_purged":[],"score":1211,"play_id":"05289e07-5595-4620-acfe-752fd8860069","local_time":"20210213115357","daily_mods":["Shiny","Uncertain Future","Elite Swarm"],"is_ascension_mode":false,"campfire_choices":[{"data":"Offering","floor":12,"key":"SMITH"},{"data":"Limit Break","floor":15,"key":"SMITH"},{"data":"Feed","floor":23,"key":"SMITH"},{"data":"Barricade","floor":25,"key":"SMITH"},{"data":"Power Through","floor":32,"key":"SMITH"},{"data":"True Grit","floor":40,"key":"SMITH"},{"data":"Rupture","floor":42,"key":"SMITH"},{"data":"Dual Wield","floor":49,"key":"SMITH"}],"circlet_count":0,"master_deck":["Double Tap","Demon Form","Bludgeon+1","Feed+1","Limit Break+1","Corruption","Barricade+1","Fiend Fire","Berserk","Impervious","Juggernaut","Brutality","Reaper","Exhume","Offering+1","Immolate","Disarm","Clothesline","Inflame","Pommel Strike+1","Power Through+1","Body Slam+1","Evolve","Flame Barrier","Shrug It Off","Rupture+1","Warcry+1","True Grit+1","Dual Wield+1"],"relics":["Burning Blood","Sling","Tiny Chest","Nunchaku","Ancient Tea Set","Bottled Tornado","Sozu","Centennial Puzzle","Magic Flower","Anchor","Juzu Bracelet","Bag of Preparation","CaptainsWheel","Snecko Eye","Lantern","Incense Burner","Kunai","Eternal Feather","Du-Vu Doll","Prayer Wheel"],"acts_visited":["Exordium","TheCity","TheBeyond"],"potions_floor_usage":[11,19,20,50],"damage_taken":[{"damage":0,"enemies":"2 Louse","floor":1,"turns":1},{"damage":6,"enemies":"Small Slimes","floor":3,"turns":2},{"damage":6,"enemies":"Cultist","floor":4,"turns":2},{"damage":6,"enemies":"Gremlin Nob","floor":6,"turns":4},{"damage":18,"enemies":"3 Sentries","floor":8,"turns":4},{"damage":13,"enemies":"Gremlin Nob","floor":10,"turns":4},{"damage":12,"enemies":"Exordium Wildlife","floor":11,"turns":2},{"damage":14,"enemies":"Looter","floor":14,"turns":2},{"damage":45,"enemies":"Slime Boss","floor":16,"turns":9},{"damage":42,"enemies":"Spheric Guardian","floor":18,"turns":6},{"damage":16,"enemies":"2 Thieves","floor":19,"turns":2},{"damage":41,"enemies":"Cultist and Chosen","floor":20,"turns":8},{"damage":6,"enemies":"Book of Stabbing","floor":24,"turns":5},{"damage":15,"enemies":"Slavers","floor":27,"turns":6},{"damage":35,"enemies":"3 Cultists","floor":28,"turns":5},{"damage":54,"enemies":"Gremlin Leader","floor":31,"turns":9},{"damage":12,"enemies":"Automaton","floor":33,"turns":8},{"damage":27,"enemies":"3 Darklings","floor":35,"turns":7},{"damage":6,"enemies":"Orb Walker","floor":36,"turns":5},{"damage":9,"enemies":"Writhing Mass","floor":38,"turns":4},{"damage":10,"enemies":"Giant Head","floor":41,"turns":9},{"damage":10,"enemies":"Nemesis","floor":46,"turns":5},{"damage":20,"enemies":"Spire Growth","floor":47,"turns":4},{"damage":6,"enemies":"Reptomancer","floor":48,"turns":7},{"damage":12,"enemies":"Donu and Deca","floor":50,"turns":8}],"seed_played":"-4263098293512130835","potions_obtained":[{"floor":1,"key":"LiquidBronze"},{"floor":3,"key":"BlessingOfTheForge"},{"floor":6,"key":"Fruit Juice"},{"floor":11,"key":"LiquidMemories"}],"is_trial":true,"path_per_floor":["M","?","M","M","$","E","?","E","T","E","M","R","?","M","R","B",null,"M","M","M","?","T","R","E","R","T","E","M","?","$","E","R","B",null,"M","M","$","M","?","R","E","R","T","?","T","E","M","E","R","B",null],"character_chosen":"IRONCLAD","items_purchased":["Sling","Bag of Preparation","Flame Barrier","Shrug It Off","Rupture","Dual Wield","Lantern"],"campfire_rested":0,"item_purchase_floors":[5,30,30,30,30,37,37],"current_hp_per_floor":[80,80,83,86,86,86,86,77,77,73,75,75,75,70,70,52,106,73,69,41,41,41,41,51,51,51,81,103,103,103,81,81,84,150,132,141,141,147,147,147,154,154,154,144,144,158,153,166,166,166],"gold":179,"neow_bonus":"","is_daily":false,"chose_seed":false,"campfire_upgraded":8,"win_rate":0.0,"timestamp":1613210037,"path_taken":["M","?","M","M","$","E","?","E","T","E","M","R","?","M","R","BOSS","M","M","M","?","?","R","E","R","T","E","M","?","$","E","R","BOSS","M","M","$","M","?","R","E","R","T","?","?","E","M","E","R","BOSS"],"items_purchased_type":["Relic","Relic","Card","Card","Card","Card","Relic"],"build_version":"2020-12-22","purchased_purges":0,"victory":true,"max_hp_per_floor":[80,80,83,86,86,86,86,89,89,92,100,100,100,103,103,106,106,109,115,122,122,122,122,126,126,126,134,142,142,142,146,146,150,150,150,154,154,158,150,150,154,154,154,154,154,158,162,166,166,166],"relic_stats":{"counters":[25,128],"Magic Flower":[72],"Eternal Feather":0,"Juzu Bracelet":0,"Bag of Preparation":[20],"Burning Blood":136,"Sozu":5,"Nunchaku":[12],"Centennial Puzzle":[36],"Snecko Eye":[96,124,116,108],"Tiny Chest":2,"Prayer Wheel":0,"Kunai":[2],"obtain_stats":[{"Lantern":37,"Magic Flower":24,"Eternal Feather":45,"Juzu Bracelet":27,"Bag of Preparation":30,"Incense Burner":41,"Bottled Tornado":10,"Sling":5,"Ancient Tea Set":9,"Burning Blood":0,"Sozu":17,"Du-Vu Doll":46,"Nunchaku":8,"Centennial Puzzle":22,"Anchor":26,"CaptainsWheel":31,"Snecko Eye":34,"Tiny Chest":6,"Prayer Wheel":48,"Kunai":43},{"Lantern":19,"Magic Flower":13,"Eternal Feather":21,"Juzu Bracelet":14,"Bag of Preparation":15,"Incense Burner":21,"Bottled Tornado":6,"Sling":3,"Ancient Tea Set":5,"Burning Blood":0,"Sozu":9,"Du-Vu Doll":22,"Nunchaku":5,"Centennial Puzzle":12,"Anchor":13,"CaptainsWheel":16,"Snecko Eye":17,"Tiny Chest":4,"Prayer Wheel":24,"Kunai":21},{"Lantern":91,"Magic Flower":51,"Eternal Feather":104,"Juzu Bracelet":57,"Bag of Preparation":62,"Incense Burner":104,"Bottled Tornado":17,"Sling":5,"Ancient Tea Set":13,"Burning Blood":0,"Sozu":30,"Du-Vu Doll":109,"Nunchaku":13,"Centennial Puzzle":46,"Anchor":51,"CaptainsWheel":71,"Snecko Eye":79,"Tiny Chest":9,"Prayer Wheel":120,"Kunai":104}]},"card_choices":[{"not_picked":["Perfected Strike","Wild Strike"],"picked":"Disarm","floor":1},{"not_picked":["Entrench","Twin Strike"],"picked":"Clothesline","floor":3},{"not_picked":["Perfected Strike","Anger"],"picked":"Inflame","floor":4},{"not_picked":["Corruption","Reaper","Juggernaut"],"picked":"SKIP","floor":6},{"not_picked":["Demon Form","Juggernaut","Fiend Fire"],"picked":"SKIP","floor":8},{"not_picked":["Limit Break","Barricade","Bludgeon"],"picked":"SKIP","floor":10},{"not_picked":["Warcry","Fire Breathing","Pummel"],"picked":"SKIP","floor":11},{"not_picked":["Rampage","Anger","Havoc"],"picked":"SKIP","floor":14},{"not_picked":["Warcry","Headbutt"],"picked":"Pommel Strike+1","floor":18},{"not_picked":["Bludgeon","Sever Soul"],"picked":"Power Through","floor":19},{"not_picked":["Headbutt","Blood for Blood"],"picked":"Body Slam+1","floor":20},{"not_picked":["Limit Break","Barricade","Juggernaut"],"picked":"SKIP","floor":24},{"not_picked":["Double Tap","Bludgeon","Reaper"],"picked":"SKIP","floor":27},{"not_picked":["Havoc","Ghostly Armor"],"picked":"Evolve","floor":28},{"not_picked":["Fiend Fire","Immolate","Juggernaut"],"picked":"SKIP","floor":31},{"not_picked":["Havoc+1","Pommel Strike"],"picked":"Warcry+1","floor":35},{"not_picked":["Bloodletting+1","Sever Soul"],"picked":"True Grit","floor":36},{"not_picked":["Iron Wave","Blood for Blood+1","Fire Breathing"],"picked":"SKIP","floor":38},{"not_picked":["Berserk","Fiend Fire","Double Tap"],"picked":"SKIP","floor":41},{"not_picked":["Reaper","Berserk","Demon Form"],"picked":"SKIP","floor":46},{"not_picked":["Clash","Wild Strike","Pommel Strike"],"picked":"SKIP","floor":47},{"not_picked":["Brutality","Impervious","Corruption"],"picked":"SKIP","floor":48}],"player_experience":1384340,"relics_obtained":[{"floor":6,"key":"Tiny Chest"},{"floor":8,"key":"Nunchaku"},{"floor":9,"key":"Ancient Tea Set"},{"floor":10,"key":"Bottled Tornado"},{"floor":22,"key":"Centennial Puzzle"},{"floor":24,"key":"Magic Flower"},{"floor":26,"key":"Anchor"},{"floor":27,"key":"Juzu Bracelet"},{"floor":31,"key":"CaptainsWheel"},{"floor":41,"key":"Incense Burner"},{"floor":43,"key":"Kunai"},{"floor":45,"key":"Eternal Feather"},{"floor":46,"key":"Du-Vu Doll"},{"floor":48,"key":"Prayer Wheel"}],"event_choices":[{"damage_healed":0,"gold_gain":59,"player_choice":"Gained Gold","damage_taken":0,"max_hp_gain":0,"max_hp_loss":0,"event_name":"Golden Wing","floor":2,"gold_loss":0},{"damage_healed":0,"gold_gain":0,"player_choice":"Grow","damage_taken":0,"max_hp_gain":0,"max_hp_loss":0,"event_name":"Living Wall","floor":7,"gold_loss":0,"cards_upgraded":["Bludgeon"]},{"damage_healed":0,"gold_gain":0,"player_choice":"Leave","damage_taken":0,"max_hp_gain":0,"max_hp_loss":0,"event_name":"The Cleric","floor":13,"gold_loss":0},{"damage_healed":0,"gold_gain":0,"player_choice":"Ignored","damage_taken":0,"max_hp_gain":0,"max_hp_loss":0,"event_name":"Beggar","floor":21,"gold_loss":0},{"damage_healed":0,"gold_gain":0,"player_choice":"Ignored","damage_taken":0,"max_hp_gain":0,"max_hp_loss":0,"event_name":"Vampires","floor":29,"gold_loss":0},{"damage_healed":0,"gold_gain":0,"player_choice":"Max HP","damage_taken":0,"max_hp_gain":0,"max_hp_loss":8,"event_name":"Winding Halls","floor":39,"gold_loss":0},{"damage_healed":0,"gold_gain":0,"player_choice":"Memory 3","damage_taken":10,"max_hp_gain":0,"max_hp_loss":0,"event_name":"SensoryStone","floor":44,"gold_loss":0}],"is_beta":false,"boss_relics":[{"not_picked":["Black Blood","SlaversCollar"],"picked":"Sozu"},{"not_picked":["Runic Pyramid","Mark of Pain"],"picked":"Snecko Eye"}],"items_purged_floors":[],"is_endless":false,"potions_floor_spawned":[1,3,6,11,18,24,41,47,48],"ascension_level":0}}