{"host":"prxrhpgaxnj4om9r","time":1613194975,"event":{"mods":["AchievementEnabler","BaseMod","DeckTracker","Minty Spire (QoL Compilation)"],"gold_per_floor":[111,129,148,161,179,179,189,189,264,264,282,282,305,331,331,428,428,446,465,294,204,129,161,161,14,41,140,159,159,159],"floor_reached":29,"language":"KOR","playtime":1367,"items_purged":[],"score":245,"play_id":"1ba6c928-8d08-4a02-b27a-fab9b1e0c620","local_time":"20210213144255","is_ascension_mode":false,"campfire_choices":[{"data":"All Out Attack","floor":6,"key":"SMITH"},{"floor":8,"key":"RECALL"},{"data":"Choke","floor":10,"key":"SMITH"},{"data":"Neutralize","floor":12,"key":"SMITH"},{"floor":15,"key":"REST"},{"floor":24,"key":"REST"}],"circlet_count":0,"master_deck":["Strike_G","Strike_G+1","Strike_G","Strike_G","Strike_G","Defend_G","Defend_G","Defend_G","Survivor","Neutralize+1","All Out Attack+1","Crippling Poison","Flechettes","Backflip","Flying Knee","Choke+1","Masterful Stab","Quick Slash","Terror","Storm of Steel","Catalyst+1","Accuracy","Deflect","Sucker Punch+1"],"relics":["Ring of the Snake","Matryoshka","Odd Mushroom","Tiny Chest","SlaversCollar","Juzu Bracelet","Incense Burner","Anchor","Lantern"],"acts_visited":["Exordium","TheCity"],"potions_floor_usage":[1,2,4,5,16,18,19,28],"damage_taken":[{"damage":0,"enemies":"Cultist","floor":1,"turns":3},{"damage":0,"enemies":"Small Slimes","floor":2,"turns":3},{"damage":9,"enemies":"Jaw Worm","floor":3,"turns":5},{"damage":6,"enemies":"Red Slaver","floor":4,"turns":4},{"damage":0,"enemies":"Blue Slaver","floor":5,"turns":4},{"damage":7,"enemies":"Looter","floor":7,"turns":3},{"damage":8,"enemies":"Gremlin Gang","floor":11,"turns":2},{"damage":10,"enemies":"The Mushroom Lair","floor":13,"turns":3},{"damage":17,"enemies":"3 Sentries","floor":14,"turns":6},{"damage":22,"enemies":"The Guardian","floor":16,"turns":10},{"damage":13,"enemies":"Shell Parasite","floor":18,"turns":5},{"damage":10,"enemies":"2 Thieves","floor":19,"turns":4},{"damage":16,"enemies":"Gremlin Leader","floor":23,"turns":6},{"damage":25,"enemies":"Snake Plant","floor":28,"turns":5},{"damage":29,"enemies":"Cultist and Chosen","floor":29,"turns":6}],"seed_played":"-4680564514225568630","potions_obtained":[{"floor":0,"key":"DuplicationPotion"},{"floor":0,"key":"Regen Potion"},{"floor":0,"key":"Ancient Potion"},{"floor":1,"key":"DuplicationPotion"},{"floor":3,"key":"AttackPotion"},{"floor":11,"key":"Poison Potion"},{"floor":16,"key":"LiquidMemories"},{"floor":18,"key":"ColorlessPotion"},{"floor":23,"key":"DuplicationPotion"}],"is_trial":false,"path_per_floor":["M","M","M","M","M","R","M","R","T","R","M","R","?","E","R","B",null,"M","M","$","?","?","E","R","$","T","?","M","M"],"character_chosen":"THE_SILENT","items_purchased":["Juzu Bracelet","Deflect","Anchor"],"campfire_rested":2,"item_purchase_floors":[20,20,25],"current_hp_per_floor":[70,70,61,67,67,67,60,60,60,60,52,52,42,25,46,24,70,57,47,47,47,47,31,52,52,52,52,27,0,0],"gold":159,"neow_bonus":"THREE_SMALL_POTIONS","is_daily":false,"chose_seed":false,"campfire_upgraded":3,"win_rate":0.0,"timestamp":1613194975,"path_taken":["M","M","?","?","M","R","M","R","T","R","M","R","?","E","R","BOSS","M","M","$","?","?","E","R","$","T","?","M","M"],"items_purchased_type":["Relic","Card","Relic"],"build_version":"2020-12-22","purchased_purges":0,"victory":false,"max_hp_per_floor":[70,70,70,70,70,70,70,70,70,70,70,70,70,70,70,70,70,70,70,70,70,70,70,70,70,70,70,70,70,70],"card_choices":[{"not_picked":["Dagger Spray","Footwork"],"picked":"All Out Attack","floor":1},{"not_picked":["Quick Slash","Flechettes"],"picked":"Crippling Poison","floor":2},{"not_picked":["Prepared","Riddle With Holes"],"picked":"Flechettes","floor":3},{"not_picked":["All Out Attack","Bane"],"picked":"Backflip","floor":4},{"not_picked":["Sucker Punch","Well Laid Plans"],"picked":"Flying Knee","floor":5},{"not_picked":["Quick Slash","Flying Knee"],"picked":"Choke","floor":7},{"not_picked":["Blade Dance","Dodge and Roll"],"picked":"Masterful Stab","floor":11},{"not_picked":["Outmaneuver","Flying Knee"],"picked":"Quick Slash","floor":13},{"not_picked":["Leg Sweep","Night Terror"],"picked":"Terror","floor":14},{"not_picked":["Night Terror","Unload"],"picked":"Storm of Steel","floor":16},{"not_picked":["Riddle With Holes","Slice"],"picked":"Catalyst+1","floor":18},{"not_picked":["Outmaneuver","Flying Knee+1"],"picked":"Accuracy","floor":19},{"not_picked":["Doppelganger","Bouncing Flask","Burst"],"picked":"SKIP","floor":23},{"not_picked":["Catalyst+1","Deadly Poison"],"picked":"Sucker Punch+1","floor":28}],"player_experience":420055,"relics_obtained":[{"floor":9,"key":"Matryoshka"},{"floor":13,"key":"Odd Mushroom"},{"floor":14,"key":"Tiny Chest"},{"floor":23,"key":"Incense Burner"},{"floor":26,"key":"Lantern"}],"event_choices":[{"damage_healed":0,"gold_gain":0,"player_choice":"Fought Mushrooms","damage_taken":0,"max_hp_gain":0,"max_hp_loss":0,"event_name":"Mushrooms","floor":13,"gold_loss":0},{"cards_removed":["Defend_G"],"damage_healed":0,"gold_gain":0,"player_choice":"Upgrade and Remove","damage_taken":0,"max_hp_gain":0,"max_hp_loss":0,"event_name":"Designer","floor":21,"gold_loss":90,"cards_upgraded":["Strike_G"]},{"cards_removed":["Defend_G"],"damage_healed":0,"gold_gain":0,"player_choice":"Gave Gold","damage_taken":0,"max_hp_gain":0,"max_hp_loss":0,"event_name":"Beggar","floor":22,"gold_loss":75},{"damage_healed":0,"gold_gain":99,"player_choice":"Stole From Cult","damage_taken":0,"max_hp_gain":0,"max_hp_loss":0,"event_name":"Nest","floor":27,"gold_loss":0}],"is_beta":false,"boss_relics":[{"not_picked":["SacredBark","Coffee Dripper"],"picked":"SlaversCollar"}],"items_purged_floors":[],"is_endless":false,"potions_floor_spawned":[1,3,11,16,18,23],"killed_by":"Cultist and Chosen","ascension_level":0}}