{"host":"q2l6xtlpu05lrop8","time":1613253399,"event":{"mods":["AchievementEnabler","BaseMod","Colored Map","Googly Eyes","Minty Spire (QoL Compilation)","Slay the Streamer","StSLib","The IronCluck","slay the spire mod where everything is the same but ironclad has a cowboy hat"],"gold_per_floor":[116,130,130,143,155,155,180,180,204,204,233,37,37,37,37,37,111,111,129,129,40,40,57,57,88,103,185,185,104,104,119,119,153,153,226,226,236,29,29,43,43,72,88,88,112,112,123,1,16,34,0,0,0],"floor_reached":54,"language":"ENG","playtime":6553,"items_purged":["Pain"],"score":1378,"play_id":"8cd51765-856f-4d5c-b30c-5b71f857362d","local_time":"20210213135639","is_ascension_mode":true,"campfire_choices":[{"data":"Recycle","floor":6,"key":"SMITH"},{"data":"Genetic Algorithm","floor":8,"key":"SMITH"},{"data":"Defragment","floor":13,"key":"SMITH"},{"floor":16,"key":"REST"},{"data":"Machine Learning","floor":24,"key":"SMITH"},{"data":"Loop","floor":32,"key":"SMITH"},{"data":"Capacitor","floor":34,"key":"SMITH"},{"data":"Biased Cognition","floor":44,"key":"SMITH"},{"data":"Coolheaded","floor":52,"key":"SMITH"}],"circlet_count":0,"master_deck":["AscendersBane","Fusion","Coolheaded+1","Compile Driver","Sweeping Beam","Steam","Recycle+1","Conserve Battery","Melter","Ball Lightning","Genetic Algorithm+1","Doubt","Leap","Fusion","Double Energy","Glacier","Glacier","Stack","Defragment+1","Doom and Gloom","Machine Learning+1","Streamline","Creative AI","Bite","Bite","Bite","Bite","Bite","Capacitor+1","Rebound","Loop+1","Go for the Eyes","Go for the Eyes","Steam+1","Biased Cognition+1","Redo+1","Auto Shields+1","Loop","Gash+1","Gash","Ball Lightning","Hologram+1","Storm","Rebound","Gash"],"relics":["Cracked Core","WarpedTongs","Nunchaku","Omamori","Akabeko","SlaversCollar","Tiny Chest","Eternal Feather","Nilry\u0027s Codex","Toxic Egg 2","Calling Bell","Bag of Preparation","The Courier","Dead Branch","Sundial","DataDisk","MealTicket","Red Mask"],"acts_visited":["Exordium","TheCity","TheBeyond"],"potions_floor_usage":[11,17,25,31,49,49,53],"damage_taken":[{"damage":0,"enemies":"Small Slimes","floor":1,"turns":3},{"damage":6,"enemies":"Cultist","floor":2,"turns":3},{"damage":0,"enemies":"2 Louse","floor":4,"turns":2},{"damage":6,"enemies":"Exordium Thugs","floor":5,"turns":4},{"damage":17,"enemies":"3 Sentries","floor":7,"turns":6},{"damage":22,"enemies":"Gremlin Nob","floor":11,"turns":6},{"damage":14,"enemies":"Slime Boss","floor":17,"turns":9},{"damage":13,"enemies":"2 Thieves","floor":19,"turns":4},{"damage":21,"enemies":"Shell Parasite","floor":23,"turns":6},{"damage":15,"enemies":"Slavers","floor":25,"turns":6},{"damage":4,"enemies":"Snecko","floor":26,"turns":6},{"damage":0,"enemies":"Snake Plant","floor":31,"turns":7},{"damage":15,"enemies":"Gremlin Leader","floor":33,"turns":9},{"damage":14,"enemies":"Collector","floor":35,"turns":15},{"damage":32,"enemies":"3 Darklings","floor":37,"turns":6},{"damage":7,"enemies":"3 Shapes","floor":40,"turns":5},{"damage":0,"enemies":"Giant Head","floor":42,"turns":10},{"damage":17,"enemies":"3 Darklings","floor":43,"turns":6},{"damage":0,"enemies":"Sphere and 2 Shapes","floor":47,"turns":10},{"damage":19,"enemies":"4 Shapes","floor":49,"turns":5},{"damage":30,"enemies":"Transient","floor":50,"turns":5},{"damage":25,"enemies":"Donu and Deca","floor":53,"turns":13}],"seed_played":"-6709866711786016936","potions_obtained":[{"floor":4,"key":"GamblersBrew"},{"floor":5,"key":"FocusPotion"},{"floor":11,"key":"DistilledChaos"},{"floor":23,"key":"SkillPotion"},{"floor":25,"key":"Strength Potion"},{"floor":35,"key":"Strength Potion"},{"floor":43,"key":"Swift Potion"},{"floor":49,"key":"Fruit Juice"}],"is_trial":false,"path_per_floor":["M","M","?","M","M","R","E","R","T","T","E","$","R","?","$","R","B",null,"M","?","$","?","M","R","E","M","T","T","$","?","M","R","E","R","B",null,"M","$","?","M","T","E","M","R","T","T","M","$","M","M","?","R","B",null],"character_chosen":"DEFECT","items_purchased":["Defragment","Doom and Gloom","Capacitor","Loop","Biased Cognition","Redo+1","PowerPotion","Ball Lightning","Hologram+1","Storm"],"campfire_rested":1,"item_purchase_floors":[12,12,21,29,38,38,38,48,48,48],"current_hp_per_floor":[78,72,72,72,66,66,49,49,49,49,27,27,27,27,27,52,38,73,60,59,59,59,46,46,45,52,52,52,52,31,42,59,59,59,59,59,30,30,30,33,33,51,40,59,59,59,59,59,49,25,25,52,37],"gold":0,"neow_bonus":"TWENTY_PERCENT_HP_BONUS","is_daily":false,"chose_seed":false,"campfire_upgraded":8,"win_rate":0.0,"timestamp":1613253399,"path_taken":["M","M","?","M","?","R","E","R","T","E","$","R","?","?","R","BOSS","M","?","$","?","M","R","E","M","T","$","?","?","R","E","R","BOSS","M","$","?","M","?","E","M","R","T","M","$","M","M","?","R","BOSS"],"items_purchased_type":["Card","Card","Card","Card","Card","Card","Potion","Card","Card","Card"],"build_version":"2020-12-22","purchased_purges":1,"victory":true,"max_hp_per_floor":[85,85,85,85,85,85,85,85,85,85,85,85,85,85,85,85,85,85,85,59,59,59,59,59,59,59,59,59,59,59,59,59,59,59,59,59,59,59,59,59,59,59,59,59,59,59,59,59,64,64,64,64,64],"card_choices":[{"not_picked":["Sweeping Beam","Barrage"],"picked":"Leap","floor":1},{"not_picked":["Conserve Battery","Rebound"],"picked":"Fusion","floor":2},{"not_picked":["Skim","Streamline"],"picked":"Double Energy","floor":4},{"not_picked":["Beam Cell","Undo"],"picked":"Glacier","floor":5},{"not_picked":["Hologram","Scrape"],"picked":"Glacier","floor":7},{"not_picked":["Biased Cognition","Rebound"],"picked":"Stack","floor":11},{"not_picked":["Biased Cognition","Thunder Strike"],"picked":"Creative AI","floor":17},{"not_picked":["Sunder","Lockon"],"picked":"Rebound","floor":26},{"not_picked":["Hologram","Stack"],"picked":"Go for the Eyes","floor":31},{"not_picked":["Conserve Battery+1","Coolheaded+1"],"picked":"Go for the Eyes","floor":33},{"not_picked":["Barrage","Redo+1"],"picked":"Steam+1","floor":37},{"not_picked":["Rip and Tear","Darkness+1"],"picked":"Auto Shields+1","floor":40},{"not_picked":["Sunder","Undo+1"],"picked":"Loop","floor":42},{"not_picked":["Go for the Eyes+1","Redo+1"],"picked":"Gash+1","floor":43},{"not_picked":["Loop+1","Lockon"],"picked":"Gash","floor":47},{"not_picked":["Compile Driver+1","Aggregate+1"],"picked":"Rebound","floor":49},{"not_picked":["Streamline","Fission+1"],"picked":"Gash","floor":50}],"player_experience":824421,"relics_obtained":[{"floor":7,"key":"Nunchaku"},{"floor":9,"key":"Omamori"},{"floor":11,"key":"Akabeko"},{"floor":25,"key":"Tiny Chest"},{"floor":27,"key":"Eternal Feather"},{"floor":30,"key":"Nilry\u0027s Codex"},{"floor":33,"key":"Toxic Egg 2"},{"floor":36,"key":"Bag of Preparation"},{"floor":36,"key":"The Courier"},{"floor":36,"key":"Dead Branch"},{"floor":41,"key":"Sundial"},{"floor":42,"key":"DataDisk"},{"floor":45,"key":"MealTicket"}],"event_choices":[{"damage_healed":0,"gold_gain":0,"player_choice":"Rummage","damage_taken":0,"relics_obtained":["WarpedTongs"],"max_hp_gain":0,"max_hp_loss":0,"event_name":"Accursed Blacksmith","floor":3,"gold_loss":0,"cards_obtained":["Pain"]},{"damage_healed":0,"gold_gain":0,"player_choice":"2 cards matched","damage_taken":0,"max_hp_gain":0,"max_hp_loss":0,"event_name":"Match and Keep!","floor":14,"gold_loss":0,"cards_obtained":["Machine Learning","Streamline"]},{"damage_healed":0,"gold_gain":0,"player_choice":"Became a vampire","damage_taken":0,"max_hp_gain":0,"max_hp_loss":26,"event_name":"Vampires","floor":20,"gold_loss":0,"cards_obtained":["Bite","Bite","Bite","Bite","Bite"]},{"damage_healed":0,"gold_gain":0,"player_choice":"Ignored","damage_taken":0,"max_hp_gain":0,"max_hp_loss":0,"event_name":"Ghosts","floor":22,"gold_loss":0},{"damage_healed":0,"gold_gain":0,"player_choice":"Obtained Book","damage_taken":21,"max_hp_gain":0,"max_hp_loss":0,"event_name":"Cursed Tome","floor":30,"gold_loss":0},{"damage_healed":0,"gold_gain":0,"player_choice":"Ignored","damage_taken":0,"max_hp_gain":0,"max_hp_loss":0,"event_name":"Mysterious Sphere","floor":39,"gold_loss":0},{"damage_healed":0,"gold_gain":0,"player_choice":"Paid","damage_taken":0,"relics_obtained":["Red Mask"],"max_hp_gain":0,"max_hp_loss":0,"event_name":"Tomb of Lord Red Mask","floor":51,"gold_loss":34}],"is_beta":false,"boss_relics":[{"not_picked":["Coffee Dripper","Philosopher\u0027s Stone"],"picked":"SlaversCollar"},{"not_picked":["Fusion Hammer","Busted Crown"],"picked":"Calling Bell"}],"items_purged_floors":[12],"is_endless":false,"potions_floor_spawned":[4,5,11,23,25,26,35,40,43,49],"ascension_level":16}}