{"host":"FirstDane","time":1613182911,"event":{"mods":["BaseMod","Bestiary","Highlight Path","Minty Spire (QoL Compilation)","Relic Stats","Slay the Relics Exporter"],"gold_per_floor":[115,130,146,146,157,182,182,196,196,260,260,3,37,48,48,125,125,45,56,106,166,184,184,219,231,231,259,24,42,42,58,58,58,58],"floor_reached":33,"language":"ENG","playtime":6018,"items_purged":["Strike_G"],"score":802,"play_id":"e209b4b0-0e29-4185-a2ca-de25a55b5e00","local_time":"20210212202151","is_ascension_mode":true,"campfire_choices":[{"data":"Blade Dance","floor":7,"key":"SMITH"},{"data":"Accuracy","floor":11,"key":"SMITH"},{"data":"Wraith Form v2","floor":15,"key":"SMITH"},{"data":"Outmaneuver","floor":23,"key":"SMITH"},{"data":"Footwork","floor":30,"key":"SMITH"},{"data":"Blade Dance","floor":32,"key":"SMITH"}],"circlet_count":0,"master_deck":["AscendersBane","Strike_G","Strike_G","Strike_G","Defend_G+1","Defend_G","Defend_G","Defend_G+1","Survivor","Neutralize","Flying Knee","Blade Dance+1","Accuracy+1","Footwork+1","Leg Sweep","Poisoned Stab","Wraith Form v2+1","Noxious Fumes","Corpse Explosion","Acrobatics","Outmaneuver+1","Predator","Reflex+1","Blade Dance+1","Tactician+1","Concentrate","Cloak And Dagger+1"],"relics":["Ring of the Snake","SsserpentHead","War Paint","Ornamental Fan","PreservedInsect","Pantograph","Snecko Eye","Blood Vial","Bag of Marbles","Centennial Puzzle","Membership Card"],"acts_visited":["Exordium","TheCity"],"potions_floor_usage":[6,14,18,19,25,33,33],"damage_taken":[{"damage":12,"enemies":"Jaw Worm","floor":1,"turns":9},{"damage":0,"enemies":"Cultist","floor":2,"turns":4},{"damage":0,"enemies":"2 Louse","floor":3,"turns":2},{"damage":1,"enemies":"Exordium Wildlife","floor":5,"turns":4},{"damage":11,"enemies":"Lagavulin","floor":6,"turns":6},{"damage":4,"enemies":"Lots of Slimes","floor":8,"turns":5},{"damage":0,"enemies":"Blue Slaver","floor":10,"turns":3},{"damage":0,"enemies":"Gremlin Nob","floor":13,"turns":2},{"damage":14,"enemies":"Large Slime","floor":14,"turns":4},{"damage":28,"enemies":"Hexaghost","floor":16,"turns":11},{"damage":5,"enemies":"2 Thieves","floor":18,"turns":4},{"damage":3,"enemies":"Shell Parasite","floor":19,"turns":10},{"damage":2,"enemies":"Shelled Parasite and Fungi","floor":21,"turns":5},{"damage":0,"enemies":"Cultist and Chosen","floor":22,"turns":4},{"damage":0,"enemies":"Book of Stabbing","floor":24,"turns":5},{"damage":6,"enemies":"Centurion and Healer","floor":25,"turns":7},{"damage":0,"enemies":"Gremlin Leader","floor":27,"turns":6},{"damage":10,"enemies":"Snake Plant","floor":29,"turns":3},{"damage":0,"enemies":"3 Cultists","floor":31,"turns":3},{"damage":58,"enemies":"Collector","floor":33,"turns":11}],"seed_played":"9064971085998628153","potions_obtained":[{"floor":1,"key":"CunningPotion"},{"floor":6,"key":"SkillPotion"},{"floor":8,"key":"LiquidMemories"},{"floor":14,"key":"SpeedPotion"},{"floor":19,"key":"Swift Potion"},{"floor":21,"key":"Explosive Potion"},{"floor":29,"key":"Weak Potion"}],"is_trial":false,"path_per_floor":["M","M","M","?","M","E","R","M","T","M","R","$","E","M","R","B",null,"M","M","?","M","M","R","E","M","T","E","$","M","R","M","R","B"],"character_chosen":"THE_SILENT","items_purchased":["PreservedInsect","Wraith Form v2","Membership Card","Concentrate"],"campfire_rested":0,"item_purchase_floors":[12,12,28,28],"current_hp_per_floor":[47,47,47,47,46,35,35,31,31,31,31,31,31,17,17,14,49,44,41,35,33,33,33,33,29,29,31,31,23,23,25,25,0,0],"gold":58,"neow_bonus":"REMOVE_TWO","is_daily":false,"chose_seed":false,"campfire_upgraded":6,"win_rate":0.0,"timestamp":1613182911,"path_taken":["M","M","M","?","M","E","R","M","T","?","R","$","E","M","R","BOSS","M","M","?","?","M","R","E","M","T","E","$","M","R","M","R","BOSS"],"items_purchased_type":["Relic","Card","Relic","Card"],"build_version":"2020-12-18","purchased_purges":1,"victory":false,"max_hp_per_floor":[60,60,60,60,60,60,60,60,60,60,60,60,60,60,60,60,60,60,60,60,60,60,60,60,60,60,60,60,60,60,60,60,60,60],"relic_stats":{"Blood Vial":10,"SsserpentHead":150,"Centennial Puzzle":[6],"counters":[20,108],"Ornamental Fan":[188],"Pantograph":50,"Snecko Eye":[111,101,137,105],"PreservedInsect":112,"War Paint":["Defend_G","Defend_G"],"obtain_stats":[{"Blood Vial":24,"SsserpentHead":4,"Centennial Puzzle":27,"Ornamental Fan":9,"Pantograph":13,"Snecko Eye":17,"PreservedInsect":12,"Bag of Marbles":26,"Membership Card":28,"War Paint":6,"Ring of the Snake":0},{"Blood Vial":15,"SsserpentHead":3,"Centennial Puzzle":17,"Ornamental Fan":6,"Pantograph":8,"Snecko Eye":10,"PreservedInsect":7,"Bag of Marbles":16,"Membership Card":17,"War Paint":5,"Ring of the Snake":0},{"Blood Vial":78,"SsserpentHead":15,"Centennial Puzzle":91,"Ornamental Fan":30,"Pantograph":35,"Snecko Eye":50,"PreservedInsect":33,"Bag of Marbles":85,"Membership Card":91,"War Paint":25,"Ring of the Snake":0}],"Ring of the Snake":[40]},"card_choices":[{"not_picked":["Choke","Dodge and Roll"],"picked":"Flying Knee","floor":1},{"not_picked":["Deflect","Deadly Poison"],"picked":"Blade Dance","floor":2},{"not_picked":["Deflect","Bane"],"picked":"Accuracy","floor":3},{"not_picked":["Calculated Gamble","PiercingWail"],"picked":"Footwork","floor":5},{"not_picked":["Bouncing Flask","Infinite Blades"],"picked":"Leg Sweep","floor":6},{"not_picked":["Deflect","Night Terror","Underhanded Strike"],"picked":"SKIP","floor":8},{"not_picked":["Underhanded Strike","Dodge and Roll"],"picked":"Poisoned Stab","floor":10},{"not_picked":["Sucker Punch","Slice"],"picked":"Noxious Fumes","floor":13},{"not_picked":["Deflect","Choke","Outmaneuver"],"picked":"SKIP","floor":14},{"not_picked":["Malaise","Doppelganger"],"picked":"Corpse Explosion","floor":16},{"not_picked":["Blur","Dagger Throw"],"picked":"Acrobatics","floor":18},{"not_picked":["Skewer","Deadly Poison","Acrobatics"],"picked":"SKIP","floor":19},{"not_picked":["Choke","Bane"],"picked":"Outmaneuver","floor":21},{"not_picked":["Setup+1","Acrobatics"],"picked":"Predator","floor":22},{"not_picked":["Prepared","Concentrate"],"picked":"Reflex+1","floor":24},{"not_picked":["Dodge and Roll","PiercingWail"],"picked":"Blade Dance","floor":25},{"not_picked":["Bouncing Flask","Poisoned Stab"],"picked":"Tactician+1","floor":27},{"not_picked":["Dagger Spray+1","Dodge and Roll","Sucker Punch"],"picked":"SKIP","floor":29},{"not_picked":["Heel Hook+1","Poisoned Stab"],"picked":"Cloak And Dagger+1","floor":31}],"player_experience":4100027,"relics_obtained":[{"floor":6,"key":"War Paint"},{"floor":9,"key":"Ornamental Fan"},{"floor":13,"key":"Pantograph"},{"floor":24,"key":"Blood Vial"},{"floor":26,"key":"Bag of Marbles"},{"floor":27,"key":"Centennial Puzzle"}],"event_choices":[{"damage_healed":0,"gold_gain":0,"player_choice":"Trade","damage_taken":0,"relics_obtained":["SsserpentHead"],"max_hp_gain":0,"max_hp_loss":0,"event_name":"FaceTrader","floor":4,"gold_loss":0},{"damage_healed":0,"gold_gain":0,"player_choice":"","damage_taken":6,"max_hp_gain":0,"max_hp_loss":0,"event_name":"Knowing Skull","floor":20,"potions_obtained":[],"gold_loss":0,"cards_obtained":[]}],"is_beta":true,"boss_relics":[{"not_picked":["HoveringKite","Astrolabe"],"picked":"Snecko Eye"}],"items_purged_floors":[28],"is_endless":false,"potions_floor_spawned":[1,6,8,10,14,19,21,29],"killed_by":"Collector","ascension_level":20}}