{"host":"f6w7z8zvb0mi4wy9","time":1613241154,"event":{"mods":["BaseMod","Colored Map","Minty Spire (QoL Compilation)","READ ME - Guardian Mod","StSLib","SuperFastMode","The Jungle"],"gold_per_floor":[113,34,34,49,64,91,91,125,125,125,151,171,184,197,197,300,300,320,320,320,28,28,55,73,92,92,102,127,54,54,68,68,168,168,179,224,224,237,237,237,271,271,295,327,344,364,364,380,380,380,380,380,65,96,96],"floor_reached":56,"language":"KOR","playtime":1853,"items_purged":["Strike_B"],"score":1470,"play_id":"2d8ef10f-10c3-4af7-a5a9-320ffd4cba7d","local_time":"20210214033234","is_ascension_mode":true,"campfire_choices":[{"data":"Zap","floor":7.0,"key":"SMITH"},{"data":"Defragment","floor":15.0,"key":"SMITH"},{"data":"Dualcast","floor":30.0,"key":"SMITH"},{"floor":32.0,"key":"REST"},{"floor":40,"key":"RECALL"},{"data":"Defragment","floor":42,"key":"SMITH"},{"data":"Capacitor","floor":49,"key":"SMITH"},{"data":"Creative AI","floor":52,"key":"SMITH"}],"circlet_count":0,"master_deck":["Defend_B","Defend_B","Zap+1","Dualcast+1","Beam Cell","Defragment+1","BootSequence","Tempest","Ball Lightning","Defragment+1","Seek","Beam Cell","Self Repair","Heatsinks","Creative AI+1","Loop","Capacitor+1","All For One","Meteor Strike","Capacitor","Reboot","Meteor Strike","Double Energy+1","Fission+1","Gash+1","Storm","Beam Cell","Glacier+1","Madness","Madness","Electrodynamics","BootSequence+1","Defragment+1","Gash+1","Glacier","Defragment","Good Instincts","Barrage+1"],"relics":["Cracked Core","Strawberry","Mummified Hand","Blood Vial","Bronze Scales","DataDisk","Sozu","Omamori","ClockworkSouvenir","Nloth\u0027s Gift","Centennial Puzzle","Matryoshka","Astrolabe","Unceasing Top","Ginger","Bag of Preparation","Art of War","HornCleat","HandDrill","StrikeDummy"],"acts_visited":["Exordium","TheCity","TheBeyond","TheEnding"],"potions_floor_usage":[36],"damage_taken":[{"damage":0.0,"enemies":"Small Slimes","floor":1.0,"turns":1.0},{"damage":0.0,"enemies":"Cultist","floor":4.0,"turns":1.0},{"damage":0.0,"enemies":"2 Louse","floor":5.0,"turns":1.0},{"damage":14.0,"enemies":"Gremlin Nob","floor":6.0,"turns":3.0},{"damage":30.0,"enemies":"3 Sentries","floor":8.0,"turns":6.0},{"damage":11.0,"enemies":"Lagavulin","floor":11.0,"turns":6.0},{"damage":5.0,"enemies":"Exordium Wildlife","floor":12.0,"turns":3.0},{"damage":0.0,"enemies":"3 Louse","floor":13.0,"turns":2.0},{"damage":0.0,"enemies":"Large Slime","floor":14.0,"turns":4.0},{"damage":10.0,"enemies":"Hexaghost","floor":16.0,"turns":6.0},{"damage":7.0,"enemies":"Shell Parasite","floor":18.0,"turns":4.0},{"damage":34.0,"enemies":"Gremlin Leader","floor":23.0,"turns":5.0},{"damage":0.0,"enemies":"Spheric Guardian","floor":24.0,"turns":3.0},{"damage":15.0,"enemies":"Snake Plant","floor":25.0,"turns":2.0},{"damage":5.0,"enemies":"Sentry and Sphere","floor":27.0,"turns":3.0},{"damage":24.0,"enemies":"Book of Stabbing","floor":28.0,"turns":4.0},{"damage":13.0,"enemies":"3 Cultists","floor":31.0,"turns":4.0},{"damage":12.0,"enemies":"Automaton","floor":33.0,"turns":5.0},{"damage":23.0,"enemies":"3 Darklings","floor":35.0,"turns":3.0},{"damage":6,"enemies":"2 Orb Walkers","floor":36,"turns":3},{"damage":0,"enemies":"3 Shapes","floor":38,"turns":2},{"damage":0,"enemies":"Nemesis","floor":41,"turns":3},{"damage":0,"enemies":"Reptomancer","floor":44,"turns":1},{"damage":0,"enemies":"Writhing Mass","floor":45,"turns":2},{"damage":0,"enemies":"Maw","floor":46,"turns":2},{"damage":0,"enemies":"Spire Growth","floor":48,"turns":2},{"damage":0,"enemies":"Awakened One","floor":50,"turns":5},{"damage":2,"enemies":"Shield and Spear","floor":54,"turns":3},{"damage":76,"enemies":"The Heart","floor":55,"turns":5}],"seed_played":"-8211161424306212012","potions_obtained":[{"floor":4.0,"key":"Ancient Potion"},{"floor":5.0,"key":"DuplicationPotion"},{"floor":12.0,"key":"PowerPotion"},{"floor":13.0,"key":"PotionOfCapacity"},{"floor":16.0,"key":"Weak Potion"}],"is_trial":false,"path_per_floor":["M","$","?","M","M","E","R","E","T","?","E","M","M","M","R","B",null,"M","?","?","$","?","E","M","M","T","M","E","$","R","M","R","B",null,"M","?","?","M","?","R","E","R","T","E","M","M","?","M","R","B",null,"R","$","E","B",null],"character_chosen":"DEFECT","items_purchased":["Defragment","ClockworkSouvenir","Capacitor","Capacitor","Defragment","Good Instincts","HandDrill"],"campfire_rested":1,"item_purchase_floors":[2,21,21,29,53,53,53],"current_hp_per_floor":[75,75,75,75,75,68,68,38,38,26,17,14,16,25,25,24,82,82,82,82,82,82,55,64,51,51,55,40,40,40,36,60,57,82,66,69,69,78,68,68,77,77,77,82,82,82,82,82,82,82,82,82,82,82,13],"gold":96,"neow_bonus":"THREE_ENEMY_KILL","is_daily":false,"chose_seed":false,"campfire_upgraded":6,"win_rate":0.0,"timestamp":1613241154,"path_taken":["M","$","?","?","M","E","R","E","T","?","E","M","M","M","R","BOSS","M","?","?","$","?","E","M","M","T","M","E","$","R","?","R","BOSS","M","?","?","?","?","R","E","R","T","E","M","M","?","?","R","BOSS","R","$","E","BOSS"],"items_purchased_type":["Card","Relic","Card","Card","Card","Card","Relic"],"build_version":"2020-12-22","purchased_purges":1,"victory":true,"max_hp_per_floor":[75,75,75,75,75,82,82,82,82,82,82,82,82,82,82,82,82,82,82,82,82,82,82,82,82,82,82,82,82,82,82,82,82,82,82,82,82,82,82,82,82,82,82,82,82,82,82,82,82,82,82,82,82,82,82],"card_choices":[{"not_picked":["Steam","Turbo"],"picked":"Beam Cell","floor":1.0},{"not_picked":["Undo","Leap"],"picked":"Tempest","floor":4.0},{"not_picked":["Sweeping Beam","Coolheaded"],"picked":"Ball Lightning","floor":5.0},{"not_picked":["Scrape","Doom and Gloom"],"picked":"Defragment","floor":6.0},{"not_picked":["Aggregate","Darkness","Consume"],"picked":"SKIP","floor":8.0},{"not_picked":["Undo","Sweeping Beam"],"picked":"Seek","floor":11.0},{"not_picked":["Stack","Turbo"],"picked":"Beam Cell","floor":12.0},{"not_picked":["Hologram","Skim"],"picked":"Self Repair","floor":13.0},{"not_picked":["Leap","Go for the Eyes"],"picked":"Heatsinks","floor":14.0},{"not_picked":["Reboot","Amplify"],"picked":"Creative AI","floor":16.0},{"not_picked":["Go for the Eyes","Turbo"],"picked":"Loop","floor":18.0},{"not_picked":["Gash","Barrage"],"picked":"All For One","floor":23.0},{"not_picked":["Hologram","Double Energy","Consume+1"],"picked":"SKIP","floor":24.0},{"not_picked":["Meteor Strike","Aggregate","Conserve Battery+1"],"picked":"SKIP","floor":25.0},{"not_picked":["Aggregate","Conserve Battery+1"],"picked":"Meteor Strike","floor":25.0},{"not_picked":["Compile Driver+1","Aggregate","Sweeping Beam+1"],"picked":"SKIP","floor":27.0},{"not_picked":["Sweeping Beam","Reprogram","Recycle"],"picked":"SKIP","floor":28.0},{"not_picked":["Redo","Leap"],"picked":"Reboot","floor":31.0},{"not_picked":["Fission","Hyperbeam"],"picked":"Meteor Strike","floor":33.0},{"not_picked":["Glacier","Fusion"],"picked":"Storm","floor":35.0},{"not_picked":["Ball Lightning","Hologram+1"],"picked":"Beam Cell","floor":36},{"not_picked":["Reboot","Darkness"],"picked":"Glacier+1","floor":38},{"not_picked":["Hello World+1","Steam"],"picked":"Electrodynamics","floor":41},{"not_picked":["Coolheaded+1","Aggregate"],"picked":"BootSequence+1","floor":44},{"not_picked":["Streamline+1","Capacitor"],"picked":"Defragment+1","floor":45},{"not_picked":["Reprogram","Steam Power+1"],"picked":"Gash+1","floor":46},{"not_picked":["Self Repair","Aggregate+1"],"picked":"Glacier","floor":48},{"not_picked":["Genetic Algorithm+1","Darkness"],"picked":"Barrage+1","floor":54}],"player_experience":935484,"relics_obtained":[{"floor":6.0,"key":"Strawberry"},{"floor":8.0,"key":"Mummified Hand"},{"floor":9.0,"key":"Blood Vial"},{"floor":11.0,"key":"DataDisk"},{"floor":23.0,"key":"Centennial Puzzle"},{"floor":28.0,"key":"Matryoshka"},{"floor":36,"key":"Unceasing Top"},{"floor":41,"key":"Ginger"},{"floor":43,"key":"Bag of Preparation"},{"floor":43,"key":"Art of War"},{"floor":44,"key":"HornCleat"},{"floor":54,"key":"StrikeDummy"}],"event_choices":[{"damage_healed":0.0,"max_hp_gain":0.0,"max_hp_loss":0.0,"gold_gain":0.0,"cards_transformed":["Strike_B"],"event_name":"Transmorgrifier","player_choice":"Transformed","floor":3.0,"gold_loss":0.0,"damage_taken":0.0,"cards_obtained":["BootSequence"]},{"damage_healed":0.0,"max_hp_gain":0.0,"max_hp_loss":0.0,"gold_gain":0.0,"event_name":"Scrap Ooze","player_choice":"Success","floor":10.0,"gold_loss":0.0,"damage_taken":12.0,"relics_obtained":["Bronze Scales"]},{"damage_healed":0.0,"max_hp_gain":0.0,"max_hp_loss":0.0,"gold_gain":0.0,"event_name":"The Mausoleum","player_choice":"Opened","floor":19.0,"gold_loss":0.0,"damage_taken":0.0,"relics_obtained":["Omamori"]},{"cards_removed":["Strike_B"],"damage_healed":0.0,"max_hp_gain":0.0,"max_hp_loss":0.0,"gold_gain":0.0,"event_name":"Back to Basics","player_choice":"Elegance","floor":20.0,"gold_loss":0.0,"damage_taken":0.0},{"damage_healed":0.0,"max_hp_gain":0.0,"max_hp_loss":0.0,"gold_gain":0.0,"event_name":"N\u0027loth","player_choice":"Traded Relic","floor":22.0,"relics_lost":["NeowsBlessing"],"gold_loss":0.0,"damage_taken":0.0,"relics_obtained":["Nloth\u0027s Gift"]},{"damage_healed":0,"gold_gain":0,"player_choice":"Fight","damage_taken":0,"max_hp_gain":0,"max_hp_loss":0,"event_name":"Mysterious Sphere","floor":36,"gold_loss":0},{"damage_healed":0,"gold_gain":0,"player_choice":"Bought 0 Potions","damage_taken":0,"max_hp_gain":0,"max_hp_loss":0,"event_name":"The Woman in Blue","floor":37,"gold_loss":0},{"damage_healed":0,"gold_gain":0,"player_choice":"Embrace Madness","damage_taken":10,"max_hp_gain":0,"max_hp_loss":0,"event_name":"Winding Halls","floor":39,"gold_loss":0,"cards_obtained":["Madness","Madness"]},{"damage_healed":0,"gold_gain":0,"player_choice":"Got Potions","damage_taken":0,"max_hp_gain":0,"max_hp_loss":0,"event_name":"Lab","floor":47,"gold_loss":0}],"is_beta":false,"boss_relics":[{"not_picked":["Snecko Eye","Runic Pyramid"],"picked":"Sozu"},{"not_picked":["Coffee Dripper","Runic Dome"],"picked":"Astrolabe"}],"items_purged_floors":[21],"is_endless":false,"potions_floor_spawned":[4,5,12,13,14,16,25,33,36,44,46,54],"ascension_level":1}}