{"host":"j5j96s76v36ug78u","time":1613230084,"event":{"mods":["BaseMod","Better Third Choice","Downfall","Highlight Path","Minty Spire (QoL Compilation)","Reliquary","StSLib","The Animator"],"gold_per_floor":[99,109,119,131,195,211,237,261,291,304,304,304,304,304],"floor_reached":12,"language":"ENG","playtime":855,"items_purged":[],"score":80,"play_id":"c1b8b6e4-415a-43b8-8acd-4bdb39b88d23","local_time":"20210213122804","is_ascension_mode":false,"campfire_choices":[{"data":"hexamod:Float","floor":1,"key":"SMITH"},{"floor":11,"key":"REST"}],"circlet_count":0,"master_deck":["hexamod:Strike","hexamod:Strike","hexamod:Strike","hexamod:Strike","hexamod:Defend","hexamod:Defend","hexamod:Defend","hexamod:Defend","hexamod:Sear","hexamod:Float+1","hexamod:RadiantFlame","hexamod:RadiantFlame","hexamod:NightmareGuise","hexamod:GhostflameBarrier","hexamod:NightmareStrike","hexamod:GhostShield","hexamod:RadiantFlame"],"relics":["hexamod:SpiritBrand","Orichalcum","reliquary:PartyBalloon","Potion Belt","Bronze Scales"],"acts_visited":["Exordium"],"potions_floor_usage":[],"damage_taken":[{"damage":0,"enemies":"Small Slimes","floor":2,"turns":3},{"damage":4,"enemies":"Jaw Worm","floor":3,"turns":4},{"damage":0,"enemies":"2 Louse","floor":4,"turns":4},{"damage":33,"enemies":"Lagavulin Event","floor":5,"turns":9},{"damage":0,"enemies":"downfall:LooterAlt","floor":6,"turns":4},{"damage":24,"enemies":"3 Sentries","floor":9,"turns":12},{"damage":12,"enemies":"3 Louse","floor":10,"turns":4},{"damage":27,"enemies":"Lagavulin","floor":12,"turns":9}],"seed_played":"-5021459402718830662","potions_obtained":[{"floor":4,"key":"hexamod:InfernoChargePotion"},{"floor":9,"key":"ColorlessPotion"},{"floor":10,"key":"Explosive Potion"}],"is_trial":false,"path_per_floor":["R","M","M","M","?","M","T","T","E","M","R","E"],"character_chosen":"THE_SPIRIT","items_purchased":[],"campfire_rested":1,"item_purchase_floors":[],"current_hp_per_floor":[77,77,73,73,40,40,40,40,16,4,27,0,0,0],"gold":304,"neow_bonus":"TEN_PERCENT_HP_BONUS","is_daily":false,"chose_seed":false,"campfire_upgraded":1,"win_rate":0.0,"timestamp":1613230084,"path_taken":["R","M","M","M","?","M","T","?","E","M","R","E"],"items_purchased_type":[],"build_version":"2020-12-22","purchased_purges":0,"victory":false,"max_hp_per_floor":[77,77,77,77,77,77,77,77,77,77,77,77,77,77],"card_choices":[{"not_picked":["hexamod:ShieldOfDarkness","hexamod:PhantomFireball"],"picked":"hexamod:RadiantFlame","floor":2},{"not_picked":["hexamod:Firestarter","hexamod:BurningTouch"],"picked":"hexamod:RadiantFlame","floor":3},{"not_picked":["hexamod:BurningTouch","hexamod:HeatMetal"],"picked":"hexamod:NightmareGuise","floor":4},{"not_picked":["hexamod:GhostShield","hexamod:HeatMetal"],"picked":"hexamod:GhostflameBarrier","floor":5},{"not_picked":["hexamod:SwordOfDarkness","hexamod:NightmareGuise"],"picked":"hexamod:NightmareStrike","floor":6},{"not_picked":["hexamod:GhostOfSpirePast","hexamod:SpectersWail"],"picked":"hexamod:GhostShield","floor":9},{"not_picked":["hexamod:NightmareGuise","hexamod:Rewind"],"picked":"hexamod:RadiantFlame","floor":10}],"player_experience":233657,"relics_obtained":[{"floor":7,"key":"reliquary:PartyBalloon"},{"floor":8,"key":"Potion Belt"},{"floor":9,"key":"Bronze Scales"}],"event_choices":[],"is_beta":false,"boss_relics":[],"items_purged_floors":[],"is_endless":false,"potions_floor_spawned":[4,9,10],"killed_by":"Lagavulin","ascension_level":0}}