{"host":"0unxf5n5bucfuoy7","time":1613258380,"event":{"mods":["Act Like it!","AlwaysNeverKeys","Aspiration","Astrologer","BaseMod","Better Altar","Better Match","Better Note","Better Sensory Stone","Better Third Choice","Better Vampires","Conspire","Custom Start","DeckTracker","Downfall","Elementarium","Friendly Minions","GifTheSpireLib","Hallownest","Hubris","Infinite Spire","Minty Spire (QoL Compilation)","Permanent Neow","Potionbrewer","Quick Restart","Random Character Button","Replay The Spire","Spikes Relics","StSLib","The Bug Knight","The Death Knight","The Exalted","The Hierophant","The Spell Scribe","Transform Curses","Virulent Crown","Wandering Minibosses"],"gold_per_floor":[118,150,150,165,165,200,214,214,214,214,214,214,248,248,348,447,447,461,461,386,1142,1177,1202,1202,1237,1260,1274,1274,1274],"floor_reached":28,"language":"ENG","playtime":2142,"items_purged":[],"score":467,"play_id":"e74707c7-9616-43a1-86a6-67af5c511e50","local_time":"20210213181940","daily_mods":["Heirloom","Flight","DeadlyEvents"],"is_ascension_mode":false,"campfire_choices":[],"circlet_count":0,"master_deck":["infinitespire:Oblivion","infinitespire:UltimateForm","HollowMod:MantisMark","HollowMod:MonomonsArchive","HollowMod:PogoStrike","HollowMod:FocusHealStart+1","HollowMod:AbyssShriek","HollowMod:BlackTendrils","HollowMod:WraithStrike","HollowMod:WhiteLadysBlessing","HollowMod:SharpenedShadows","HollowMod:VoidDash","HollowMod:VoidDash+1","HollowMod:SiblingsShadow","HollowMod:SiblingsShadow","HollowMod:ShadowDash","HollowMod:AbyssShriek","HollowMod:BlackTendrils","HollowMod:WraithStrike","HollowMod:VengefulVoid","HollowMod:DescendingDark","HollowMod:LordofShades+1","HollowMod:QuirrelsAssistance+1","conspire:SharedLibrary","ReplaySolidLightProjector","infinitespire:Gouge+1","HollowMod:QuirrelsAssistance+1","Blizzard+1","HollowMod:FallenFury+1","HollowMod:VoidDash","HollowMod:ChannelNail","All For One+1","Meteor Strike+1","Melter+1","HollowMod:WraithStrike+1","Sweeping Beam+1","HollowMod:DungDefenderAura"],"relics":["HollowMod:VesselMask","TungstenRod","Bromod:ArcaneEnergize","hubris:BottledRain","infinitespire:BottledMercury","infinitespire:Bottled Soul","Bronze Scales","Matryoshka","HollowMod:VoidIdolRelic","HollowMod:StagPassRelic","aspiration:DefectSkillbook","Bird Faced Urn","Replay:Ringing Soul","Blue Doll","hubris:64BitClover","Molten Egg 2","SpikesRelics:ToyHorsey","War Paint","SnailShell","Iron Hammer","Replay:Mystery Machine","hubris:TenFootPole","Replay:Multitool","DeathKnight:PutricidesVial","Kunai","RoseTintedShades","Sundial","Bromod:ArcaneGrace","Red Mask","wanderingMiniBosses:MasterThiefsPresence","ReplayTheSpireMod:TigerMarble","Replay:Bottled Steam","RollingBoulder","Gremlin Food","Lizard Tail"],"acts_visited":["Exordium","Hallownest:Greenpath"],"potions_floor_usage":[],"damage_taken":[{"damage":0.0,"enemies":"2_ Uuma","floor":1.0,"turns":3.0},{"damage":3.0,"enemies":"Hallownest:eliteCrystalGuardian","floor":2.0,"turns":4.0},{"damage":1.0,"enemies":"Hallownest:2_MossCreeps","floor":4.0,"turns":3.0},{"damage":4.0,"enemies":"Hallownest:eliteCrystalGuardian","floor":6.0,"turns":3.0},{"damage":0.0,"enemies":"Hallownest:monsterHuskGuard","floor":7.0,"turns":3.0},{"damage":0.0,"enemies":"Hallownest:eliteMossKnight","floor":13.0,"turns":2.0},{"damage":21.0,"enemies":"Hallownest:BossFalseKnight","floor":16.0,"turns":5.0},{"damage":0.0,"enemies":"Hallownest:Flukemon_and_Top","floor":18.0,"turns":4.0},{"damage":7,"enemies":"Hallownest:3_Youths","floor":21,"turns":7},{"damage":10,"enemies":"Hallownest:eliteSoulWarrior","floor":22,"turns":4},{"damage":6,"enemies":"Hallownest:Nosk","floor":23,"turns":6},{"damage":12,"enemies":"Nightmare","floor":25,"turns":6},{"damage":3,"enemies":"Hallownest:3_Mistakes","floor":27,"turns":2},{"damage":0,"enemies":"Hallownest:eliteWatcherKnight","floor":28,"turns":2}],"seed_played":"3627090731825144130","potions_obtained":[{"floor":1.0,"key":"Block Potion"},{"floor":12.0,"key":"bronze:BurnAndBuffPotion"},{"floor":12.0,"key":"potionbrewer:CleansingPotion"},{"floor":16.0,"key":"LifebloodPotion"}],"is_trial":true,"path_per_floor":["M","?","?","M","?","E","M","T","T","$","?","R","E","T","R","B",null,"M","?","?","M","E","E","?","NM","T","M","E"],"character_chosen":"THE_BUGKNIGHT","items_purchased":[],"campfire_rested":0,"item_purchase_floors":[],"current_hp_per_floor":[78,81,81,83,65,79,90,90,90,90,90,90,96,96,96,87,99,102,102,105,108,101,109,114,114,114,114,114,114],"gold":1274,"neow_bonus":"","is_daily":false,"chose_seed":false,"campfire_upgraded":0,"win_rate":0.0,"timestamp":1613258380,"path_taken":["M","?","?","?","?","?","M","?","T","$","?","R","E","?","R","BOSS","M","?","?","M","?","E","?","NM","T","M","?"],"items_purchased_type":[],"build_version":"2020-12-22","purchased_purges":0,"victory":false,"max_hp_per_floor":[78,81,81,84,87,90,93,93,93,93,93,93,96,96,96,99,99,102,102,105,108,111,114,114,117,117,120,120,120],"card_choices":[{"not_picked":["HollowMod:Grubsong","Hello World","Leap"],"picked":"HollowMod:QuirrelsAssistance+1","floor":1.0},{"not_picked":["Consume","Sweeping Beam+1","Static Discharge"],"picked":"conspire:SharedLibrary","floor":2.0},{"not_picked":["Panic Button","HollowMod:Grubsong","Time Bomb"],"picked":"ReplaySolidLightProjector","floor":4.0},{"not_picked":["infinitespire:TheBestDefense","infinitespire:UltimateForm"],"picked":"infinitespire:Gouge","floor":5.0},{"not_picked":["HollowMod:ShapeofUnn","HollowMod:PureNailStrike+1","HollowMod:DoubleDash"],"picked":"HollowMod:QuirrelsAssistance+1","floor":6.0},{"not_picked":["Gash+1","Consume","Steam"],"picked":"Blizzard+1","floor":7.0},{"not_picked":["HollowMod:MothsMistake","HollowMod:CornifersMapStart","HollowMod:CycloneSlash+1"],"picked":"HollowMod:FallenFury+1","floor":13.0},{"not_picked":["hubris:DoWhile","Seek","Biased Cognition"],"picked":"HollowMod:VoidDash","floor":16.0},{"not_picked":["Rebound+1","Self Repair+1","HollowMod:SharpenedNail+1"],"picked":"HollowMod:ChannelNail","floor":18.0},{"not_picked":["hubris:Prefetch+1","Amplify+1","ReplayTheSpireMod:Omega Cannon+1"],"picked":"All For One+1","floor":20.0},{"not_picked":["Coolheaded","HollowMod:ChannelNail","Panic Button"],"picked":"Meteor Strike+1","floor":21},{"not_picked":["HollowMod:CycloneSlash+1","HollowMod:TaintedHusks","HollowMod:Grubsong+1"],"picked":"Melter+1","floor":22},{"not_picked":["Hologram","Panic Button","HollowMod:VengefulVoid+1"],"picked":"HollowMod:WraithStrike+1","floor":23},{"not_picked":["Reprogram+1","Undo","HollowMod:TaintedHusks"],"picked":"Sweeping Beam+1","floor":25},{"not_picked":["Redo+1","HollowMod:SoulStrike+1","Steam"],"picked":"HollowMod:DungDefenderAura","floor":27}],"player_experience":123485,"relics_obtained":[{"floor":2.0,"key":"Iron Hammer"},{"floor":6.0,"key":"Replay:Mystery Machine"},{"floor":8.0,"key":"hubris:TenFootPole"},{"floor":8.0,"key":"Replay:Multitool"},{"floor":9.0,"key":"DeathKnight:PutricidesVial"},{"floor":9.0,"key":"Kunai"},{"floor":13.0,"key":"RoseTintedShades"},{"floor":14.0,"key":"Sundial"},{"floor":21,"key":"wanderingMiniBosses:MasterThiefsPresence"},{"floor":22,"key":"ReplayTheSpireMod:TigerMarble"},{"floor":23,"key":"Replay:Bottled Steam"},{"floor":25,"key":"RollingBoulder"},{"floor":26,"key":"Gremlin Food"},{"floor":27,"key":"Lizard Tail"}],"event_choices":[{"damage_healed":0.0,"max_hp_gain":0.0,"max_hp_loss":0.0,"gold_gain":0.0,"event_name":"betterMatch:BetterMatch","player_choice":"2","floor":20.0,"gold_loss":0.0,"damage_taken":0.0,"cards_obtained":["betterMatch:RareCard"]}],"is_beta":false,"boss_relics":[{"not_picked":["hubris:Backtick","hubris:Stopwatch"],"picked":"Bromod:ArcaneGrace"}],"items_purged_floors":[],"is_endless":false,"potions_floor_spawned":[1,13,16,21,22,25],"killed_by":"Hallownest:eliteWatcherKnight","ascension_level":0}}