{"host":"y4mx56vxqys6xwyn","time":1613254299,"event":{"mods":["BaseMod","Hermit","Minty Spire (QoL Compilation)","StSLib"],"gold_per_floor":[116,131,131,149,149,149,149,173,221,254,254,5,30,205,205,330,330,316,2,21,21,41,41,66,85,85,85,85],"floor_reached":27,"language":"ENG","playtime":1626,"items_purged":[],"score":265,"play_id":"23dacbfe-8415-40c2-8ce3-7853a8c6738c","local_time":"20210213161139","is_ascension_mode":false,"campfire_choices":[{"floor":11,"key":"REST"},{"data":"Doubt","floor":15,"key":"PURGE"},{"data":"Dark Embrace","floor":23,"key":"SMITH"}],"circlet_count":0,"master_deck":["Defend_R","Defend_R+1","Defend_R","Defend_R","Bash","Pommel Strike","Armaments+1","Pommel Strike","Pommel Strike","Sword Boomerang","Bludgeon","Apotheosis","Corruption","Limit Break","Rage","Dramatic Entrance","Rampage","Pommel Strike","Shrug It Off+1","Bite","Bite","Bite","Bite","Bite","Dark Embrace+1","Warcry","Infernal Blade"],"relics":["Burning Blood","Golden Idol","Peace Pipe","Lantern","Vajra","Black Star","Toolbox","Pen Nib"],"acts_visited":["Exordium","TheCity"],"potions_floor_usage":[16,16,16,25,25],"damage_taken":[{"damage":1,"enemies":"Cultist","floor":1,"turns":3},{"damage":2,"enemies":"Small Slimes","floor":2,"turns":3},{"damage":6,"enemies":"Jaw Worm","floor":4,"turns":5},{"damage":7,"enemies":"Looter","floor":8,"turns":4},{"damage":20,"enemies":"Gremlin Nob","floor":10,"turns":4},{"damage":0,"enemies":"2 Fungi Beasts","floor":13,"turns":2},{"damage":58,"enemies":"The Guardian","floor":16,"turns":8},{"damage":30,"enemies":"2 Thieves","floor":18,"turns":4},{"damage":10,"enemies":"Spheric Guardian","floor":20,"turns":3},{"damage":15,"enemies":"Snake Plant","floor":22,"turns":6},{"damage":37,"enemies":"Sentry and Sphere","floor":24,"turns":6},{"damage":36,"enemies":"Centurion and Healer","floor":25,"turns":5},{"damage":22,"enemies":"Slavers","floor":27,"turns":2}],"seed_played":"8549744633088962758","potions_obtained":[{"floor":2,"key":"Ancient Potion"},{"floor":8,"key":"DistilledChaos"},{"floor":13,"key":"PowerPotion"},{"floor":18,"key":"CultistPotion"},{"floor":22,"key":"LiquidMemories"}],"is_trial":false,"path_per_floor":["M","M","?","M","T","?","?","M","T","E","R","$","M","?","R","B",null,"M","$","M","?","M","R","M","M","T","E"],"character_chosen":"IRONCLAD","items_purchased":["Bludgeon","Apotheosis","Toolbox","Dramatic Entrance","Rampage","Pommel Strike"],"campfire_rested":1,"item_purchase_floors":[12,12,19,19,19,19],"current_hp_per_floor":[88,88,81,81,81,65,81,80,80,66,81,81,81,81,81,29,81,57,57,53,53,53,53,36,18,18,0,0],"gold":85,"neow_bonus":"TEN_PERCENT_HP_BONUS","is_daily":false,"chose_seed":false,"campfire_upgraded":1,"win_rate":0.0,"timestamp":1613254299,"path_taken":["M","?","?","M","?","?","?","?","T","E","R","?","M","?","R","BOSS","M","$","M","?","M","R","M","M","T","E"],"items_purchased_type":["Card","Card","Relic","Card","Card","Card"],"build_version":"2020-12-22","purchased_purges":0,"victory":false,"max_hp_per_floor":[88,88,81,81,81,81,81,81,81,81,81,81,81,81,81,81,81,81,81,81,56,56,56,56,56,56,56,56],"card_choices":[{"not_picked":["Clothesline","True Grit"],"picked":"Pommel Strike","floor":1},{"not_picked":["Headbutt","Ghostly Armor"],"picked":"Armaments","floor":2},{"not_picked":["Bloodletting","Wild Strike"],"picked":"Pommel Strike","floor":4},{"not_picked":["Flex","Metallicize"],"picked":"Pommel Strike","floor":8},{"not_picked":["Thunderclap","Warcry"],"picked":"Sword Boomerang","floor":10},{"not_picked":["Burning Pact","Perfected Strike"],"picked":"Corruption","floor":13},{"not_picked":["Berserk","Brutality"],"picked":"Limit Break","floor":16},{"not_picked":["Iron Wave+1","True Grit"],"picked":"Rage","floor":18},{"not_picked":["Sever Soul","Twin Strike+1"],"picked":"Shrug It Off+1","floor":20},{"not_picked":["Metallicize","Pommel Strike+1"],"picked":"Dark Embrace","floor":22},{"not_picked":["Heavy Blade","Flex"],"picked":"Warcry","floor":24},{"not_picked":["Armaments","Sword Boomerang"],"picked":"Infernal Blade","floor":25}],"player_experience":24353,"relics_obtained":[{"floor":5,"key":"Peace Pipe"},{"floor":9,"key":"Lantern"},{"floor":10,"key":"Vajra"},{"floor":26,"key":"Pen Nib"}],"event_choices":[{"damage_healed":0,"gold_gain":0,"player_choice":"Lose Max HP","damage_taken":0,"relics_obtained":["Golden Idol"],"max_hp_gain":0,"max_hp_loss":7,"event_name":"Golden Idol","floor":3,"gold_loss":0},{"damage_healed":0,"gold_gain":0,"player_choice":"Entered Light","damage_taken":16,"max_hp_gain":0,"max_hp_loss":0,"event_name":"Shining Light","floor":6,"gold_loss":0,"cards_upgraded":["Armaments","Defend_R"]},{"damage_healed":16,"gold_gain":0,"player_choice":"Full Heal","damage_taken":0,"max_hp_gain":0,"max_hp_loss":0,"event_name":"Wheel of Change","floor":7,"gold_loss":0},{"damage_healed":0,"gold_gain":175,"player_choice":"AGREE","damage_taken":0,"max_hp_gain":0,"max_hp_loss":0,"event_name":"Liars Game","floor":14,"gold_loss":0,"cards_obtained":["Doubt"]},{"damage_healed":0,"gold_gain":0,"player_choice":"Became a vampire","damage_taken":0,"max_hp_gain":0,"max_hp_loss":25,"event_name":"Vampires","floor":21,"gold_loss":0,"cards_obtained":["Bite","Bite","Bite","Bite","Bite"]}],"is_beta":false,"boss_relics":[{"not_picked":["Coffee Dripper","Calling Bell"],"picked":"Black Star"}],"items_purged_floors":[],"is_endless":false,"potions_floor_spawned":[2,8,13,18,22],"killed_by":"Slavers","ascension_level":0}}