{"host":"1v3mnj67s3trvm6y","time":1613219860,"event":{"mods":["BaseMod","Challenge The Spire","Downfall","Minty Spire (QoL Compilation)","StSLib"],"gold_per_floor":[99,119,139,139,139,139,139,139,156,175,204,114,146,164,174,274,274,174,189,208,225,235,263,263,277,3,3,3,15,15,31,44,140,140,40,56,106,1105,1105,1087,1113,603,616,516,527,527,558,575,593,593,593,593,593,593],"floor_reached":52,"language":"ENG","playtime":3203,"items_purged":["champ:Defend","Normality","Normality"],"score":768,"play_id":"997adaee-c6e2-4d2a-a5fe-6ec7a76146b0","local_time":"20210213213740","is_ascension_mode":false,"campfire_choices":[{"data":"champ:GladiatorForm","floor":1,"key":"SMITH"},{"floor":8,"key":"DIG"},{"data":"champ:Improvising","floor":18,"key":"SMITH"},{"data":"champ:StanceDance","floor":28,"key":"SMITH"},{"floor":30,"key":"RECALL"},{"data":"champ:Improvising","floor":35,"key":"SMITH"},{"data":"champ:DancingMaster","floor":44,"key":"SMITH"},{"floor":46,"key":"DIG"}],"circlet_count":0,"master_deck":["champ:Execute","champ:Taunt+1","champ:GladiatorForm+1","champ:RageSigil","champ:BringItOn","champ:DefensiveShout","champ:EnragedBash","champ:Improvising+1","champ:BringItOn","champ:StanceDance+1","champ:DefensiveStyle","champ:BladeFlurry","champ:GutPunch","champ:Endure+1","champ:Shatter","champ:FanOfKnives","champ:FanOfKnives","downfall:Icky","champ:FanOfKnives+1","champ:EnragedBash","Bite","Bite","Bite","Bite","Bite","champ:Circumvent+1","champ:Improvising+1","champ:FlashCut","champ:HoldFirm+1","champ:EnchantShield+1","champ:LastStand+1","champ:HeartStrike+1","champ:StanceDance+1","champ:FlashCut","champ:DefensiveShout+1","champ:DancingMaster+1","expansioncontent:AwakenDeath","downfall:Bewildered","champ:Backstep+1","champ:CalledShot+1","champ:BerserkersShout+1","champ:StanceDance+1","champ:FancyFootwork+1"],"relics":["champ:ChampionCrown","champ:LiftRelic","Shovel","White Beast Statue","Juzu Bracelet","Potion Belt","Cursed Key","downfall:HeartBlessingGreen","Shuriken","Eternal Feather","Toxic Egg 2","Astrolabe","downfall:HeartBlessingRed","Gambling Chip","champ:DefensiveTrainingManual","Question Card","downfall:HeartBlessingBlue","Omamori","Letter Opener"],"acts_visited":["Exordium","TheCity","TheBeyond","TheEnding"],"potions_floor_usage":[11,13,19,20,21,22,22,23,23,25,26,37,45,48,48,52],"damage_taken":[{"damage":10,"enemies":"2 Louse","floor":2,"turns":4},{"damage":12,"enemies":"Small Slimes","floor":3,"turns":5},{"damage":11,"enemies":"Jaw Worm","floor":9,"turns":4},{"damage":4,"enemies":"Blue Slaver","floor":10,"turns":3},{"damage":34,"enemies":"Lagavulin","floor":11,"turns":7},{"damage":20,"enemies":"downfall:FleeingMerchant","floor":12,"turns":4},{"damage":62,"enemies":"Gremlin Nob","floor":13,"turns":5},{"damage":25,"enemies":"3 Louse","floor":14,"turns":4},{"damage":15,"enemies":"Large Slime","floor":15,"turns":5},{"damage":47,"enemies":"WA_ARCHETYPE_RETAIN","floor":16,"turns":7},{"damage":22,"enemies":"Spheric Guardian","floor":19,"turns":4},{"damage":24,"enemies":"Shell Parasite","floor":20,"turns":5},{"damage":15,"enemies":"Sentry and Sphere","floor":21,"turns":7},{"damage":30,"enemies":"Snake Plant","floor":22,"turns":5},{"damage":52,"enemies":"Slavers","floor":23,"turns":4},{"damage":11,"enemies":"3 Cultists","floor":25,"turns":3},{"damage":28,"enemies":"downfall:FleeingMerchant","floor":26,"turns":4},{"damage":15,"enemies":"Snecko","floor":29,"turns":4},{"damage":5,"enemies":"Sentry and Sphere","floor":31,"turns":3},{"damage":10,"enemies":"Shelled Parasite and Fungi","floor":32,"turns":4},{"damage":77,"enemies":"IC_MUSHROOM_ARCHETYPE","floor":33,"turns":6},{"damage":28,"enemies":"Orb Walker","floor":36,"turns":4},{"damage":35,"enemies":"2 Orb Walkers","floor":37,"turns":2},{"damage":8,"enemies":"downfall:FleeingMerchant","floor":40,"turns":4},{"damage":24,"enemies":"3 Shapes","floor":43,"turns":4},{"damage":1,"enemies":"Jaw Worm Horde","floor":45,"turns":4},{"damage":26,"enemies":"Reptomancer","floor":47,"turns":4},{"damage":31,"enemies":"Transient","floor":48,"turns":5},{"damage":5,"enemies":"4 Shapes","floor":49,"turns":6},{"damage":66,"enemies":"DF_ARCHETYPE_ORBS","floor":50,"turns":7},{"damage":93,"enemies":"downfall:CharBossMerchant","floor":52,"turns":5}],"seed_played":"8238525036711511891","potions_obtained":[{"floor":3,"key":"GamblersBrew"},{"floor":9,"key":"PowerPotion"},{"floor":10,"key":"SpeedPotion"},{"floor":11,"key":"Swift Potion"},{"floor":13,"key":"Dexterity Potion"},{"floor":14,"key":"PowerPotion"},{"floor":15,"key":"Swift Potion"},{"floor":19,"key":"champ:UltimateStancePotion"},{"floor":20,"key":"Ancient Potion"},{"floor":21,"key":"Energy Potion"},{"floor":22,"key":"Fruit Juice"},{"floor":23,"key":"champ:TechniquePotion"},{"floor":25,"key":"Block Potion"},{"floor":26,"key":"DuplicationPotion"},{"floor":29,"key":"LiquidMemories"},{"floor":31,"key":"Energy Potion"},{"floor":37,"key":"SpeedPotion"},{"floor":43,"key":"FearPotion"},{"floor":45,"key":"AttackPotion"},{"floor":48,"key":"SteroidPotion"},{"floor":49,"key":"Dexterity Potion"}],"is_trial":false,"path_per_floor":["R","M","M","?","?","?","T","R","M","M","E","$","E","M","M","B",null,"R","M","M","M","M","E","T","M","$","?","R","M","R","M","M","B",null,"R","M","?","?","?","$","T","$","M","R","M","R","E","M","M","B",null,"E"],"character_chosen":"THE_CHAMP","items_purchased":["Toxic Egg 2","champ:DancingMaster","expansioncontent:AwakenDeath","champ:DefensiveTrainingManual","Question Card"],"campfire_rested":0,"item_purchase_floors":[26,40,40,42,42],"current_hp_per_floor":[90,90,88,88,93,93,93,93,92,88,84,84,57,47,47,40,95,95,83,79,79,69,42,42,36,33,33,48,53,69,69,69,20,69,69,53,23,23,23,21,21,21,18,49,54,78,79,75,79,54,79,0,0,0],"gold":593,"neow_bonus":"ONE_RANDOM_RARE_CARD","is_daily":false,"chose_seed":false,"campfire_upgraded":5,"win_rate":0.0,"timestamp":1613219860,"path_taken":["R","M","M","?","?","?","T","R","M","M","E","$","E","M","M","BOSS","R","M","M","M","M","E","T","M","$","?","R","M","R","M","M","BOSS","R","M","?","?","?","$","T","?","M","R","M","R","E","M","M","BOSS","E"],"items_purchased_type":["Relic","Card","Card","Relic","Relic"],"build_version":"2020-12-22","purchased_purges":3,"victory":false,"max_hp_per_floor":[90,90,90,90,95,95,95,95,95,95,95,95,95,95,95,95,95,95,95,95,95,100,100,100,100,100,69,69,69,69,69,69,69,69,69,69,69,69,69,69,69,69,69,79,79,79,79,79,79,79,79,79,79,79],"card_choices":[{"not_picked":["champ:FanOfKnives","champ:BringItOn"],"picked":"champ:RageSigil","floor":2},{"not_picked":["champ:BladeFlurry","champ:PreciseThrust"],"picked":"champ:BringItOn","floor":3},{"not_picked":["champ:Shatter","champ:ViciousMockery"],"picked":"champ:DefensiveShout","floor":9},{"not_picked":["champ:AdrenalArmor","champ:PreciseThrust"],"picked":"champ:EnragedBash","floor":10},{"not_picked":["champ:GladiatorStyle","champ:AdrenalArmor"],"picked":"champ:Improvising","floor":11},{"not_picked":["champ:EnGarde","champ:PerfectedStrike"],"picked":"champ:BringItOn","floor":12},{"not_picked":["champ:RageSigil","champ:EnGarde"],"picked":"champ:StanceDance","floor":13},{"not_picked":["champ:BringItOn","champ:Circumvent"],"picked":"champ:DefensiveStyle","floor":14},{"not_picked":["champ:Haymaker","champ:FalseCounter"],"picked":"champ:BladeFlurry","floor":15},{"not_picked":["champ:MurderStrike","champ:SwordThrow"],"picked":"champ:LastStand","floor":16},{"not_picked":["champ:ShieldSigil","champ:TornadoPunch"],"picked":"champ:GutPunch","floor":19},{"not_picked":["champ:Parry+1","champ:ViciousMockery+1"],"picked":"champ:Endure+1","floor":20},{"not_picked":["champ:TornadoPunch","champ:Haymaker+1"],"picked":"champ:Shatter","floor":21},{"not_picked":["champ:SwordThrow","champ:Shatter"],"picked":"champ:FanOfKnives","floor":22},{"not_picked":["champ:BladeFlurry","champ:HeartStrike"],"picked":"champ:FanOfKnives","floor":23},{"not_picked":["champ:PreciseThrust","champ:BladeFlurry+1"],"picked":"champ:FanOfKnives+1","floor":25},{"not_picked":["champ:ViciousMockery","champ:Endure"],"picked":"champ:EnragedBash","floor":26},{"not_picked":["champ:PreemptiveStrike","champ:BladeFlurry"],"picked":"champ:Circumvent+1","floor":29},{"not_picked":["champ:Haymaker","champ:DefensiveShout+1"],"picked":"champ:Improvising","floor":31},{"not_picked":["champ:Shatter","champ:Circumvent+1"],"picked":"champ:FlashCut","floor":32},{"not_picked":["champ:HeavySlash","champ:IgnorePain+1"],"picked":"champ:HoldFirm+1","floor":33},{"not_picked":["champ:DefensiveShout+1","champ:ViciousMockery+1"],"picked":"champ:StanceDance+1","floor":36},{"not_picked":["champ:Shatter+1","champ:BringItOn+1"],"picked":"champ:FlashCut","floor":37},{"not_picked":["champ:EndlessRage","champ:FocusedBerserking+1"],"picked":"champ:DefensiveShout+1","floor":40},{"not_picked":["champ:BladeFlurry","champ:TornadoPunch","champ:Encircle+1"],"picked":"champ:Backstep+1","floor":43},{"not_picked":["champ:ShieldSigil+1","champ:BladeFlurry","champ:GutPunch+1"],"picked":"champ:CalledShot+1","floor":45},{"not_picked":["champ:PreciseThrust+1","champ:BringItOn+1","champ:DefensiveShout+1"],"picked":"champ:BerserkersShout+1","floor":47},{"not_picked":["champ:Encircle+1","champ:FanOfKnives","champ:EnragedBash"],"picked":"champ:StanceDance+1","floor":48},{"not_picked":["champ:DeathBlow","champ:EndlessRage+1","champ:PreciseThrust"],"picked":"champ:FancyFootwork+1","floor":49}],"player_experience":1790484,"relics_obtained":[{"floor":7,"key":"Shovel"},{"floor":8,"key":"White Beast Statue"},{"floor":11,"key":"Juzu Bracelet"},{"floor":13,"key":"Potion Belt"},{"floor":23,"key":"Shuriken"},{"floor":24,"key":"Eternal Feather"},{"floor":37,"key":"Gambling Chip"},{"floor":46,"key":"Omamori"},{"floor":47,"key":"Letter Opener"}],"event_choices":[{"damage_healed":0,"gold_gain":0,"player_choice":"Donut","damage_taken":0,"max_hp_gain":5,"max_hp_loss":0,"event_name":"Big Fish","floor":5,"gold_loss":0},{"damage_healed":0,"gold_gain":0,"player_choice":"Grow","damage_taken":0,"max_hp_gain":0,"max_hp_loss":0,"event_name":"Living Wall","floor":6,"gold_loss":0,"cards_upgraded":["champ:Taunt"]},{"damage_healed":0,"gold_gain":0,"player_choice":"Became a vampire","damage_taken":0,"max_hp_gain":0,"max_hp_loss":31,"event_name":"Vampires","floor":27,"gold_loss":0,"cards_obtained":["Bite","Bite","Bite","Bite","Bite"]},{"damage_healed":0,"gold_gain":0,"player_choice":"Fight","damage_taken":0,"max_hp_gain":0,"max_hp_loss":0,"event_name":"Mysterious Sphere","floor":37,"gold_loss":0},{"cards_removed":["champ:LastStand"],"damage_healed":0,"gold_gain":0,"player_choice":"Removed Power","damage_taken":0,"max_hp_gain":0,"max_hp_loss":0,"event_name":"Falling","floor":39,"gold_loss":0}],"is_beta":false,"boss_relics":[{"not_picked":["SacredBark","Snecko Eye"],"picked":"Cursed Key"},{"not_picked":["Runic Pyramid","Runic Dome"],"picked":"Astrolabe"}],"items_purged_floors":[12,40,42],"is_endless":false,"potions_floor_spawned":[3,9,10,11,12,13,14,15,16,19,20,21,22,23,25,26,29,31,32,33,36,37,40,43,45,47,48,49],"killed_by":"downfall:CharBossMerchant","ascension_level":0}}