{"host":"knk89g45d3vzr5fm","time":1613218340,"event":{"mods":["2.2 Compatiblity","BaseMod","Downfall","Minty Spire (QoL Compilation)","Relic Stats","Reliquary","Replay The Spire","StSLib","The Marked"],"gold_per_floor":[99,116,132,149,149,149,228,228,228,228],"floor_reached":8,"language":"FRA","playtime":279,"items_purged":[],"score":62,"play_id":"9547bf9c-343e-44f5-a6a7-bffb328b1491","local_time":"20210213131220","is_ascension_mode":true,"campfire_choices":[{"data":"sneckomod:TailWhip","floor":1,"key":"SMITH"},{"data":"sneckomod:Memorize","floor":6,"key":"SMITH"}],"circlet_count":0,"master_deck":["sneckomod:Strike","sneckomod:Strike","sneckomod:Strike","sneckomod:Defend","sneckomod:Defend","sneckomod:Defend","sneckomod:TailWhip+1","sneckomod:SnekBite","sneckomod:Unknown","sneckomod:Unknown","sneckomod:Rotation","sneckomod:DiceBoulder","sneckomod:Memorize+1"],"relics":["sneckomod:SneckoSoul","Pocketwatch","Replay:Bottled Snecko"],"acts_visited":["Exordium"],"potions_floor_usage":[8],"damage_taken":[{"damage":22,"enemies":"Small Slimes","floor":2,"turns":2},{"damage":2,"enemies":"Jaw Worm","floor":3,"turns":3},{"damage":0,"enemies":"2 Louse","floor":4,"turns":3},{"damage":48,"enemies":"3 Sentries","floor":8,"turns":5}],"seed_played":"5341783738433703608","potions_obtained":[{"floor":4,"key":"bronze:BurnAndBuffPotion"}],"is_trial":false,"path_per_floor":["R","M","M","M","?","R","T","E"],"character_chosen":"THE_SNECKO","items_purchased":[],"campfire_rested":0,"item_purchase_floors":[],"current_hp_per_floor":[57,50,48,48,48,48,48,0,0,0],"gold":228,"neow_bonus":"ONE_RARE_RELIC","is_daily":false,"chose_seed":false,"campfire_upgraded":2,"win_rate":0.0,"timestamp":1613218340,"path_taken":["R","M","M","M","?","R","T","E"],"items_purchased_type":[],"build_version":"2020-12-22","purchased_purges":0,"victory":false,"max_hp_per_floor":[90,90,90,90,90,90,90,90,90,90],"relic_stats":{"counters":[4,13],"obtain_stats":[{"Replay:Bottled Snecko":7,"sneckomod:SneckoSoul":0,"Pocketwatch":0},{"Replay:Bottled Snecko":3,"sneckomod:SneckoSoul":0,"Pocketwatch":0},{"Replay:Bottled Snecko":8,"sneckomod:SneckoSoul":0,"Pocketwatch":0}],"Pocketwatch":[12]},"card_choices":[{"not_picked":["sneckomod:Unknown2Cost","sneckomod:UnknownClassBLUE"],"picked":"sneckomod:Rotation","floor":2},{"not_picked":["sneckomod:DiceCrush","sneckomod:IronFang"],"picked":"sneckomod:DiceBoulder","floor":3},{"not_picked":["sneckomod:RainOfDice","sneckomod:Unknown1Cost"],"picked":"sneckomod:Memorize","floor":4}],"player_experience":2124289,"relics_obtained":[{"floor":7,"key":"Replay:Bottled Snecko"}],"event_choices":[],"is_beta":false,"boss_relics":[],"items_purged_floors":[],"is_endless":false,"potions_floor_spawned":[4],"killed_by":"3 Sentries","ascension_level":7}}