{"host":"Cenci","time":1613235259,"event":{"mods":["BaseMod","Downfall","Highlight Path","Minty Spire (QoL Compilation)","StSLib"],"gold_per_floor":[349,366,33,333,344,344,344,375,375,375,403,419,250,350,366,470,470,470,484,497,510,522,547,573,573,573,573],"floor_reached":25,"language":"ENG","playtime":1321,"items_purged":["hexamod:Strike"],"score":289,"play_id":"1a2aa406-f941-48a0-87cb-d42c66c0bd41","local_time":"20210213175419","is_ascension_mode":true,"campfire_choices":[{"data":"hexamod:Float","floor":1,"key":"SMITH"},{"data":"The Bomb","floor":6,"key":"SMITH"},{"data":"hexamod:Hexaguard","floor":9,"key":"SMITH"},{"floor":18,"key":"RECALL"}],"circlet_count":0,"master_deck":["hexamod:Strike","hexamod:Strike","hexamod:Defend","hexamod:Defend","hexamod:Defend","hexamod:Defend","hexamod:Sear","hexamod:Float+1","hexamod:BacktrackSmack","The Bomb+1","hexamod:Hexaguard+1","hexamod:Rewind+1","hexamod:RecurringNightmare","hexamod:GhostOfSpireFuture"],"relics":["hexamod:SpiritBrand","Juzu Bracelet","Old Coin","Matryoshka","Bronze Scales","Blue Candle","Mercury Hourglass","Black Star","Blood Vial","Letter Opener","MealTicket"],"acts_visited":["Exordium","TheCity"],"potions_floor_usage":[14,22,23],"damage_taken":[{"damage":8,"enemies":"Small Slimes","floor":2,"turns":3},{"damage":0,"enemies":"downfall:FleeingMerchant","floor":3,"turns":4},{"damage":3,"enemies":"2 Louse","floor":5,"turns":2},{"damage":10,"enemies":"3 Sentries","floor":8,"turns":3},{"damage":4,"enemies":"Gremlin Nob","floor":11,"turns":3},{"damage":2,"enemies":"Jaw Worm","floor":12,"turns":3},{"damage":0,"enemies":"downfall:FleeingMerchant","floor":13,"turns":4},{"damage":9,"enemies":"downfall:Heads","floor":14,"turns":4},{"damage":0,"enemies":"Blue Slaver","floor":15,"turns":3},{"damage":12,"enemies":"WA_ARCHETYPE_RETAIN","floor":16,"turns":6},{"damage":6,"enemies":"Shell Parasite","floor":19,"turns":4},{"damage":0,"enemies":"3 Byrds","floor":20,"turns":2},{"damage":19,"enemies":"Shelled Parasite and Fungi","floor":21,"turns":5},{"damage":9,"enemies":"Sentry and Sphere","floor":22,"turns":6},{"damage":13,"enemies":"Book of Stabbing","floor":23,"turns":5},{"damage":5,"enemies":"Snake Plant","floor":25,"turns":2}],"seed_played":"-8100568637921335326","potions_obtained":[{"floor":8,"key":"FearPotion"},{"floor":11,"key":"Energy Potion"},{"floor":12,"key":"hexamod:EctoCoolerPotion"},{"floor":14,"key":"BlessingOfTheForge"},{"floor":22,"key":"Dexterity Potion"},{"floor":23,"key":"sneckomod:MuddlingPotion"}],"is_trial":false,"path_per_floor":["R","M","$","?","M","R","T","E","R","?","E","M","$","?","M","B",null,"R","M","M","M","M","E","T","M"],"character_chosen":"THE_SPIRIT","items_purchased":["The Bomb","Juzu Bracelet","hexamod:RecurringNightmare"],"campfire_rested":0,"item_purchase_floors":[3,3,13],"current_hp_per_floor":[63,55,55,55,52,52,52,42,42,37,33,31,31,22,22,10,50,50,44,44,25,16,3,3,0,0,0],"gold":573,"neow_bonus":"TWO_FIFTY_GOLD","is_daily":false,"chose_seed":false,"campfire_upgraded":3,"win_rate":0.0,"timestamp":1613235259,"path_taken":["R","M","$","?","M","R","T","E","R","?","E","M","$","?","M","BOSS","R","M","M","M","M","E","T","M"],"items_purchased_type":["Card","Relic","Card"],"build_version":"2020-11-17","purchased_purges":1,"victory":false,"max_hp_per_floor":[63,63,63,63,63,63,63,63,63,63,63,63,63,63,63,63,63,63,63,63,63,63,63,63,63,63,63],"card_choices":[{"not_picked":["hexamod:Firestarter","hexamod:EmpoweredFlame"],"picked":"hexamod:BacktrackSmack","floor":2},{"not_picked":["hexamod:FlamesFromBeyond","hexamod:NightmareGuise","hexamod:InspiringFlames"],"picked":"SKIP","floor":3},{"not_picked":["hexamod:FlamesFromBeyond","hexamod:HeatCrush"],"picked":"hexamod:Hexaguard","floor":5},{"not_picked":["hexamod:GhostLash","hexamod:CatchUp"],"picked":"hexamod:Rewind","floor":8},{"not_picked":["hexamod:FastForward","hexamod:DynamicBlow","hexamod:GhostOfSpireFuture"],"picked":"SKIP","floor":11},{"not_picked":["hexamod:ExtraCrispy","hexamod:SpectersWail","hexamod:SpectralAdrenaline"],"picked":"SKIP","floor":12},{"not_picked":["hexamod:ThermalTransfer","hexamod:VolcanoVisage","hexamod:GhostflameBarrier"],"picked":"SKIP","floor":13},{"not_picked":["hexamod:WildfireWeapon","hexamod:SecondSeal","hexamod:NightmareGuise"],"picked":"SKIP","floor":15},{"not_picked":["hexamod:BacktrackSmack","hexamod:PhantomCloak","hexamod:EtherealExpedition"],"picked":"SKIP","floor":19},{"not_picked":["hexamod:GhostLash","hexamod:StepThrough","hexamod:SuperheatedStrike"],"picked":"SKIP","floor":20},{"not_picked":["hexamod:SwordOfDarkness","hexamod:PhantomFireball"],"picked":"hexamod:GhostOfSpireFuture","floor":21},{"not_picked":["hexamod:SwordOfDarkness+1","hexamod:BurningTouch+1","hexamod:GhostLash+1"],"picked":"SKIP","floor":22},{"not_picked":["hexamod:FastForward","hexamod:ApocalypseNow","hexamod:NightmareGuise"],"picked":"SKIP","floor":23}],"player_experience":316719,"relics_obtained":[{"floor":7,"key":"Matryoshka"},{"floor":8,"key":"Bronze Scales"},{"floor":11,"key":"Mercury Hourglass"},{"floor":23,"key":"Blood Vial"},{"floor":23,"key":"Letter Opener"},{"floor":24,"key":"MealTicket"}],"event_choices":[],"is_beta":true,"boss_relics":[{"not_picked":["SacredBark","bronze:MakeshiftBattery"],"picked":"Black Star"}],"items_purged_floors":[13],"is_endless":false,"potions_floor_spawned":[8,11,12,14,19,21,22,23],"killed_by":"Snake Plant","ascension_level":5}}