{"host":"0fd22hpf43j6tvvm","time":1613247356,"event":{"mods":["AchievementEnabler","BaseMod","Colored Map","Minty Spire (QoL Compilation)","Relic Stats"],"gold_per_floor":[119,119,144,157,157,191,191,205,205,223,237,272,42,72,72,191,191,210,228,228,242,242,242,275,298,321,321,344,380,109,109,109,232,232,247,48,71,84,103,144,165,165,189,242,275,321,333,345,357,369],"floor_reached":51,"language":"ENG","playtime":4837,"items_purged":["Strike_B","Strike_B","Defend_B"],"score":1076,"play_id":"8421683c-257e-430f-bc1a-9d1f20dd1735","local_time":"20210213151556","is_ascension_mode":true,"campfire_choices":[{"data":"Sweeping Beam","floor":7.0,"key":"SMITH"},{"data":"Defragment","floor":15.0,"key":"SMITH"},{"data":"Consume","floor":23.0,"key":"SMITH"},{"data":"RitualDagger","floor":27.0,"key":"SMITH"},{"data":"Glacier","floor":32.0,"key":"SMITH"},{"data":"Echo Form","floor":42.0,"key":"SMITH"},{"data":"Biased Cognition","floor":47,"key":"SMITH"},{"data":"Conserve Battery","floor":49,"key":"SMITH"}],"circlet_count":0,"master_deck":["Strike_B","Defend_B","Zap","Dualcast","CurseOfTheBell","Leap","Streamline","Sweeping Beam+1","Ball Lightning","Rebound","Conserve Battery","Steam","Glacier+1","Defragment+1","Coolheaded","Cold Snap","Biased Cognition+1","Steam+1","Doom and Gloom","RitualDagger+1","Rip and Tear+1","Conserve Battery+1","Consume+1","Loop+1","Beam Cell+1","Undo","Doom and Gloom+1","Echo Form+1","Force Field+1","Conserve Battery+1","Leap+1","Defragment+1"],"relics":["Calling Bell","Happy Flower","Meat on the Bone","Ice Cream","Golden Idol","Question Card","HornCleat","Matryoshka","Regal Pillow","Coffee Dripper","Molten Egg 2","Pen Nib","Smiling Mask","Vajra","OrangePellets","Black Star","MealTicket","Centennial Puzzle","Anchor","MawBank","Potion Belt","Bag of Marbles","Juzu Bracelet","Dream Catcher","Akabeko","The Courier"],"acts_visited":["TheCity","TheBeyond"],"potions_floor_usage":[44,50,50,50],"damage_taken":[{"damage":0.0,"enemies":"Small Slimes","floor":1.0,"turns":3.0},{"damage":1.0,"enemies":"2 Louse","floor":3.0,"turns":5.0},{"damage":0.0,"enemies":"Cultist","floor":4.0,"turns":3.0},{"damage":36.0,"enemies":"Lagavulin","floor":6.0,"turns":7.0},{"damage":7.0,"enemies":"Blue Slaver","floor":8.0,"turns":4.0},{"damage":0.0,"enemies":"3 Louse","floor":10.0,"turns":3.0},{"damage":0.0,"enemies":"2 Fungi Beasts","floor":11.0,"turns":3.0},{"damage":15.0,"enemies":"Gremlin Nob","floor":12.0,"turns":4.0},{"damage":3.0,"enemies":"The Guardian","floor":16.0,"turns":12.0},{"damage":0.0,"enemies":"Shell Parasite","floor":18.0,"turns":5.0},{"damage":0.0,"enemies":"3 Byrds","floor":19.0,"turns":6.0},{"damage":12.0,"enemies":"3 Cultists","floor":21.0,"turns":6.0},{"damage":31.0,"enemies":"Slavers","floor":24.0,"turns":11.0},{"damage":2.0,"enemies":"Centurion and Healer","floor":25.0,"turns":5.0},{"damage":31.0,"enemies":"Shelled Parasite and Fungi","floor":28.0,"turns":6.0},{"damage":8.0,"enemies":"Gremlin Leader","floor":29.0,"turns":6.0},{"damage":7.0,"enemies":"Champ","floor":33.0,"turns":10.0},{"damage":10.0,"enemies":"Orb Walker","floor":35.0,"turns":4.0},{"damage":1.0,"enemies":"3 Shapes","floor":37.0,"turns":4.0},{"damage":0.0,"enemies":"Maw","floor":38.0,"turns":6.0},{"damage":0.0,"enemies":"3 Darklings","floor":39.0,"turns":4.0},{"damage":41.0,"enemies":"Giant Head","floor":40.0,"turns":9.0},{"damage":17.0,"enemies":"Transient","floor":41.0,"turns":5.0},{"damage":14,"enemies":"Reptomancer","floor":44,"turns":7},{"damage":1,"enemies":"Jaw Worm Horde","floor":45,"turns":7},{"damage":0,"enemies":"Nemesis","floor":46,"turns":13},{"damage":1,"enemies":"Awakened One","floor":50,"turns":14}],"seed_played":"3396990083857521544","potions_obtained":[{"floor":1.0,"key":"DuplicationPotion"},{"floor":3.0,"key":"PotionOfCapacity"},{"floor":5.0,"key":"Dexterity Potion"},{"floor":5.0,"key":"SteroidPotion"},{"floor":8.0,"key":"Strength Potion"},{"floor":16.0,"key":"Energy Potion"},{"floor":24.0,"key":"Strength Potion"},{"floor":28.0,"key":"EssenceOfSteel"},{"floor":40.0,"key":"GamblersBrew"},{"floor":41.0,"key":"Block Potion"},{"floor":44,"key":"FocusPotion"},{"floor":45,"key":"Weak Potion"},{"floor":46,"key":"DuplicationPotion"}],"is_trial":false,"path_per_floor":["M","?","M","M","?","E","R","M","T","M","M","E","$","?","R","B",null,"M","M","?","M","?","R","E","M","T","R","M","E","$","?","R","B",null,"M","$","M","M","M","E","M","R","T","E","M","E","R","?","R","B",null],"character_chosen":"DEFECT","items_purchased":["Defragment","Coolheaded","Cold Snap","Doom and Gloom+1","OrangePellets","MealTicket"],"campfire_rested":0,"item_purchase_floors":[13,13,13,30,30,36],"current_hp_per_floor":[68,50,49,49,49,25,25,30,30,42,42,39,39,39,39,48,68,68,68,62,50,50,50,31,41,41,41,22,26,26,26,26,31,64,54,54,53,53,53,24,19,19,19,17,28,40,40,40,40,39],"gold":381,"neow_bonus":"BOSS_RELIC","is_daily":false,"chose_seed":false,"campfire_upgraded":8,"win_rate":0.0,"timestamp":1613247356,"path_taken":["M","?","M","M","?","E","R","?","T","M","M","E","$","?","R","BOSS","M","M","?","M","?","R","E","M","T","R","M","E","$","?","R","BOSS","M","$","M","M","M","E","M","R","T","E","M","E","R","?","R","BOSS"],"items_purchased_type":["Card","Card","Card","Card","Relic","Relic"],"build_version":"2020-12-22","purchased_purges":3,"victory":true,"max_hp_per_floor":[75,75,75,75,75,75,75,75,75,75,75,75,75,75,75,75,75,75,75,75,75,75,75,75,75,75,75,75,75,75,75,75,75,75,75,75,75,75,75,75,75,75,75,75,75,75,75,75,75,75],"relic_stats":{"Regal Pillow":0,"Happy Flower":[57],"counters":[27,171],"Golden Idol":188,"Pen Nib":[16],"Juzu Bracelet":0,"Question Card":22,"Smiling Mask":125,"MawBank":96,"OrangePellets":[13],"Centennial Puzzle":[12],"Dream Catcher":0,"MealTicket":0,"Black Star":3,"obtain_stats":[{"Ice Cream":0,"Regal Pillow":14,"Vajra":29,"Juzu Bracelet":44,"Smiling Mask":26,"Centennial Puzzle":40,"Dream Catcher":46,"HornCleat":9,"Matryoshka":12,"MealTicket":36,"Cracked Core":0,"Potion Belt":43,"Happy Flower":0,"Golden Idol":2,"Pen Nib":26,"The Courier":48,"Question Card":6,"MawBank":43,"Akabeko":46,"Calling Bell":0,"OrangePellets":30,"Anchor":40,"Molten Egg 2":24,"Coffee Dripper":17,"Black Star":34,"Bag of Marbles":44,"Meat on the Bone":0},{"Ice Cream":0,"Regal Pillow":8,"Vajra":16,"Juzu Bracelet":24,"Smiling Mask":14,"Centennial Puzzle":22,"Dream Catcher":26,"HornCleat":5,"Matryoshka":8,"MealTicket":18,"Cracked Core":0,"Potion Belt":23,"Happy Flower":0,"Golden Idol":1,"Pen Nib":14,"The Courier":26,"Question Card":4,"MawBank":23,"Akabeko":26,"Calling Bell":0,"OrangePellets":16,"Anchor":22,"Molten Egg 2":13,"Coffee Dripper":9,"Black Star":17,"Bag of Marbles":24,"Meat on the Bone":0},{"Ice Cream":0,"Regal Pillow":32,"Vajra":89,"Juzu Bracelet":137,"Smiling Mask":77,"Centennial Puzzle":125,"Dream Catcher":157,"HornCleat":22,"Matryoshka":32,"MealTicket":102,"Cracked Core":0,"Potion Belt":130,"Happy Flower":0,"Golden Idol":3,"Pen Nib":77,"The Courier":157,"Question Card":18,"MawBank":130,"Akabeko":157,"Calling Bell":0,"OrangePellets":89,"Anchor":125,"Molten Egg 2":72,"Coffee Dripper":44,"Black Star":99,"Bag of Marbles":137,"Meat on the Bone":0}],"Meat on the Bone":180},"card_choices":[{"not_picked":["Fusion","Coolheaded"],"picked":"Leap","floor":1.0},{"not_picked":["Steam","Turbo"],"picked":"Streamline","floor":3.0},{"not_picked":["Double Energy","Conserve Battery"],"picked":"Sweeping Beam","floor":4.0},{"not_picked":["Rebound","Blizzard"],"picked":"Ball Lightning","floor":6.0},{"not_picked":["Static Discharge","Go for the Eyes","Steam"],"picked":"Rebound","floor":8.0},{"not_picked":["All For One","Ball Lightning","Auto Shields"],"picked":"Conserve Battery","floor":10.0},{"not_picked":["Fusion","Go for the Eyes","Compile Driver"],"picked":"Steam","floor":11.0},{"not_picked":["Auto Shields","Chill","Gash"],"picked":"Glacier","floor":12.0},{"not_picked":["Echo Form","Thunder Strike","Fission"],"picked":"Biased Cognition","floor":16.0},{"not_picked":["Steam Power","Leap","Gash"],"picked":"Steam+1","floor":18.0},{"not_picked":["Streamline+1","Fusion","Heatsinks"],"picked":"Doom and Gloom","floor":19.0},{"not_picked":["Reinforced Body+1","Stack","Leap"],"picked":"Rip and Tear+1","floor":21.0},{"not_picked":["Streamline+1","Turbo","Echo Form"],"picked":"Loop+1","floor":24.0},{"not_picked":["Conserve Battery","Coolheaded","Rebound+1","Recycle"],"picked":"SKIP","floor":25.0},{"not_picked":["Compile Driver+1","Tempest","Steam Power"],"picked":"Beam Cell+1","floor":28.0},{"not_picked":["Self Repair","Rebound+1","Turbo"],"picked":"Undo","floor":29.0},{"not_picked":["Multi-Cast","Reboot","Biased Cognition"],"picked":"Echo Form","floor":33.0},{"not_picked":["Rebound+1","Ball Lightning+1","Turbo+1","Stack"],"picked":"SKIP","floor":35.0},{"not_picked":["Stack","Gash+1","Darkness+1","Cold Snap+1"],"picked":"SKIP","floor":37.0},{"not_picked":["Rip and Tear+1","Hello World+1","Undo"],"picked":"Force Field+1","floor":38.0},{"not_picked":["Sweeping Beam+1","Cold Snap+1","Loop","Scrape+1"],"picked":"SKIP","floor":39.0},{"not_picked":["Reboot","Compile Driver+1","Leap","Beam Cell+1"],"picked":"SKIP","floor":40.0},{"not_picked":["Steam+1","Stack+1","Streamline+1"],"picked":"Conserve Battery+1","floor":41.0},{"not_picked":["Doom and Gloom+1","Blizzard+1","Turbo+1"],"picked":"Leap+1","floor":44},{"not_picked":["Hello World+1","Seek","Conserve Battery+1"],"picked":"Defragment+1","floor":45},{"not_picked":["Conserve Battery","Fusion+1","Hologram","Buffer"],"picked":"SKIP","floor":46}],"player_experience":537002,"relics_obtained":[{"floor":0.0,"key":"Happy Flower"},{"floor":0.0,"key":"Meat on the Bone"},{"floor":0.0,"key":"Ice Cream"},{"floor":6.0,"key":"Question Card"},{"floor":9.0,"key":"HornCleat"},{"floor":12.0,"key":"Matryoshka"},{"floor":24.0,"key":"Molten Egg 2"},{"floor":26.0,"key":"Pen Nib"},{"floor":26.0,"key":"Smiling Mask"},{"floor":29.0,"key":"Vajra"},{"floor":40.0,"key":"Centennial Puzzle"},{"floor":40.0,"key":"Anchor"},{"floor":43.0,"key":"MawBank"},{"floor":43.0,"key":"Potion Belt"},{"floor":44,"key":"Bag of Marbles"},{"floor":44,"key":"Juzu Bracelet"},{"floor":46,"key":"Dream Catcher"},{"floor":46,"key":"Akabeko"},{"floor":48,"key":"The Courier"}],"event_choices":[{"damage_healed":0.0,"max_hp_gain":0.0,"max_hp_loss":0.0,"gold_gain":0.0,"event_name":"Golden Idol","player_choice":"Take Damage","floor":2.0,"gold_loss":0.0,"damage_taken":18.0,"relics_obtained":["Golden Idol"]},{"damage_healed":0.0,"max_hp_gain":0.0,"max_hp_loss":0.0,"gold_gain":0.0,"event_name":"Lab","player_choice":"Got Potions","floor":5.0,"gold_loss":0.0,"damage_taken":0.0},{"damage_healed":0.0,"max_hp_gain":0.0,"max_hp_loss":0.0,"gold_gain":30.0,"event_name":"Dead Adventurer","player_choice":"Searched \u00273\u0027 times","floor":14.0,"gold_loss":0.0,"damage_taken":0.0,"relics_obtained":["Regal Pillow"]},{"damage_healed":0.0,"max_hp_gain":0.0,"max_hp_loss":0.0,"gold_gain":0.0,"event_name":"Nest","player_choice":"Joined the Cult","floor":20.0,"gold_loss":0.0,"damage_taken":6.0,"cards_obtained":["RitualDagger"]},{"damage_healed":0.0,"max_hp_gain":0.0,"max_hp_loss":0.0,"gold_gain":0.0,"cards_transformed":["Strike_B","Defend_B"],"event_name":"Drug Dealer","player_choice":"Became Test Subject","floor":22.0,"gold_loss":0.0,"damage_taken":0.0,"cards_obtained":["Conserve Battery","Consume"]},{"cards_removed":["Defend_B"],"damage_healed":0.0,"max_hp_gain":0.0,"max_hp_loss":0.0,"gold_gain":0.0,"event_name":"Back to Basics","player_choice":"Elegance","floor":31.0,"gold_loss":0.0,"damage_taken":0.0},{"damage_healed":0,"gold_gain":0,"player_choice":"Relic","damage_taken":0,"max_hp_gain":0,"max_hp_loss":0,"event_name":"Wheel of Change","floor":48,"gold_loss":0}],"is_beta":false,"boss_relics":[{"not_picked":["Tiny House","SacredBark"],"picked":"Coffee Dripper"},{"not_picked":["Nuclear Battery","Pandora\u0027s Box"],"picked":"Black Star"}],"items_purged_floors":[13,30,36],"is_endless":false,"potions_floor_spawned":[1,3,8,16,18,19,24,28,40,41,44,45,46],"ascension_level":6}}