{"host":"fbdlh90rovbiajun","time":1613254979,"event":{"mods":["AchievementEnabler","BaseMod","Colored Map","Keyboard Shortcuts","Minty Spire (QoL Compilation)","SuperFastMode"],"gold_per_floor":[109,109,409,427,602,637,512,532,532,552,552,552,568,584,584,584,584],"floor_reached":16,"language":"KOR","playtime":649,"items_purged":["Doubt"],"score":127,"play_id":"e9e0d5c7-7b82-418f-a473-355c6345552e","local_time":"20210214072259","is_ascension_mode":false,"campfire_choices":[{"data":"Deadly Poison","floor":11,"key":"SMITH"},{"data":"Burst","floor":15,"key":"SMITH"}],"circlet_count":0,"master_deck":["Strike_G","Strike_G","Strike_G","Strike_G","Strike_G+1","Defend_G","Defend_G","Defend_G","Defend_G","Defend_G+1","Survivor","Neutralize","Calculated Gamble","Injury","Acrobatics","Blur","Bane","Deadly Poison+1","Poisoned Stab","Burst+1"],"relics":["Ring of the Snake","NeowsBlessing","Golden Idol","Old Coin","Boot","Shuriken"],"acts_visited":["Exordium"],"potions_floor_usage":[16,16,16],"damage_taken":[{"damage":0,"enemies":"Small Slimes","floor":1,"turns":1},{"damage":0,"enemies":"2 Louse","floor":4,"turns":1},{"damage":0,"enemies":"Lagavulin","floor":6,"turns":1},{"damage":0,"enemies":"Cultist","floor":8,"turns":4},{"damage":2,"enemies":"3 Louse","floor":10,"turns":5},{"damage":11,"enemies":"Large Slime","floor":13,"turns":7},{"damage":4,"enemies":"Blue Slaver","floor":14,"turns":3},{"damage":43,"enemies":"Slime Boss","floor":16,"turns":9}],"seed_played":"1566966088183253128","potions_obtained":[{"floor":1,"key":"Fruit Juice"},{"floor":4,"key":"LiquidBronze"},{"floor":8,"key":"BlessingOfTheForge"},{"floor":14,"key":"ColorlessPotion"}],"is_trial":false,"path_per_floor":["M","?","?","M","?","E","$","M","T","M","R","?","M","M","R","B"],"character_chosen":"THE_SILENT","items_purchased":["Bane"],"campfire_rested":0,"item_purchase_floors":[7],"current_hp_per_floor":[70,70,70,70,70,70,70,70,70,68,68,54,43,39,39,0,0],"gold":584,"neow_bonus":"THREE_ENEMY_KILL","is_daily":false,"chose_seed":false,"campfire_upgraded":2,"win_rate":0.0,"timestamp":1613254979,"path_taken":["M","?","?","?","?","E","$","M","T","M","R","?","M","M","R","BOSS"],"items_purchased_type":["Card"],"build_version":"2020-12-22","purchased_purges":1,"victory":false,"max_hp_per_floor":[70,70,70,70,70,70,70,70,70,70,70,70,70,70,70,70,70],"card_choices":[{"not_picked":["Slice","Flechettes"],"picked":"Calculated Gamble","floor":1},{"not_picked":["Underhanded Strike","Flechettes"],"picked":"Acrobatics","floor":4},{"not_picked":["Dodge and Roll","Blade Dance"],"picked":"Blur","floor":6},{"not_picked":["Blur","Dagger Spray"],"picked":"Deadly Poison","floor":8},{"not_picked":["All Out Attack","Escape Plan","Dagger Throw"],"picked":"SKIP","floor":10},{"not_picked":["Tactician","Acrobatics"],"picked":"Poisoned Stab","floor":13},{"not_picked":["Acrobatics","Finisher"],"picked":"Burst","floor":14}],"player_experience":27610,"relics_obtained":[{"floor":6,"key":"Boot"},{"floor":9,"key":"Shuriken"}],"event_choices":[{"damage_healed":0,"gold_gain":0,"player_choice":"Take Wound","damage_taken":0,"relics_obtained":["Golden Idol"],"max_hp_gain":0,"max_hp_loss":0,"event_name":"Golden Idol","floor":2,"gold_loss":0,"cards_obtained":["Injury"]},{"damage_healed":0,"gold_gain":0,"player_choice":"Gave Potion","damage_taken":0,"relics_obtained":["Old Coin"],"max_hp_gain":0,"max_hp_loss":0,"event_name":"WeMeetAgain","floor":3,"gold_loss":0},{"damage_healed":0,"gold_gain":175,"player_choice":"AGREE","damage_taken":0,"max_hp_gain":0,"max_hp_loss":0,"event_name":"Liars Game","floor":5,"gold_loss":0,"cards_obtained":["Doubt"]},{"damage_healed":0,"gold_gain":0,"player_choice":"Entered Light","damage_taken":14,"max_hp_gain":0,"max_hp_loss":0,"event_name":"Shining Light","floor":12,"gold_loss":0,"cards_upgraded":["Defend_G","Strike_G"]}],"is_beta":false,"boss_relics":[],"items_purged_floors":[7],"is_endless":false,"potions_floor_spawned":[1,4,8,14],"killed_by":"Slime Boss","ascension_level":0}}