{"host":"7kv6jur089hrzttt","time":1613189355,"event":{"mods":["Act Like it!","BaseMod","Better Note","Better Third Choice","CapriCore","Downfall","Hallownest","Hermit","Minty Spire (QoL Compilation)","Relic Stats","Reliquary","Replay The Spire","Robot Space Explorer","StSLib","The Bug Knight","The Cursed","The Servant 0.9.4"],"gold_per_floor":[112,112,112,112,126,126,140,205,46,85,130,173,201,239,239,50,50,156,156,183,22,22,34,34,34,64,64,85,85,112,166,229,263,304,314,314],"floor_reached":35,"language":"ENG","playtime":3493,"items_purged":[],"score":297,"play_id":"a6d28bb7-1593-4440-80ea-910b2c01f29b","local_time":"20210212200915","is_ascension_mode":false,"campfire_choices":[{"floor":27,"key":"REST"},{"floor":29,"key":"REST"}],"circlet_count":0,"master_deck":["HollowMod:NailStrikeStart","HollowMod:NailStrikeStart","HollowMod:NailStrikeStart","HollowMod:NailStrikeStart","HollowMod:QuickDashStart","HollowMod:QuickDashStart","HollowMod:QuickDashStart","HollowMod:QuickDashStart","HollowMod:FocusHealStart","HollowMod:PogoStrike","HollowMod:SoulVessel","HollowMod:SiblingsSouls","HollowMod:DoubleDash","HollowMod:Weaversong","HollowMod:GreatSlash","Pot Of Greed","Pot Of Greed","HollowMod:ChannelNail","HollowMod:DesolateDive","HollowMod:PureVessel","HollowMod:CycloneSlash","HollowMod:PogoStrike","HollowMod:Hiveblood","HollowMod:BaldurShell","HollowMod:SoulStrike","HollowMod:CloakDash","Pot Of Greed","HollowMod:PureNailStrike","HollowMod:SoulMaster","HollowMod:SoulStrike+1","HollowMod:MantisMark"],"relics":["HollowMod:VesselMask","Hallownest:DreamNailRelic","CeramicFish","Grinning Jar","reliquary:RoseTintedGlasses","Pantograph","DollysMirror","Philosopher\u0027s Stone","Cauldron","Hallownest:WatcherSealRelic","Replay:Bandana","Unceasing Top"],"acts_visited":["Exordium","Hallownest:Greenpath"],"potions_floor_usage":[12,14,18,18,26,31,32,35,35],"damage_taken":[{"damage":11,"enemies":"Hallownest:2_Tiktiks_and_1_Crawlid","floor":1,"turns":4},{"damage":0,"enemies":"Hallownest:2_Baldur","floor":5,"turns":5},{"damage":8,"enemies":"Hallownest:monsterHuskGuard","floor":7,"turns":4},{"damage":32,"enemies":"Hallownest:eliteMossKnight","floor":10,"turns":11},{"damage":12,"enemies":"Hallownest:eliteCrystalGuardian","floor":12,"turns":5},{"damage":0,"enemies":"Hallownest:monsterAspidMother","floor":13,"turns":5},{"damage":20,"enemies":"Hallownest:eliteMossKnight","floor":14,"turns":4},{"damage":56,"enemies":"Hallownest:BossHornet","floor":18,"turns":11},{"damage":46,"enemies":"Hallownest:Guard_and_Sentry","floor":20,"turns":6},{"damage":28,"enemies":"Hallownest:2_Mistakes","floor":23,"turns":8},{"damage":21,"enemies":"Hallownest:2_Flukemon","floor":26,"turns":5},{"damage":30,"enemies":"Hallownest:monsterShrumalOgre","floor":28,"turns":7},{"damage":29,"enemies":"Hallownest:Nosk","floor":31,"turns":6},{"damage":36,"enemies":"Hallownest:3_Mistakes","floor":32,"turns":5},{"damage":45,"enemies":"Hallownest:2_Flukemon","floor":33,"turns":6},{"damage":0,"enemies":"Hallownest:Warrior_and_Youth","floor":34,"turns":4},{"damage":11,"enemies":"Hallownest:3_Mistakes","floor":35,"turns":1}],"seed_played":"-8272523994759150261","potions_obtained":[{"floor":7,"key":"sneckomod:MuddlingPotion"},{"floor":10,"key":"Fire Potion"},{"floor":13,"key":"BlessingOfTheForge"},{"floor":14,"key":"Block Potion"},{"floor":20,"key":"Languid Potion"},{"floor":21,"key":"FairyPotion"},{"floor":21,"key":"DuplicationPotion"},{"floor":21,"key":"Flashbang"},{"floor":26,"key":"hexamod:SoulburnPotion"},{"floor":33,"key":"PowerPotion"},{"floor":34,"key":"Reflective Coating"}],"is_trial":false,"path_per_floor":["M","?","PTL","PTL","M","?","M","?","$","E","T","?","M","E","?","$","R","B",null,"M","$","?","M","PTL","PTL","M","R","M","R","T","E","M","M","M","M"],"character_chosen":"THE_BUGKNIGHT","items_purchased":["HollowMod:Weaversong","DollysMirror","HollowMod:CycloneSlash","HollowMod:SoulStrike","Cauldron"],"campfire_rested":2,"item_purchase_floors":[9,16,16,21,21],"current_hp_per_floor":[81,72,72,72,78,78,70,70,70,48,48,42,48,28,28,28,28,3,82,48,48,48,35,35,35,20,44,23,47,47,39,13,1,7,0,0],"gold":314,"neow_bonus":"TEN_PERCENT_HP_BONUS","is_daily":false,"chose_seed":false,"campfire_upgraded":0,"win_rate":0.0,"timestamp":1613189355,"path_taken":["M","?","PTL","PTL","M","?","?","?","$","E","T","?","M","E","?","$","R","BOSS","M","$","?","M","PTL","PTL","M","R","M","R","T","E","M","M","?","M"],"items_purchased_type":["Card","Relic","Card","Card","Relic"],"build_version":"2020-12-22","purchased_purges":0,"victory":false,"max_hp_per_floor":[82,82,82,82,82,82,82,82,82,82,82,82,82,82,82,82,82,82,82,82,82,82,82,82,82,82,82,82,82,82,82,82,82,82,82,82],"relic_stats":{"counters":[17,97],"CeramicFish":153,"Pantograph":25,"obtain_stats":[{"Cauldron":21,"Hallownest:WatcherSealRelic":22,"Replay:Bandana":30,"DollysMirror":16,"CeramicFish":10,"Pantograph":14,"HollowMod:VesselMask":0,"Philosopher\u0027s Stone":19,"reliquary:RoseTintedGlasses":12,"Hallownest:DreamNailRelic":6,"Grinning Jar":11,"Unceasing Top":31},{"Cauldron":9,"Hallownest:WatcherSealRelic":9,"Replay:Bandana":12,"DollysMirror":7,"CeramicFish":4,"Pantograph":7,"HollowMod:VesselMask":0,"Philosopher\u0027s Stone":8,"reliquary:RoseTintedGlasses":5,"Hallownest:DreamNailRelic":2,"Grinning Jar":4,"Unceasing Top":13},{"Cauldron":55,"Hallownest:WatcherSealRelic":55,"Replay:Bandana":75,"DollysMirror":38,"CeramicFish":24,"Pantograph":38,"HollowMod:VesselMask":0,"Philosopher\u0027s Stone":49,"reliquary:RoseTintedGlasses":29,"Hallownest:DreamNailRelic":9,"Grinning Jar":24,"Unceasing Top":81}],"Unceasing Top":[0]},"card_choices":[{"not_picked":["HollowMod:SoulStrike","HollowMod:HuntersJournal"],"picked":"HollowMod:SoulVessel","floor":1},{"not_picked":["HollowMod:WraithStrike","HollowMod:ShadowDash"],"picked":"HollowMod:SiblingsSouls","floor":5},{"not_picked":["HollowMod:HuntersJournal","HollowMod:Grubsong"],"picked":"HollowMod:DoubleDash","floor":7},{"not_picked":["HollowMod:SiblingsSouls","HollowMod:TaintedHusks"],"picked":"HollowMod:GreatSlash","floor":10},{"not_picked":["HollowMod:SoulEater","HollowMod:HuntersJournal"],"picked":"HollowMod:ChannelNail","floor":12},{"not_picked":["HollowMod:HuntersJournal","HollowMod:LifebloodCocoon"],"picked":"HollowMod:DesolateDive","floor":13},{"not_picked":["HollowMod:CloakDash","HollowMod:NewLittleFool"],"picked":"HollowMod:PureVessel","floor":14},{"not_picked":["HollowMod:MidwifesHunger","HollowMod:ZotesMagnificence"],"picked":"HollowMod:Hiveblood","floor":18},{"not_picked":["HollowMod:SoulSplash","HollowMod:WraithStrike"],"picked":"HollowMod:BaldurShell","floor":20},{"not_picked":["HollowMod:DescendingDark","HollowMod:SiblingsShadow","HollowMod:VengefulVoid"],"picked":"SKIP","floor":23},{"not_picked":["HollowMod:ShapeofUnn","HollowMod:InfectedAttack"],"picked":"HollowMod:CloakDash","floor":26},{"not_picked":["HollowMod:AwokenDreamNail","HollowMod:SoulStrike"],"picked":"HollowMod:PureNailStrike","floor":28},{"not_picked":["HollowMod:BlackTendrils+1","HollowMod:SoulShaman"],"picked":"HollowMod:SoulMaster","floor":31},{"not_picked":["HollowMod:LifebloodCocoon","HollowMod:InfectedAttack+1"],"picked":"HollowMod:SoulStrike+1","floor":32},{"not_picked":["HollowMod:CoiledNail","HollowMod:MawleksShell"],"picked":"HollowMod:MantisMark","floor":33},{"not_picked":["HollowMod:BrokenVessel+1","HollowMod:SiblingsSouls","HollowMod:GreatSlash"],"picked":"SKIP","floor":34}],"player_experience":262232,"relics_obtained":[{"floor":10,"key":"CeramicFish"},{"floor":11,"key":"Grinning Jar"},{"floor":12,"key":"reliquary:RoseTintedGlasses"},{"floor":14,"key":"Pantograph"},{"floor":30,"key":"Replay:Bandana"},{"floor":31,"key":"Unceasing Top"}],"event_choices":[],"is_beta":false,"boss_relics":[{"not_picked":["Ectoplasm","reliquary:Ember"],"picked":"Philosopher\u0027s Stone"}],"items_purged_floors":[],"is_endless":false,"potions_floor_spawned":[7,10,13,14,20,26,28,33,34],"killed_by":"Hallownest:3_Mistakes","ascension_level":0}}