{"host":"52lujqhsyicpcskq","time":1613219955,"event":{"mods":["BaseMod","Colored Map","DeckTracker","Minty Spire (QoL Compilation)","Permanent Neow","StSLib","SuperFastMode","everything is the same but u backflip on backflip"],"gold_per_floor":[11,23,40,50,150,150,183,183,208,237,247,276,276,291,291,366,366,377,397,397,140,140,173,173,173,196,212,212,212,212],"floor_reached":29,"language":"KOR","playtime":742,"items_purged":[],"score":447,"play_id":"99a92b29-f0dc-40b1-bf9b-d4103281c2d6","local_time":"20210213213915","is_ascension_mode":true,"campfire_choices":[{"data":"Ball Lightning","floor":6,"key":"SMITH"},{"data":"Zap","floor":8,"key":"SMITH"},{"floor":13,"key":"REST"},{"data":"Cold Snap","floor":15,"key":"SMITH"},{"data":"Conserve Battery","floor":24,"key":"SMITH"},{"data":"Ball Lightning","floor":28,"key":"SMITH"}],"circlet_count":0,"master_deck":["AscendersBane","Strike_B","Strike_B","Strike_B","Defend_B","Defend_B","Defend_B","Zap+1","Dualcast","Ball Lightning+1","Conserve Battery+1","Self Repair","Leap","Coolheaded","Cold Snap+1","Sweeping Beam","Compile Driver","Reboot","Electrodynamics","Cold Snap","Coolheaded","Chaos+1","Ball Lightning+1"],"relics":["FrozenCore","Tiny Chest","Pen Nib","Vajra","StrikeDummy","Eternal Feather","Meat on the Bone","Art of War","Toy Ornithopter"],"acts_visited":["Exordium","TheCity"],"potions_floor_usage":[7,16,16,23],"damage_taken":[{"damage":7,"enemies":"Jaw Worm","floor":1,"turns":3},{"damage":0,"enemies":"Cultist","floor":2,"turns":3},{"damage":0,"enemies":"Small Slimes","floor":3,"turns":3},{"damage":6,"enemies":"Looter","floor":4,"turns":3},{"damage":31,"enemies":"Gremlin Nob","floor":7,"turns":4},{"damage":15,"enemies":"3 Sentries","floor":10,"turns":6},{"damage":7,"enemies":"Exordium Wildlife","floor":11,"turns":4},{"damage":26,"enemies":"Gremlin Nob","floor":12,"turns":4},{"damage":8,"enemies":"Gremlin Gang","floor":14,"turns":3},{"damage":31,"enemies":"Hexaghost","floor":16,"turns":8},{"damage":21,"enemies":"3 Byrds","floor":18,"turns":3},{"damage":7,"enemies":"Spheric Guardian","floor":19,"turns":4},{"damage":15,"enemies":"Gremlin Leader","floor":23,"turns":5},{"damage":24,"enemies":"Centurion and Healer","floor":27,"turns":6},{"damage":71,"enemies":"Book of Stabbing","floor":29,"turns":7}],"seed_played":"846971455271856192","potions_obtained":[{"floor":2,"key":"ColorlessPotion"},{"floor":11,"key":"FairyPotion"},{"floor":12,"key":"AttackPotion"},{"floor":14,"key":"SteroidPotion"},{"floor":16,"key":"DistilledChaos"},{"floor":18,"key":"SmokeBomb"}],"is_trial":false,"path_per_floor":["M","M","M","M","?","R","E","R","T","E","M","E","R","M","R","B",null,"M","M","?","$","?","E","R","T","T","M","R","E"],"character_chosen":"DEFECT","items_purchased":["Eternal Feather"],"campfire_rested":1,"item_purchase_floors":[21],"current_hp_per_floor":[57,57,57,58,58,58,34,34,34,26,26,28,49,48,48,24,59,45,45,68,68,55,47,59,59,59,54,66,0,0],"gold":212,"neow_bonus":"REMOVE_TWO","is_daily":false,"chose_seed":false,"campfire_upgraded":5,"win_rate":0.0,"timestamp":1613219955,"path_taken":["M","M","M","M","?","R","E","R","T","E","M","E","R","M","R","BOSS","M","?","?","$","?","E","R","?","T","?","R","E"],"items_purchased_type":["Relic"],"build_version":"2020-12-22","purchased_purges":0,"victory":false,"max_hp_per_floor":[71,71,71,71,71,71,71,71,71,71,71,71,71,71,71,71,71,71,71,71,71,76,76,76,76,76,76,76,76,76],"card_choices":[{"not_picked":["Skim","Capacitor"],"picked":"Ball Lightning","floor":1},{"not_picked":["Cold Snap","Stack"],"picked":"Conserve Battery","floor":2},{"not_picked":["Recycle","Static Discharge"],"picked":"Self Repair","floor":3},{"not_picked":["Rip and Tear","Steam"],"picked":"Leap","floor":4},{"not_picked":["Compile Driver","Stack"],"picked":"Coolheaded","floor":7},{"not_picked":["Rebound","Hologram"],"picked":"Cold Snap","floor":10},{"not_picked":["Rip and Tear","Hologram"],"picked":"Sweeping Beam","floor":11},{"not_picked":["Hello World","Barrage"],"picked":"Compile Driver","floor":12},{"not_picked":["Hello World","Gash"],"picked":"Reboot","floor":14},{"not_picked":["Core Surge","Creative AI"],"picked":"Electrodynamics","floor":16},{"not_picked":["Steam","Go for the Eyes"],"picked":"Cold Snap","floor":18},{"not_picked":["Leap","Skim"],"picked":"Coolheaded","floor":19},{"not_picked":["Chill","Double Energy"],"picked":"Chaos+1","floor":23},{"not_picked":["White Noise","Hologram+1"],"picked":"Ball Lightning","floor":27}],"player_experience":798174,"relics_obtained":[{"floor":7,"key":"Tiny Chest"},{"floor":9,"key":"Pen Nib"},{"floor":10,"key":"Vajra"},{"floor":12,"key":"StrikeDummy"},{"floor":23,"key":"Meat on the Bone"},{"floor":25,"key":"Art of War"},{"floor":26,"key":"Toy Ornithopter"}],"event_choices":[{"damage_healed":0,"gold_gain":100,"player_choice":"Pray","damage_taken":0,"max_hp_gain":0,"max_hp_loss":0,"event_name":"Golden Shrine","floor":5,"gold_loss":0},{"damage_healed":23,"gold_gain":0,"player_choice":"Heal","damage_taken":0,"max_hp_gain":0,"max_hp_loss":0,"event_name":"The Library","floor":20,"gold_loss":0},{"damage_healed":0,"gold_gain":0,"player_choice":"Shed Blood","damage_taken":18,"max_hp_gain":5,"max_hp_loss":0,"event_name":"Forgotten Altar","floor":22,"gold_loss":0}],"is_beta":false,"boss_relics":[{"not_picked":["Fusion Hammer","Black Star"],"picked":"FrozenCore"}],"items_purged_floors":[],"is_endless":false,"potions_floor_spawned":[2,11,12,14,16,18],"killed_by":"Book of Stabbing","ascension_level":14}}