{"host":"aovbmu76o5toxav1","time":1613176490,"event":{"mods":["BaseMod","Downfall","Minty Spire (QoL Compilation)","StSLib"],"gold_per_floor":[99,117,117,131,5,15,38,48,79,104,104,104,104,124,140,240,240,240,252,270,270,289,321,348,363,363,376,276,308,320,40,57,154,154,54,70,15,65,79,179,179,66,85,105,136,136,148,160,178,178,178,178],"floor_reached":50,"language":"ENG","playtime":6023,"items_purged":["Regret","hexamod:Strike"],"score":570,"play_id":"63ad3f91-db2e-4d8c-9733-15c7d49d6eb2","local_time":"20210212193450","is_ascension_mode":false,"campfire_choices":[{"data":"hexamod:Float","floor":1,"key":"SMITH"},{"floor":18,"key":"RECALL"},{"data":"hexamod:NightmareStrike","floor":26,"key":"SMITH"},{"floor":28,"key":"REST"},{"data":"hexamod:StepThrough","floor":35,"key":"SMITH"},{"data":"hexamod:HauntingEcho","floor":46,"key":"SMITH"}],"circlet_count":0,"master_deck":["hexamod:Strike","hexamod:Strike+1","hexamod:Strike","hexamod:Defend","hexamod:Defend+1","hexamod:Defend+1","hexamod:Defend+1","hexamod:Sear+1","hexamod:Float+1","Chrysalis+1","hexamod:ShieldOfDarkness+1","hexamod:FastForward+1","hexamod:EtherealExpedition+1","hexamod:ChargedBarrage+1","hexamod:NightmareStrike+1","hexamod:TimeOfNeed+1","hexamod:PhantomCloak+1","hexamod:Hexaguard+1","downfall:Malfunctioning","hexamod:FlamesFromBeyond+1","hexamod:SearingWound+1","hexamod:DynamicBlow+1","hexamod:GhostShield+1","hexamod:Hexaguard+1","hexamod:SpectersWail+1","hexamod:RadiantFlame+1","hexamod:GhostflameBarrier+1","hexamod:StepThrough+1","hexamod:HexaLevel+1","hexamod:EmpoweredFlame+1","hexamod:Haunt+1","hexamod:PhantomFireball","hexamod:HauntingEcho+1"],"relics":["hexamod:SpiritBrand","Toxic Egg 2","hexamod:MatchstickCase","Frozen Egg 2","Odd Mushroom","Kunai","War Paint","Busted Crown","Sundial","Whetstone","downfall:HeartBlessingRed","Darkstone Periapt","Medical Kit","bronze:MakeshiftBattery","downfall:HeartBlessingGreen","FossilizedHelix","White Beast Statue","Meat on the Bone","Singing Bowl","Bag of Preparation"],"acts_visited":["Exordium","TheCity","TheBeyond"],"potions_floor_usage":[16,20,20,33,33,40,44,45,45,45,47,50,50,50],"damage_taken":[{"damage":6,"enemies":"Jaw Worm","floor":2,"turns":4},{"damage":2,"enemies":"2 Louse","floor":4,"turns":3},{"damage":10,"enemies":"downfall:FleeingMerchant","floor":5,"turns":4},{"damage":0,"enemies":"Small Slimes","floor":6,"turns":3},{"damage":0,"enemies":"Gremlin Gang","floor":8,"turns":4},{"damage":4,"enemies":"Gremlin Nob","floor":9,"turns":4},{"damage":3,"enemies":"The Mushroom Lair","floor":10,"turns":3},{"damage":0,"enemies":"Exordium Thugs","floor":14,"turns":3},{"damage":0,"enemies":"3 Louse","floor":15,"turns":3},{"damage":3,"enemies":"IC_STATUS_ARCHETYPE","floor":16,"turns":6},{"damage":0,"enemies":"Shell Parasite","floor":19,"turns":3},{"damage":0,"enemies":"Centurion and Healer","floor":20,"turns":3},{"damage":8,"enemies":"Snake Plant","floor":22,"turns":3},{"damage":13,"enemies":"Book of Stabbing","floor":23,"turns":3},{"damage":0,"enemies":"Snecko","floor":25,"turns":3},{"damage":0,"enemies":"3 Cultists","floor":27,"turns":4},{"damage":24,"enemies":"Gremlin Leader","floor":29,"turns":6},{"damage":5,"enemies":"Centurion and Healer","floor":30,"turns":6},{"damage":10,"enemies":"downfall:FleeingMerchant","floor":31,"turns":4},{"damage":13,"enemies":"Shelled Parasite and Fungi","floor":32,"turns":6},{"damage":8,"enemies":"SI_MIRROR_ARCHETYPE","floor":33,"turns":10},{"damage":1,"enemies":"3 Darklings","floor":36,"turns":6},{"damage":0,"enemies":"downfall:FleeingMerchant","floor":37,"turns":4},{"damage":20,"enemies":"downfall:FleeingMerchant","floor":38,"turns":6},{"damage":0,"enemies":"Orb Walker","floor":39,"turns":3},{"damage":19,"enemies":"downfall:LadyInBlue","floor":40,"turns":9},{"damage":0,"enemies":"downfall:FleeingMerchant","floor":42,"turns":3},{"damage":0,"enemies":"Sphere and 2 Shapes","floor":43,"turns":5},{"damage":0,"enemies":"Jaw Worm Horde","floor":44,"turns":5},{"damage":24,"enemies":"Reptomancer","floor":45,"turns":8},{"damage":0,"enemies":"4 Shapes","floor":47,"turns":4},{"damage":0,"enemies":"Sphere and 2 Shapes","floor":48,"turns":5},{"damage":0,"enemies":"3 Darklings","floor":49,"turns":3},{"damage":54,"enemies":"DF_ARCHETYPE_ORBS","floor":50,"turns":7}],"seed_played":"-4826344435859250067","potions_obtained":[{"floor":6,"key":"Weak Potion"},{"floor":8,"key":"hexamod:EctoCoolerPotion"},{"floor":14,"key":"sneckomod:MuddlingPotion"},{"floor":15,"key":"Fire Potion"},{"floor":16,"key":"bronze:BurnAndBuffPotion"},{"floor":22,"key":"FairyPotion"},{"floor":29,"key":"Block Potion"},{"floor":32,"key":"LiquidMemories"},{"floor":38,"key":"hexamod:EctoCoolerPotion"},{"floor":39,"key":"hexamod:DoubleChargePotion"},{"floor":40,"key":"EntropicBrew"},{"floor":40,"key":"Energy Potion"},{"floor":43,"key":"AttackPotion"},{"floor":45,"key":"AttackPotion"},{"floor":47,"key":"LiquidMemories"},{"floor":49,"key":"hexamod:SoulburnPotion"}],"is_trial":false,"path_per_floor":["R","M","?","M","$","M","T","M","E","?","?","T","?","M","M","B",null,"R","M","M","?","M","E","T","M","R","M","R","E","M","$","M","B",null,"R","M","$","?","M","?","T","$","M","M","E","R","M","M","M","B"],"character_chosen":"THE_SPIRIT","items_purchased":["hexamod:ChargedBarrage+1","hexamod:GhostflameBarrier+1","hexamod:StepThrough","Medical Kit","hexamod:EmpoweredFlame+1","Singing Bowl","hexamod:PhantomFireball","hexamod:HauntingEcho"],"campfire_rested":1,"item_purchase_floors":[5,31,31,31,37,42,42,42],"current_hp_per_floor":[63,57,57,55,45,45,45,45,41,38,38,38,38,38,38,35,63,63,63,63,63,55,42,42,42,42,42,60,36,31,21,8,18,63,63,62,62,42,42,23,23,35,37,39,29,29,43,45,47,0,0,0],"gold":178,"neow_bonus":"RANDOM_COLORLESS_2","is_daily":false,"chose_seed":false,"campfire_upgraded":4,"win_rate":0.0,"timestamp":1613176490,"path_taken":["R","M","?","M","$","M","T","M","E","?","?","?","?","?","M","BOSS","R","M","?","?","M","E","T","?","R","M","R","E","M","$","M","BOSS","R","M","$","?","M","?","T","$","M","M","E","R","M","M","M","BOSS"],"items_purchased_type":["Card","Card","Card","Relic","Card","Relic","Card","Card"],"build_version":"2020-12-22","purchased_purges":2,"victory":false,"max_hp_per_floor":[63,63,63,63,63,63,63,63,63,63,63,63,63,63,63,63,63,63,63,63,63,63,63,63,63,63,63,63,63,63,63,63,63,63,63,63,63,63,63,63,63,63,65,67,69,69,71,73,75,75,75,75],"card_choices":[{"not_picked":["Secret Weapon","Transmutation"],"picked":"Chrysalis","floor":0},{"not_picked":["hexamod:RainOfEmbers","hexamod:Firestarter"],"picked":"hexamod:ShieldOfDarkness","floor":2},{"not_picked":["hexamod:HeatShield+1","hexamod:SecondSeal"],"picked":"hexamod:FastForward+1","floor":4},{"not_picked":["hexamod:InspiringFlames+1","hexamod:GhostLash"],"picked":"hexamod:EtherealExpedition+1","floor":5},{"not_picked":["hexamod:BurningTouch+1","hexamod:BacktrackSmack"],"picked":"hexamod:NightmareStrike","floor":6},{"not_picked":["hexamod:GhostLash","hexamod:HeatCrush"],"picked":"hexamod:TimeOfNeed+1","floor":8},{"not_picked":["hexamod:FlamesFromBeyond+1","hexamod:GhostOfSpirePast+1"],"picked":"hexamod:PhantomCloak+1","floor":9},{"not_picked":["hexamod:BacktrackSmack","hexamod:GhostLash"],"picked":"hexamod:Hexaguard+1","floor":10},{"not_picked":["hexamod:GhostShield+1","hexamod:ChargedBarrage+1"],"picked":"hexamod:FlamesFromBeyond+1","floor":14},{"not_picked":["hexamod:RetreatToShadows+1","hexamod:NightmareStrike","hexamod:SoulSteal+1"],"picked":"SKIP","floor":15},{"not_picked":["hexamod:TurnItUp+1","hexamod:UnlimitedPower+1"],"picked":"hexamod:SearingWound+1","floor":16},{"not_picked":[],"picked":"hexamod:DynamicBlow","floor":19},{"not_picked":[],"picked":"hexamod:GhostShield+1","floor":20},{"not_picked":[],"picked":"hexamod:Hexaguard+1","floor":22},{"not_picked":[],"picked":"hexamod:SpectersWail+1","floor":23},{"not_picked":["hexamod:DynamicBlow"],"picked":"SKIP","floor":25},{"not_picked":[],"picked":"hexamod:RadiantFlame+1","floor":27},{"not_picked":["hexamod:InspiringFlames+1"],"picked":"SKIP","floor":29},{"not_picked":["hexamod:DynamicBlow"],"picked":"SKIP","floor":30},{"not_picked":["hexamod:InspiringFlames+1"],"picked":"SKIP","floor":31},{"not_picked":["hexamod:SwordOfDarkness"],"picked":"SKIP","floor":32},{"not_picked":[],"picked":"hexamod:HexaLevel+1","floor":33},{"not_picked":["hexamod:NightmareStrike"],"picked":"SKIP","floor":36},{"not_picked":["hexamod:NightmareStrike"],"picked":"SKIP","floor":37},{"not_picked":[],"picked":"hexamod:Haunt+1","floor":39},{"not_picked":["hexamod:SpectersWail"],"picked":"SKIP","floor":42},{"not_picked":["hexamod:ThermalTransfer"],"picked":"Singing Bowl","floor":43},{"not_picked":["hexamod:AdvancingGuard+1"],"picked":"Singing Bowl","floor":44},{"not_picked":["hexamod:SwordOfDarkness+1"],"picked":"Singing Bowl","floor":45},{"not_picked":["hexamod:SpectersWail"],"picked":"Singing Bowl","floor":47},{"not_picked":["hexamod:SpectersWail+1"],"picked":"Singing Bowl","floor":48},{"not_picked":["hexamod:BurningTouch+1"],"picked":"Singing Bowl","floor":49}],"player_experience":128779,"relics_obtained":[{"floor":7,"key":"hexamod:MatchstickCase"},{"floor":9,"key":"Frozen Egg 2"},{"floor":10,"key":"Odd Mushroom"},{"floor":12,"key":"Kunai"},{"floor":13,"key":"War Paint"},{"floor":23,"key":"Sundial"},{"floor":24,"key":"Whetstone"},{"floor":29,"key":"Darkstone Periapt"},{"floor":38,"key":"FossilizedHelix"},{"floor":40,"key":"White Beast Statue"},{"floor":41,"key":"Meat on the Bone"},{"floor":45,"key":"Bag of Preparation"}],"event_choices":[{"damage_healed":0,"gold_gain":0,"player_choice":"Box","damage_taken":0,"relics_obtained":["Toxic Egg 2"],"max_hp_gain":0,"max_hp_loss":0,"event_name":"Big Fish","floor":3,"gold_loss":0,"cards_obtained":["Regret"]},{"damage_healed":0,"gold_gain":0,"player_choice":"Fought Mushrooms","damage_taken":0,"max_hp_gain":0,"max_hp_loss":0,"event_name":"Mushrooms","floor":10,"gold_loss":0},{"damage_healed":0,"gold_gain":0,"player_choice":"Relic","damage_taken":0,"max_hp_gain":0,"max_hp_loss":0,"event_name":"Wheel of Change","floor":13,"gold_loss":0}],"is_beta":false,"boss_relics":[{"not_picked":["Cursed Key","Philosopher\u0027s Stone"],"picked":"Busted Crown"},{"not_picked":["Pandora\u0027s Box","Snecko Eye"],"picked":"bronze:MakeshiftBattery"}],"items_purged_floors":[5,42],"is_endless":false,"potions_floor_spawned":[6,8,14,15,16,19,22,29,32,38,39,40,42,43,44,45,47,48,49],"killed_by":"DF_ARCHETYPE_ORBS","ascension_level":0}}