{"host":"0fd22hpf43j6tvvm","time":1613251056,"event":{"mods":["AchievementEnabler","BaseMod","Colored Map","Minty Spire (QoL Compilation)","Relic Stats"],"gold_per_floor":[114,128,128,147,24,50,50,80,130,130,130,160,170,193,193,288,288,306,322,247,18,34,34,63,83,83,112,112,112,112,125,125,125,125],"floor_reached":33,"language":"ENG","playtime":2238,"items_purged":["Strike_P"],"score":630,"play_id":"99204c0f-e4e4-45fe-811a-63da21d1d5a4","local_time":"20210213161736","is_ascension_mode":true,"campfire_choices":[{"data":"Eruption","floor":7.0,"key":"SMITH"},{"data":"ThirdEye","floor":10.0,"key":"SMITH"},{"data":"BowlingBash","floor":15.0,"key":"SMITH"},{"data":"MasterReality","floor":23.0,"key":"SMITH"},{"data":"Tantrum","floor":29.0,"key":"SMITH"},{"floor":32.0,"key":"REST"}],"circlet_count":0,"master_deck":["AscendersBane","Strike_P","Strike_P","Defend_P","Eruption+1","Vigilance","EmptyBody","ThirdEye+1","ReachHeaven","CrushJoints","Conclude","Protect","Evaluate","CutThroughFate","BowlingBash+1","MasterReality+1","Prostrate+1","Tantrum+1","SashWhip","Ghostly","Ghostly","Ghostly","Ghostly","Ghostly","Wallop","FlurryOfBlows","DeceiveReality"],"relics":["PureWater","StrikeDummy","Anchor","Lantern","Blood Vial","Odd Mushroom","Black Star","Ancient Tea Set","Dream Catcher","Tiny Chest","Bottled Flame","Akabeko","TeardropLocket"],"acts_visited":["Exordium","TheCity"],"potions_floor_usage":[33],"damage_taken":[{"damage":11.0,"enemies":"2 Louse","floor":1.0,"turns":3.0},{"damage":0.0,"enemies":"Jaw Worm","floor":2.0,"turns":3.0},{"damage":0.0,"enemies":"Cultist","floor":4.0,"turns":4.0},{"damage":3.0,"enemies":"3 Sentries","floor":6.0,"turns":5.0},{"damage":0.0,"enemies":"Gremlin Nob","floor":8.0,"turns":2.0},{"damage":10.0,"enemies":"3 Sentries","floor":12.0,"turns":7.0},{"damage":0.0,"enemies":"3 Louse","floor":13.0,"turns":2.0},{"damage":0.0,"enemies":"The Mushroom Lair","floor":14.0,"turns":3.0},{"damage":0.0,"enemies":"Slime Boss","floor":16.0,"turns":4.0},{"damage":5.0,"enemies":"2 Thieves","floor":18.0,"turns":3.0},{"damage":20.0,"enemies":"3 Byrds","floor":19.0,"turns":4.0},{"damage":0.0,"enemies":"Sentry and Sphere","floor":22.0,"turns":4.0},{"damage":35.0,"enemies":"Gremlin Leader","floor":24.0,"turns":5.0},{"damage":2.0,"enemies":"3 Cultists","floor":25.0,"turns":5.0},{"damage":3.0,"enemies":"Book of Stabbing","floor":27.0,"turns":4.0},{"damage":0.0,"enemies":"Shelled Parasite and Fungi","floor":31.0,"turns":3.0},{"damage":23,"enemies":"Collector","floor":33,"turns":6}],"seed_played":"202947647143345357","potions_obtained":[{"floor":1.0,"key":"CultistPotion"},{"floor":2.0,"key":"Explosive Potion"},{"floor":6.0,"key":"SteroidPotion"},{"floor":24.0,"key":"Ambrosia"},{"floor":31.0,"key":"ColorlessPotion"}],"is_trial":false,"path_per_floor":["M","M","?","M","$","E","R","E","T","R","?","E","M","?","R","B",null,"M","M","?","$","M","R","E","M","T","E","?","R","?","M","R","B"],"character_chosen":"WATCHER","items_purchased":["CrushJoints","Ancient Tea Set","Tantrum"],"campfire_rested":1,"item_purchase_floors":[5,21,21],"current_hp_per_floor":[36,36,29,29,29,26,26,26,26,26,26,16,18,20,20,22,60,57,39,39,39,41,41,8,8,8,7,7,7,7,9,19,0,0],"gold":125,"neow_bonus":"REMOVE_TWO","is_daily":false,"chose_seed":false,"campfire_upgraded":5,"win_rate":0.0,"timestamp":1613251056,"path_taken":["M","M","?","M","$","E","R","E","T","R","?","E","?","?","R","BOSS","M","M","?","?","?","R","E","M","T","E","?","R","?","M","R","BOSS"],"items_purchased_type":["Card","Relic","Card"],"build_version":"2020-12-22","purchased_purges":1,"victory":false,"max_hp_per_floor":[72,72,72,72,72,72,72,72,72,72,72,72,72,72,72,72,72,72,72,72,72,72,72,72,72,72,72,36,36,36,36,36,36,36],"relic_stats":{"Blood Vial":22,"Dream Catcher":1,"counters":[17,67],"Tiny Chest":0,"Black Star":2,"obtain_stats":[{"Lantern":9,"TeardropLocket":27,"Odd Mushroom":14,"Ancient Tea Set":21,"Akabeko":27,"Blood Vial":12,"Anchor":8,"Dream Catcher":24,"Bottled Flame":26,"Tiny Chest":24,"Black Star":17,"PureWater":0,"StrikeDummy":6},{"Lantern":5,"TeardropLocket":15,"Odd Mushroom":8,"Ancient Tea Set":11,"Akabeko":15,"Blood Vial":6,"Anchor":5,"Dream Catcher":13,"Bottled Flame":14,"Tiny Chest":13,"Black Star":9,"PureWater":0,"StrikeDummy":4},{"Lantern":17,"TeardropLocket":58,"Odd Mushroom":29,"Ancient Tea Set":40,"Akabeko":58,"Blood Vial":24,"Anchor":17,"Dream Catcher":49,"Bottled Flame":54,"Tiny Chest":49,"Black Star":33,"PureWater":0,"StrikeDummy":15}]},"card_choices":[{"not_picked":["Halt","Worship"],"picked":"EmptyBody","floor":1.0},{"not_picked":["MentalFortress","DeceiveReality"],"picked":"ThirdEye","floor":2.0},{"not_picked":["FlyingSleeves","Prostrate"],"picked":"ReachHeaven","floor":4.0},{"not_picked":["BattleHymn","Swivel"],"picked":"Conclude","floor":6.0},{"not_picked":["Halt","FlyingSleeves"],"picked":"Protect","floor":8.0},{"not_picked":["Study","CrushJoints"],"picked":"Evaluate","floor":12.0},{"not_picked":["WheelKick","Protect"],"picked":"CutThroughFate","floor":13.0},{"not_picked":["Evaluate","Halt"],"picked":"BowlingBash","floor":14.0},{"not_picked":["Wish","Brilliance"],"picked":"MasterReality","floor":16.0},{"not_picked":["Sanctity","Vengeance"],"picked":"Prostrate+1","floor":18.0},{"not_picked":["Protect","PathToVictory+1","CutThroughFate"],"picked":"SKIP","floor":19.0},{"not_picked":["EmptyBody","CrushJoints","PathToVictory"],"picked":"SKIP","floor":22.0},{"not_picked":["DeceiveReality","Sanctity","Tantrum"],"picked":"SKIP","floor":24.0},{"not_picked":["Wireheading","Protect"],"picked":"SashWhip","floor":25.0},{"not_picked":["ConjureBlade","Protect","MentalFortress"],"picked":"SKIP","floor":27.0},{"not_picked":["CrushJoints","ClearTheMind"],"picked":"FlurryOfBlows","floor":31.0},{"not_picked":["ClearTheMind","Crescendo+1"],"picked":"DeceiveReality","floor":32.0}],"player_experience":541839,"relics_obtained":[{"floor":6.0,"key":"StrikeDummy"},{"floor":8.0,"key":"Anchor"},{"floor":9.0,"key":"Lantern"},{"floor":12.0,"key":"Blood Vial"},{"floor":14.0,"key":"Odd Mushroom"},{"floor":24.0,"key":"Dream Catcher"},{"floor":24.0,"key":"Tiny Chest"},{"floor":26.0,"key":"Bottled Flame"},{"floor":27.0,"key":"Akabeko"},{"floor":27.0,"key":"TeardropLocket"}],"event_choices":[{"cards_removed":["Defend_P"],"damage_healed":0.0,"max_hp_gain":0.0,"max_hp_loss":0.0,"gold_gain":0.0,"event_name":"Golden Wing","player_choice":"Card Removal","floor":3.0,"gold_loss":0.0,"damage_taken":7.0},{"damage_healed":0.0,"max_hp_gain":0.0,"max_hp_loss":0.0,"gold_gain":0.0,"event_name":"Lab","player_choice":"Got Potions","floor":11.0,"gold_loss":0.0,"damage_taken":0.0},{"damage_healed":0.0,"max_hp_gain":0.0,"max_hp_loss":0.0,"gold_gain":0.0,"event_name":"Mushrooms","player_choice":"Fought Mushrooms","floor":14.0,"gold_loss":0.0,"damage_taken":0.0},{"cards_removed":["Defend_P"],"damage_healed":0.0,"max_hp_gain":0.0,"max_hp_loss":0.0,"gold_gain":0.0,"event_name":"Beggar","player_choice":"Gave Gold","floor":20.0,"gold_loss":75.0,"damage_taken":0.0},{"damage_healed":0.0,"max_hp_gain":0.0,"max_hp_loss":36.0,"gold_gain":0.0,"event_name":"Ghosts","player_choice":"Became a Ghost","floor":28.0,"gold_loss":0.0,"damage_taken":0.0,"cards_obtained":["Ghostly","Ghostly","Ghostly","Ghostly","Ghostly"]},{"damage_healed":0.0,"max_hp_gain":0.0,"max_hp_loss":0.0,"gold_gain":0.0,"event_name":"The Library","player_choice":"Read","floor":30.0,"gold_loss":0.0,"damage_taken":0.0,"cards_obtained":["Wallop"]}],"is_beta":false,"boss_relics":[{"not_picked":["Snecko Eye","SacredBark"],"picked":"Black Star"}],"items_purged_floors":[5],"is_endless":false,"potions_floor_spawned":[1,2,6,8,13,22,24,31],"killed_by":"Collector","ascension_level":12}}