{"host":"pdq28s6637cpsst2","time":1613259066,"event":{"mods":["BaseMod","Colored Map","Highlight Path","Minty Spire (QoL Compilation)","Permanent Neow","Quick Restart"],"gold_per_floor":[14,26,44,44,54,79,79,109,121,148,171,183,195,237,249,362,374,397,409,300,48,48,82,82,101,178,193,222,242,242,266,266,266,266],"floor_reached":33,"language":"ENG","playtime":2902,"items_purged":["Strike_R","Strike_R"],"score":448,"play_id":"067179ee-4edf-44b6-ac3b-16d28d03d407","local_time":"20210213183106","is_ascension_mode":true,"campfire_choices":[{"floor":7.0,"key":"REST"},{"floor":12,"key":"REST"},{"floor":15,"key":"REST"},{"floor":24,"key":"DIG"},{"floor":30,"key":"REST"},{"floor":32,"key":"REST"}],"circlet_count":0,"master_deck":["Strike_R","Strike_R","Defend_R","Defend_R","Defend_R","Defend_R","Bash","Feed","Shrug It Off","Warcry","Battle Trance","Dropkick","Cleave","Cleave","Immolate","Flame Barrier","Immolate","Warcry+1","Shrug It Off","Ghostly Armor+1","Cleave"],"relics":["Burning Blood","GremlinMask","TungstenRod","MawBank","Gremlin Horn","MealTicket","Shovel","Busted Crown","Art of War","Blue Candle","Orichalcum","CeramicFish"],"acts_visited":["Exordium","TheCity"],"potions_floor_usage":[8,10,14,16,16,28,28,31],"damage_taken":[{"damage":10.0,"enemies":"Cultist","floor":1.0,"turns":5.0},{"damage":1.0,"enemies":"Small Slimes","floor":2.0,"turns":5.0},{"damage":1.0,"enemies":"2 Louse","floor":3.0,"turns":3.0},{"damage":6.0,"enemies":"Looter","floor":5.0,"turns":4.0},{"damage":71.0,"enemies":"Gremlin Nob","floor":6.0,"turns":6.0},{"damage":50,"enemies":"3 Sentries","floor":8,"turns":10},{"damage":12,"enemies":"Blue Slaver","floor":10,"turns":6},{"damage":2,"enemies":"Gremlin Gang","floor":11,"turns":3},{"damage":4,"enemies":"Gremlin Nob","floor":14,"turns":3},{"damage":38,"enemies":"Slime Boss","floor":16,"turns":12},{"damage":34,"enemies":"Shell Parasite","floor":18,"turns":6},{"damage":70,"enemies":"Book of Stabbing","floor":23,"turns":8},{"damage":8,"enemies":"Chosen","floor":25,"turns":5},{"damage":34,"enemies":"Centurion and Healer","floor":27,"turns":5},{"damage":0,"enemies":"Gremlin Leader","floor":28,"turns":4},{"damage":15,"enemies":"Snake Plant","floor":29,"turns":4},{"damage":35,"enemies":"Snecko","floor":31,"turns":9},{"damage":68,"enemies":"Collector","floor":33,"turns":6}],"seed_played":"6408472150583567572","potions_obtained":[{"floor":5.0,"key":"ElixirPotion"},{"floor":6.0,"key":"SkillPotion"},{"floor":8,"key":"Dexterity Potion"},{"floor":10,"key":"BlessingOfTheForge"},{"floor":11,"key":"Energy Potion"},{"floor":19,"key":"Energy Potion"},{"floor":19,"key":"Ancient Potion"},{"floor":19,"key":"CultistPotion"},{"floor":25,"key":"DistilledChaos"},{"floor":29,"key":"DuplicationPotion"}],"is_trial":false,"path_per_floor":["M","M","M","?","M","E","R","E","T","M","M","R","T","E","R","B",null,"M","?","$","$","?","E","R","M","T","M","E","M","R","M","R","B"],"character_chosen":"IRONCLAD","items_purchased":["Shrug It Off","Art of War"],"campfire_rested":5,"item_purchase_floors":[20,21],"current_hp_per_floor":[79,86,89,89,92,30,58,17,17,14,21,52,52,54,85,53,104,79,79,94,107,107,43,43,41,41,13,22,16,49,20,53,0,0],"gold":266,"neow_bonus":"THREE_RARE_CARDS","is_daily":false,"chose_seed":false,"campfire_upgraded":0,"win_rate":0.0,"timestamp":1613259066,"path_taken":["M","M","M","?","?","E","R","E","T","M","M","R","?","E","R","BOSS","M","?","?","$","?","E","R","M","T","M","E","M","R","M","R","BOSS"],"items_purchased_type":["Card","Relic"],"build_version":"2020-12-22","purchased_purges":2,"victory":false,"max_hp_per_floor":[83,86,89,89,92,95,95,98,98,101,104,104,104,104,104,104,104,107,107,107,107,107,107,107,107,107,107,110,113,113,113,113,113,113],"card_choices":[{"not_picked":["Double Tap","Bludgeon"],"picked":"Feed","floor":0.0},{"not_picked":["Flex","Twin Strike"],"picked":"Shrug It Off","floor":1.0},{"not_picked":["Iron Wave","Disarm"],"picked":"Warcry","floor":2.0},{"not_picked":["Corruption","Headbutt"],"picked":"Battle Trance","floor":3.0},{"not_picked":["Flex","Armaments","Havoc"],"picked":"SKIP","floor":5.0},{"not_picked":["Twin Strike","Clash"],"picked":"Dropkick","floor":6.0},{"not_picked":["Exhume","Warcry"],"picked":"Cleave","floor":8},{"not_picked":["True Grit","Twin Strike"],"picked":"Cleave","floor":10},{"not_picked":["Feel No Pain","Headbutt"],"picked":"Immolate","floor":11},{"not_picked":["Second Wind","Sword Boomerang"],"picked":"Flame Barrier","floor":14},{"not_picked":["Double Tap","Corruption"],"picked":"Immolate","floor":16},{"not_picked":[],"picked":"Warcry+1","floor":18},{"not_picked":["Metallicize"],"picked":"SKIP","floor":23},{"not_picked":["Flex"],"picked":"SKIP","floor":25},{"not_picked":["Havoc"],"picked":"SKIP","floor":27},{"not_picked":["Barricade"],"picked":"SKIP","floor":28},{"not_picked":[],"picked":"Ghostly Armor+1","floor":29},{"not_picked":[],"picked":"Cleave","floor":31}],"player_experience":186791,"relics_obtained":[{"floor":6.0,"key":"TungstenRod"},{"floor":8,"key":"MawBank"},{"floor":9,"key":"Gremlin Horn"},{"floor":13,"key":"MealTicket"},{"floor":14,"key":"Shovel"},{"floor":23,"key":"Blue Candle"},{"floor":24,"key":"Orichalcum"},{"floor":28,"key":"CeramicFish"}],"event_choices":[{"damage_healed":0.0,"max_hp_gain":0.0,"max_hp_loss":0.0,"gold_gain":0.0,"event_name":"FaceTrader","player_choice":"Trade","floor":4.0,"gold_loss":0.0,"damage_taken":0.0,"relics_obtained":["GremlinMask"]},{"damage_healed":0,"gold_gain":0,"player_choice":"Got Potions","damage_taken":0,"max_hp_gain":0,"max_hp_loss":0,"event_name":"Lab","floor":19,"gold_loss":0},{"cards_removed":["Strike_R"],"damage_healed":0,"gold_gain":0,"player_choice":"Purged","damage_taken":0,"max_hp_gain":0,"max_hp_loss":0,"event_name":"Purifier","floor":22,"gold_loss":0}],"is_beta":false,"boss_relics":[{"not_picked":["Black Blood","Empty Cage"],"picked":"Busted Crown"}],"items_purged_floors":[20,21],"is_endless":false,"potions_floor_spawned":[5,6,8,10,11,23,25,27,29],"killed_by":"Collector","ascension_level":4}}