{"host":"d61fcf2p3sjwe6yo","time":1613208947,"event":{"mods":["BaseMod","Colored Map","Gremlin Mod","Hermit","Minty Spire (QoL Compilation)","StSLib","SuperFastMode","The Hierophant"],"gold_per_floor":[113,128,128,141,153,178,178,58,58,89,89,107,136,153,153,249,249,259,274,308,308,324,357,357,373,373,423,84,118,93,112,112,209,209,227,1276,671,683,231,231,503,553,553,653,703,733,783,799,799,799,799,799,135,160,160,160],"floor_reached":55,"language":"ENG","playtime":3618,"items_purged":["hermit:Strike_Hermit","hermit:Strike_Hermit","Normality","Normality"],"score":803,"play_id":"57e4d528-bd90-4364-a8d6-88618aa5e54b","local_time":"20210213123546","is_ascension_mode":false,"campfire_choices":[{"data":"hermit:Reprieve","floor":7,"key":"SMITH"},{"data":"hermit:Cheat","floor":11,"key":"SMITH"},{"data":"hermit:WideOpen","floor":15,"key":"SMITH"},{"data":"hermit:RoundhouseKick","floor":24,"key":"SMITH"},{"data":"hermit:Malice","floor":32,"key":"SMITH"},{"data":"hermit:HighNoon","floor":40,"key":"SMITH"},{"floor":49,"key":"RECALL"},{"data":"1","floor":52,"key":"LIFT"}],"circlet_count":0,"master_deck":["hermit:Defend_Hermit","hermit:Defend_Hermit","hermit:Defend_Hermit","hermit:Defend_Hermit","hermit:Snapshot","hermit:Covet","hermit:HoleUp","hermit:Cheat+1","hermit:SprayPray","Regret","hermit:Reprieve+1","hermit:Grudge","hermit:Gestalt+1","hermit:Dive+1","hermit:WideOpen+1","hermit:FromBeyond+1","hermit:Dive+1","hermit:FinalCanter","hermit:DeadMansHand+1","hermit:Misfire+1","hermit:Malice+1","hermit:RoundhouseKick+1","hermit:Vantage+1","hermit:Gestalt+1","hermit:SprayPray+1","hermit:HighNoon+1","hermit:CalledShot+1","hermit:Gestalt+1","hermit:Determination","Deep Breath+1","hermit:BodyArmor+1","Deep Breath+1","hermit:Determination+1"],"relics":["hermit:Momento","StrikeDummy","Toxic Egg 2","Ornamental Fan","Orichalcum","Juzu Bracelet","Coffee Dripper","Red Mask","SsserpentHead","hermit:Spyglass","Centennial Puzzle","Medical Kit","Sundial","Philosopher\u0027s Stone","Lantern","PreservedInsect","DollysMirror","hermit:RyeStalk","Bag of Marbles","Girya","Kunai","Pen Nib","Akabeko","TheAbacus","Bronze Scales"],"acts_visited":["Exordium","TheCity","TheBeyond","TheEnding"],"potions_floor_usage":[6,13,20,23,33,33,50,50,54,55,55],"damage_taken":[{"damage":0,"enemies":"Small Slimes","floor":1,"turns":3},{"damage":1,"enemies":"Jaw Worm","floor":2,"turns":5},{"damage":0,"enemies":"Cultist","floor":4,"turns":2},{"damage":3,"enemies":"Exordium Wildlife","floor":5,"turns":4},{"damage":32,"enemies":"Gremlin Nob","floor":6,"turns":4},{"damage":3,"enemies":"Lagavulin","floor":10,"turns":7},{"damage":1,"enemies":"Blue Slaver","floor":12,"turns":5},{"damage":21,"enemies":"3 Sentries","floor":13,"turns":8},{"damage":0,"enemies":"3 Louse","floor":14,"turns":2},{"damage":2,"enemies":"Slime Boss","floor":16,"turns":10},{"damage":1,"enemies":"Chosen","floor":18,"turns":4},{"damage":6,"enemies":"Spheric Guardian","floor":19,"turns":5},{"damage":23,"enemies":"Masked Bandits","floor":20,"turns":4},{"damage":1,"enemies":"Centurion and Healer","floor":22,"turns":6},{"damage":11,"enemies":"Slavers","floor":23,"turns":6},{"damage":2,"enemies":"Snecko","floor":25,"turns":5},{"damage":26,"enemies":"Gremlin Leader","floor":29,"turns":9},{"damage":17,"enemies":"3 Cultists","floor":31,"turns":4},{"damage":5,"enemies":"Collector","floor":33,"turns":10},{"damage":1,"enemies":"Orb Walker","floor":35,"turns":2},{"damage":9,"enemies":"3 Shapes","floor":38,"turns":7},{"damage":5,"enemies":"2 Orb Walkers","floor":44,"turns":4},{"damage":5,"enemies":"Reptomancer","floor":46,"turns":4},{"damage":2,"enemies":"Maw","floor":48,"turns":7},{"damage":52,"enemies":"Awakened One","floor":50,"turns":17},{"damage":11,"enemies":"Shield and Spear","floor":54,"turns":2},{"damage":79,"enemies":"The Heart","floor":55,"turns":6}],"seed_played":"-7079949412755392071","potions_obtained":[{"floor":1,"key":"hermit:BlackBile"},{"floor":6,"key":"BlessingOfTheForge"},{"floor":10,"key":"Fire Potion"},{"floor":13,"key":"LiquidBronze"},{"floor":14,"key":"Explosive Potion"},{"floor":22,"key":"Dexterity Potion"},{"floor":23,"key":"hermit:Tonic"},{"floor":25,"key":"DuplicationPotion"},{"floor":33,"key":"Weak Potion"},{"floor":35,"key":"DistilledChaos"},{"floor":38,"key":"LiquidMemories"}],"is_trial":false,"path_per_floor":["M","M","?","M","M","E","R","$","T","E","R","M","E","M","R","B",null,"M","M","?","?","M","E","R","M","T","?","$","E","?","M","R","B",null,"M","?","$","M","$","R","?","?","T","?","?","E","?","M","R","B",null,"R","$","E","B"],"character_chosen":"HERMIT","items_purchased":["hermit:Dive+1","hermit:Gestalt+1","Medical Kit","Lantern","PreservedInsect","DollysMirror","hermit:Determination","hermit:RyeStalk","Bag of Marbles","Pen Nib","Akabeko","TheAbacus","hermit:Tonic","Deep Breath+1","DistilledChaos"],"campfire_rested":0,"item_purchase_floors":[8,28,28,37,37,37,37,39,39,53,53,53,53,53,53],"current_hp_per_floor":[75,74,74,74,73,53,53,53,53,62,62,73,56,56,56,70,75,75,75,53,53,60,61,61,71,71,57,57,39,39,22,22,17,80,79,79,79,71,71,71,71,71,71,71,71,71,71,74,74,25,76,76,76,65,0,0],"gold":160,"neow_bonus":"TRANSFORM_CARD","is_daily":false,"chose_seed":false,"campfire_upgraded":6,"win_rate":0.0,"timestamp":1613208946,"path_taken":["M","M","?","M","M","E","R","$","T","E","R","M","E","M","R","BOSS","M","M","?","?","M","E","R","M","T","?","$","E","?","M","R","BOSS","M","?","$","M","$","R","?","?","T","?","?","E","?","M","R","BOSS","R","$","E","BOSS"],"items_purchased_type":["Card","Card","Relic","Relic","Relic","Relic","Card","Relic","Relic","Relic","Relic","Relic","Potion","Card","Potion"],"build_version":"2020-12-22","purchased_purges":4,"victory":false,"max_hp_per_floor":[75,75,75,75,75,75,75,75,75,75,75,75,75,75,75,75,75,75,75,75,75,75,75,75,75,75,80,80,80,80,80,80,80,80,80,80,80,80,80,80,80,76,76,76,76,76,76,76,76,76,76,76,76,76,76,76],"card_choices":[{"not_picked":["hermit:Shortfuse","hermit:Combo"],"picked":"hermit:Cheat","floor":1},{"not_picked":["hermit:Ricochet","hermit:BodyArmor"],"picked":"hermit:SprayPray","floor":2},{"not_picked":["hermit:Snipe","hermit:HoleUp"],"picked":"hermit:Reprieve","floor":4},{"not_picked":["hermit:Spite","hermit:Maintenance"],"picked":"hermit:Grudge","floor":5},{"not_picked":["hermit:FlashPowder+1","hermit:Feint+1"],"picked":"hermit:Gestalt+1","floor":6},{"not_picked":["hermit:TakeAim","hermit:Enervate"],"picked":"hermit:Determination","floor":10},{"not_picked":["hermit:TrackingShot","hermit:SprayPray"],"picked":"hermit:WideOpen","floor":12},{"not_picked":["hermit:TrackingShot","hermit:Vantage+1"],"picked":"hermit:FromBeyond+1","floor":13},{"not_picked":["hermit:TrackingShot","hermit:Determination"],"picked":"hermit:Dive+1","floor":14},{"not_picked":["hermit:HeroicBravado+1","hermit:BlackWind"],"picked":"hermit:FinalCanter","floor":16},{"not_picked":["hermit:Headshot+1","hermit:Vantage+1","hermit:Desperado"],"picked":"SKIP","floor":18},{"not_picked":["hermit:Headshot","hermit:Glare+1"],"picked":"hermit:DeadMansHand+1","floor":19},{"not_picked":["hermit:WideOpen+1","hermit:GoldenBullet+1"],"picked":"hermit:Misfire+1","floor":20},{"not_picked":["hermit:Headshot","hermit:LowProfile+1"],"picked":"hermit:Malice","floor":22},{"not_picked":["hermit:Midnight+1","hermit:Glare+1"],"picked":"hermit:RoundhouseKick","floor":23},{"not_picked":["hermit:Glare+1","hermit:HighCaliber"],"picked":"hermit:Vantage+1","floor":25},{"not_picked":["hermit:CursedWeapon","hermit:TakeCover+1","hermit:Showdown+1"],"picked":"SKIP","floor":29},{"not_picked":["hermit:WideOpen","hermit:BodyArmor+1"],"picked":"hermit:SprayPray+1","floor":31},{"not_picked":["hermit:Roughhouse","hermit:Purgatory"],"picked":"hermit:HighNoon","floor":33},{"not_picked":["hermit:Snipe+1","hermit:Enervate"],"picked":"hermit:CalledShot+1","floor":35},{"not_picked":["hermit:Malice","hermit:WideOpen+1","hermit:HighCaliber"],"picked":"SKIP","floor":38},{"not_picked":["Jack Of All Trades+1","Bandage Up+1"],"picked":"Deep Breath+1","floor":45},{"not_picked":["hermit:Misfire+1","hermit:TakeCover+1"],"picked":"hermit:BodyArmor+1","floor":46},{"not_picked":["hermit:SprayPray","hermit:Headshot","hermit:BodyArmor+1"],"picked":"SKIP","floor":48},{"not_picked":["hermit:Feint+1","hermit:CalledShot+1"],"picked":"hermit:Determination+1","floor":54}],"player_experience":246240,"relics_obtained":[{"floor":6,"key":"Toxic Egg 2"},{"floor":9,"key":"Ornamental Fan"},{"floor":10,"key":"Orichalcum"},{"floor":13,"key":"Juzu Bracelet"},{"floor":20,"key":"Red Mask"},{"floor":23,"key":"hermit:Spyglass"},{"floor":26,"key":"Centennial Puzzle"},{"floor":29,"key":"Sundial"},{"floor":44,"key":"Girya"},{"floor":46,"key":"Kunai"},{"floor":54,"key":"Bronze Scales"}],"event_choices":[{"damage_healed":0,"gold_gain":0,"player_choice":"Box","damage_taken":0,"relics_obtained":["StrikeDummy"],"max_hp_gain":0,"max_hp_loss":0,"event_name":"Big Fish","floor":3,"gold_loss":0,"cards_obtained":["Regret"]},{"damage_healed":0,"gold_gain":0,"player_choice":"Fought Bandits","damage_taken":0,"max_hp_gain":0,"max_hp_loss":0,"event_name":"Masked Bandits","floor":20,"gold_loss":0},{"damage_healed":0,"gold_gain":0,"player_choice":"Trade","damage_taken":0,"relics_obtained":["SsserpentHead"],"max_hp_gain":0,"max_hp_loss":0,"event_name":"FaceTrader","floor":21,"gold_loss":0},{"damage_healed":0,"gold_gain":0,"player_choice":"Shed Blood","damage_taken":19,"max_hp_gain":5,"max_hp_loss":0,"event_name":"Forgotten Altar","floor":27,"gold_loss":0},{"cards_removed":["hermit:Strike_Hermit"],"damage_healed":0,"gold_gain":0,"player_choice":"Gave Gold","damage_taken":0,"max_hp_gain":0,"max_hp_loss":0,"event_name":"Beggar","floor":30,"gold_loss":75},{"damage_healed":0,"gold_gain":999,"player_choice":"Gold","damage_taken":0,"max_hp_gain":0,"max_hp_loss":0,"event_name":"MindBloom","floor":36,"gold_loss":0,"cards_obtained":["Normality","Normality"]},{"damage_healed":0,"gold_gain":222,"player_choice":"Wore Mask","damage_taken":0,"max_hp_gain":0,"max_hp_loss":0,"event_name":"Tomb of Lord Red Mask","floor":41,"gold_loss":0},{"damage_healed":0,"gold_gain":0,"player_choice":"Max HP","damage_taken":0,"max_hp_gain":0,"max_hp_loss":4,"event_name":"Winding Halls","floor":42,"gold_loss":0},{"damage_healed":0,"gold_gain":0,"player_choice":"Fight","damage_taken":0,"max_hp_gain":0,"max_hp_loss":0,"event_name":"Mysterious Sphere","floor":44,"gold_loss":0},{"damage_healed":0,"gold_gain":0,"player_choice":"Memory 1","damage_taken":0,"max_hp_gain":0,"max_hp_loss":0,"event_name":"SensoryStone","floor":45,"gold_loss":0},{"cards_removed":["hermit:Determination"],"damage_healed":0,"gold_gain":0,"player_choice":"Removed Power","damage_taken":0,"max_hp_gain":0,"max_hp_loss":0,"event_name":"Falling","floor":47,"gold_loss":0}],"is_beta":false,"boss_relics":[{"not_picked":["Ectoplasm","hermit:BartenderGlass"],"picked":"Coffee Dripper"},{"not_picked":["Snecko Eye","Black Star"],"picked":"Philosopher\u0027s Stone"}],"items_purged_floors":[8,28,37,39],"is_endless":false,"potions_floor_spawned":[1,6,10,13,14,16,22,23,25,33,35,38,44],"killed_by":"The Heart","ascension_level":0}}