{"host":"kda2p2afd6bvz6qo","time":1613178404,"event":{"mods":["BaseMod","Colored Map","Minty Spire (QoL Compilation)","Relic Stats"],"gold_per_floor":[110,110,185,135,135,135,168,168,193,221,251,299,311,347,359,494,506,534,561,573,585,241,276,226,226,297,321,321,342,386,511,511,640,640,661,661,680,694,280,319,340,358,383,383,403,423,438,201,201,201,201,201,10,50,50],"floor_reached":56,"language":"ENG","playtime":3717,"items_purged":["Writhe","Strike_R","Strike_R","Strike_R","Strike_R+1"],"score":1459,"play_id":"6b078307-6919-4725-9033-8522a86b23ab","local_time":"20210213010644","is_ascension_mode":true,"campfire_choices":[{"floor":6.0,"key":"REST"},{"floor":8.0,"key":"REST"},{"floor":15.0,"key":"RECALL"},{"floor":25.0,"key":"REST"},{"floor":28.0,"key":"REST"},{"floor":32.0,"key":"REST"},{"floor":49.0,"key":"REST"},{"floor":52,"key":"REST"}],"circlet_count":0,"master_deck":["Defend_R","Defend_R","Defend_R","Defend_R","Bash","Clothesline","Flame Barrier","Warcry","Cleave","Fire Breathing","Immolate","Burning Pact+1","Second Wind+1","Immolate+1","Bludgeon","Sentinel+1","Bloodletting+1","Shrug It Off+1","Impervious+1","Disarm+1","Demon Form","Pommel Strike+1","Flame Barrier+1","Bludgeon","Warcry+1","Dual Wield+1","Metallicize+1","Dark Embrace+1","Disarm+1","Shockwave+1","Flame Barrier+1","Offering+1","Disarm+1","Blood for Blood","Shrug It Off+1"],"relics":["Fusion Hammer","Golden Idol","Question Card","MawBank","Potion Belt","Snecko Eye","Smiling Mask","Whetstone","Pen Nib","Toxic Egg 2","Red Skull","Ice Cream","Paper Frog","SlaversCollar","Medical Kit","Oddly Smooth Stone","Shuriken"],"acts_visited":["Exordium","TheCity","TheBeyond","TheEnding"],"potions_floor_usage":[],"damage_taken":[{"damage":0.0,"enemies":"Cultist","floor":1.0,"turns":2.0},{"damage":25.0,"enemies":"3 Sentries","floor":7.0,"turns":8.0},{"damage":7.0,"enemies":"Small Slimes","floor":10.0,"turns":3.0},{"damage":0.0,"enemies":"2 Louse","floor":11.0,"turns":2.0},{"damage":18.0,"enemies":"Lagavulin","floor":12.0,"turns":8.0},{"damage":1.0,"enemies":"Large Slime","floor":14.0,"turns":6.0},{"damage":43.0,"enemies":"Hexaghost","floor":16.0,"turns":13.0},{"damage":8.0,"enemies":"2 Thieves","floor":18.0,"turns":3.0},{"damage":0.0,"enemies":"Chosen","floor":19.0,"turns":4.0},{"damage":20.0,"enemies":"Slavers","floor":23.0,"turns":2.0},{"damage":0.0,"enemies":"Centurion and Healer","floor":27.0,"turns":3.0},{"damage":6.0,"enemies":"Snake Plant","floor":29.0,"turns":2.0},{"damage":9.0,"enemies":"Gremlin Leader","floor":30.0,"turns":4.0},{"damage":2.0,"enemies":"Colosseum Slavers","floor":31.0,"turns":2.0},{"damage":1.0,"enemies":"Colosseum Nobs","floor":31.0,"turns":3.0},{"damage":22.0,"enemies":"Champ","floor":33.0,"turns":9.0},{"damage":0.0,"enemies":"3 Darklings","floor":35.0,"turns":2.0},{"damage":1.0,"enemies":"Orb Walker","floor":37.0,"turns":3.0},{"damage":2.0,"enemies":"Transient","floor":38.0,"turns":5.0},{"damage":15.0,"enemies":"Nemesis","floor":40.0,"turns":5.0},{"damage":0.0,"enemies":"3 Darklings","floor":41.0,"turns":2.0},{"damage":0.0,"enemies":"Jaw Worm Horde","floor":42.0,"turns":4.0},{"damage":13.0,"enemies":"Maw","floor":45.0,"turns":6.0},{"damage":0.0,"enemies":"3 Darklings","floor":46.0,"turns":2.0},{"damage":0.0,"enemies":"Transient","floor":47.0,"turns":5.0},{"damage":19,"enemies":"Awakened One","floor":50,"turns":11},{"damage":14,"enemies":"Shield and Spear","floor":54,"turns":5},{"damage":37,"enemies":"The Heart","floor":55,"turns":7}],"seed_played":"746637643778052398","potions_obtained":[{"floor":10.0,"key":"Fire Potion"},{"floor":12.0,"key":"Block Potion"},{"floor":14.0,"key":"Explosive Potion"},{"floor":16.0,"key":"DistilledChaos"},{"floor":23.0,"key":"Dexterity Potion"},{"floor":30.0,"key":"BlessingOfTheForge"},{"floor":35.0,"key":"Energy Potion"},{"floor":42.0,"key":"LiquidMemories"},{"floor":46.0,"key":"Swift Potion"}],"is_trial":false,"path_per_floor":["M","?","?","?","?","R","E","R","T","M","M","E","$","M","R","B",null,"M","M","?","?","$","E","$","R","T","M","R","M","E","?","R","B",null,"M","?","M","M","$","E","M","M","T","?","M","M","M","$","R","B",null,"R","$","E","B",null],"character_chosen":"IRONCLAD","items_purchased":["Bludgeon","Whetstone","Bludgeon","Warcry+1","Medical Kit","Flame Barrier+1","Offering+1","Disarm+1","Blood for Blood"],"campfire_rested":7,"item_purchase_floors":[22,22,39,39,39,48,48,53,53],"current_hp_per_floor":[80,60,49,49,49,73,48,72,72,65,65,47,47,46,46,3,61,53,53,53,53,53,33,33,57,57,57,80,74,65,62,80,58,75,75,75,74,72,72,57,57,57,57,57,44,44,44,44,66,47,69,76,76,62,25],"gold":50,"neow_bonus":"BOSS_RELIC","is_daily":false,"chose_seed":false,"campfire_upgraded":0,"win_rate":0.0,"timestamp":1613178404,"path_taken":["M","?","?","?","?","R","E","R","T","?","M","E","$","M","R","BOSS","M","M","?","?","$","E","$","R","T","M","R","M","E","?","R","BOSS","M","?","M","M","$","E","M","M","T","?","M","?","M","$","R","BOSS","R","$","E","BOSS"],"items_purchased_type":["Card","Relic","Card","Card","Relic","Card","Card","Card","Card"],"build_version":"2020-12-22","purchased_purges":5,"victory":true,"max_hp_per_floor":[80,80,80,80,80,80,80,80,80,80,80,80,80,80,80,80,80,80,80,80,80,80,80,80,80,80,80,80,80,80,80,80,80,80,80,76,76,76,76,76,76,76,76,76,76,76,76,76,76,76,76,76,76,76,76],"relic_stats":{"counters":[28,131],"Golden Idol":230,"Shuriken":[2],"Snecko Eye":[189,166,177,176],"Pen Nib":[15],"Whetstone":["Immolate","Strike_R"],"Question Card":23,"MawBank":156,"Smiling Mask":375,"Medical Kit":[8],"obtain_stats":[{"Potion Belt":12,"Ice Cream":31,"Golden Idol":2,"Oddly Smooth Stone":40,"Pen Nib":23,"Whetstone":22,"Question Card":7,"MawBank":9,"Smiling Mask":20,"Medical Kit":39,"Burning Blood":0,"SlaversCollar":34,"Shuriken":54,"Snecko Eye":17,"Fusion Hammer":0,"Toxic Egg 2":26,"Red Skull":30,"Paper Frog":31},{"Potion Belt":5,"Ice Cream":15,"Golden Idol":1,"Oddly Smooth Stone":20,"Pen Nib":10,"Whetstone":9,"Question Card":2,"MawBank":2,"Smiling Mask":9,"Medical Kit":19,"Burning Blood":0,"SlaversCollar":16,"Shuriken":27,"Snecko Eye":7,"Fusion Hammer":0,"Toxic Egg 2":10,"Red Skull":13,"Paper Frog":15},{"Potion Belt":23,"Ice Cream":65,"Golden Idol":2,"Oddly Smooth Stone":89,"Pen Nib":51,"Whetstone":49,"Question Card":10,"MawBank":10,"Smiling Mask":49,"Medical Kit":84,"Burning Blood":0,"SlaversCollar":74,"Shuriken":124,"Snecko Eye":42,"Fusion Hammer":0,"Toxic Egg 2":51,"Red Skull":60,"Paper Frog":65}]},"card_choices":[{"not_picked":["Dropkick","Perfected Strike"],"picked":"Clothesline","floor":1.0},{"not_picked":["Dropkick","Clothesline","Rampage"],"picked":"SKIP","floor":7.0},{"not_picked":["Anger","Rampage","Warcry"],"picked":"Flame Barrier","floor":10.0},{"not_picked":["Twin Strike","Searing Blow","Anger"],"picked":"Warcry","floor":11.0},{"not_picked":["Sentinel","Rampage","Clash"],"picked":"Cleave","floor":12.0},{"not_picked":["Twin Strike","Feel No Pain","Warcry"],"picked":"Fire Breathing","floor":14.0},{"not_picked":["Corruption","Brutality","Reaper"],"picked":"Immolate","floor":16.0},{"not_picked":["Anger","Armaments","Shockwave"],"picked":"Burning Pact+1","floor":18.0},{"not_picked":["Body Slam","Rupture","Flex"],"picked":"Second Wind+1","floor":19.0},{"not_picked":["Shrug It Off","Pummel+1","Armaments"],"picked":"Sentinel+1","floor":23.0},{"not_picked":["Headbutt+1","Sword Boomerang","Body Slam"],"picked":"Bloodletting+1","floor":27.0},{"not_picked":["Corruption","Heavy Blade+1","Thunderclap"],"picked":"Shrug It Off+1","floor":29.0},{"not_picked":["Metallicize","Power Through+1","Clash"],"picked":"Impervious+1","floor":30.0},{"not_picked":["Feel No Pain","Rupture+1","Twin Strike"],"picked":"Disarm+1","floor":31.0},{"not_picked":["Barricade","Juggernaut","Brutality"],"picked":"Demon Form","floor":33.0},{"not_picked":["Headbutt","Cleave+1","Sword Boomerang"],"picked":"Pommel Strike+1","floor":35.0},{"not_picked":["Second Wind+1","Headbutt","Body Slam","Pommel Strike"],"picked":"SKIP","floor":37.0},{"not_picked":["Bloodletting+1","Metallicize+1","Perfected Strike+1"],"picked":"Flame Barrier+1","floor":38.0},{"not_picked":["Clash+1","Rampage+1","Havoc+1"],"picked":"Dual Wield+1","floor":40.0},{"not_picked":["Flame Barrier+1","Rage+1","Pummel+1"],"picked":"Metallicize+1","floor":41.0},{"not_picked":["Sever Soul+1","Power Through+1","Clothesline+1","Twin Strike+1"],"picked":"SKIP","floor":42.0},{"not_picked":["Pummel","Flex+1","Warcry+1"],"picked":"Dark Embrace+1","floor":45.0},{"not_picked":["Cleave+1","Iron Wave","Intimidate+1"],"picked":"Disarm+1","floor":46.0},{"not_picked":["Heavy Blade","True Grit+1","Fiend Fire"],"picked":"Shockwave+1","floor":47.0},{"not_picked":["Power Through+1","Seeing Red+1","Spot Weakness+1"],"picked":"Shrug It Off+1","floor":54}],"player_experience":252113,"relics_obtained":[{"floor":7.0,"key":"Question Card"},{"floor":9.0,"key":"MawBank"},{"floor":12.0,"key":"Potion Belt"},{"floor":23.0,"key":"Pen Nib"},{"floor":26.0,"key":"Toxic Egg 2"},{"floor":30.0,"key":"Red Skull"},{"floor":31.0,"key":"Ice Cream"},{"floor":31.0,"key":"Paper Frog"},{"floor":40.0,"key":"Oddly Smooth Stone"},{"floor":54,"key":"Shuriken"}],"event_choices":[{"damage_healed":0.0,"max_hp_gain":0.0,"max_hp_loss":0.0,"gold_gain":0.0,"event_name":"Golden Idol","player_choice":"Take Damage","floor":2.0,"gold_loss":0.0,"damage_taken":20.0,"relics_obtained":["Golden Idol"]},{"damage_healed":0.0,"max_hp_gain":0.0,"max_hp_loss":0.0,"gold_gain":75.0,"event_name":"World of Goop","player_choice":"Gather Gold","floor":3.0,"gold_loss":0.0,"damage_taken":11.0},{"cards_removed":["Strike_R"],"damage_healed":0.0,"max_hp_gain":0.0,"max_hp_loss":0.0,"gold_gain":0.0,"event_name":"The Cleric","player_choice":"Card Removal","floor":4.0,"gold_loss":50.0,"damage_taken":0.0},{"damage_healed":0.0,"max_hp_gain":0.0,"max_hp_loss":0.0,"gold_gain":0.0,"event_name":"Liars Game","player_choice":"Ignored","floor":5.0,"gold_loss":0.0,"damage_taken":0.0},{"damage_healed":0.0,"max_hp_gain":0.0,"max_hp_loss":0.0,"gold_gain":0.0,"event_name":"The Mausoleum","player_choice":"Opened","floor":20.0,"gold_loss":0.0,"damage_taken":0.0,"relics_obtained":["Smiling Mask"],"cards_obtained":["Writhe"]},{"damage_healed":0.0,"max_hp_gain":0.0,"max_hp_loss":0.0,"gold_gain":0.0,"event_name":"The Library","player_choice":"Read","floor":21.0,"gold_loss":0.0,"damage_taken":0.0,"cards_obtained":["Immolate"]},{"damage_healed":0.0,"max_hp_gain":0.0,"max_hp_loss":0.0,"gold_gain":0.0,"event_name":"Colosseum","player_choice":"Fight","floor":31.0,"gold_loss":0.0,"damage_taken":0.0},{"damage_healed":0.0,"max_hp_gain":0.0,"max_hp_loss":0.0,"gold_gain":0.0,"event_name":"Colosseum","player_choice":"Fought Nobs","floor":31.0,"gold_loss":0.0,"damage_taken":0.0},{"damage_healed":0.0,"max_hp_gain":0.0,"max_hp_loss":4.0,"gold_gain":0.0,"event_name":"Winding Halls","player_choice":"Max HP","floor":36.0,"gold_loss":0.0,"damage_taken":0.0},{"damage_healed":0.0,"max_hp_gain":0.0,"max_hp_loss":0.0,"gold_gain":0.0,"event_name":"Tomb of Lord Red Mask","player_choice":"Ignored","floor":44.0,"gold_loss":0.0,"damage_taken":0.0}],"is_beta":false,"boss_relics":[{"not_picked":["Astrolabe","Calling Bell"],"picked":"Snecko Eye"},{"not_picked":["Pandora\u0027s Box","Philosopher\u0027s Stone"],"picked":"SlaversCollar"}],"items_purged_floors":[22,24,39,48,53],"is_endless":false,"potions_floor_spawned":[10,12,14,16,23,30,31,35,42,46,54],"ascension_level":5}}