{"host":"19r1ww88x2tc73i0","time":1613195857,"event":{"mods":["BaseMod","Bestiary","BetterRewards","Colored Map","Minty Spire (QoL Compilation)","Relic Stats","StSLib","SuperFastMode","slay the spire mod where everything is the same but ironclad has a cowboy hat"],"gold_per_floor":[117,192,209,223,223,256,256,290,290,320,339,352,368,368,368,445,445,458,472,486,496,201,231,231,261,261,276,276,276,289,308,308,383,383,399,99,99,99,117,117,144,144,170,170,201,220,220,236,236,236,236,236,34,68,68],"floor_reached":56,"language":"ENG","playtime":2274,"items_purged":["Defend_P","Defend_P"],"score":2312,"play_id":"e6b053f8-31a4-42fb-a322-19eb0ed7c508","local_time":"25640213125737","is_ascension_mode":true,"campfire_choices":[{"data":"Wallop","floor":7.0,"key":"SMITH"},{"data":"1","floor":15.0,"key":"LIFT"},{"data":"2","floor":24.0,"key":"LIFT"},{"floor":28.0,"key":"REST"},{"data":"3","floor":32.0,"key":"LIFT"},{"data":"Scrawl","floor":40.0,"key":"SMITH"},{"data":"Prostrate","floor":42.0,"key":"SMITH"},{"floor":49.0,"key":"RECALL"},{"data":"Devotion","floor":52.0,"key":"SMITH"}],"circlet_count":0,"master_deck":["AscendersBane","Defend_P+1","Vigilance+1","Scrawl+1","Fasting2+1","Prostrate+1","Wallop+1","Worship","BowlingBash+1","Consecrate+1","Prostrate+1","LessonLearned+1","CutThroughFate+1","Prostrate+1","SashWhip+1","FlyingSleeves+1","WheelKick+1","Devotion+1","FlyingSleeves+1","Scrawl+1","Prostrate+1","PanicButton+1","Perseverance+1","Fasting2+1","CrushJoints"],"relics":["Astrolabe","FossilizedHelix","Girya","Du-Vu Doll","Centennial Puzzle","Philosopher\u0027s Stone","Medical Kit","Happy Flower","Oddly Smooth Stone","InkBottle","Boot","Busted Crown","Damaru","Regal Pillow","Blue Candle","DollysMirror","Art of War"],"acts_visited":["Exordium","TheCity","TheBeyond","TheEnding"],"potions_floor_usage":[],"damage_taken":[{"damage":6.0,"enemies":"2 Louse","floor":1.0,"turns":3.0},{"damage":0.0,"enemies":"Cultist","floor":3.0,"turns":3.0},{"damage":0.0,"enemies":"Jaw Worm","floor":4.0,"turns":6.0},{"damage":0.0,"enemies":"Lagavulin","floor":6.0,"turns":3.0},{"damage":0.0,"enemies":"Gremlin Nob","floor":8.0,"turns":3.0},{"damage":20.0,"enemies":"3 Sentries","floor":10.0,"turns":5.0},{"damage":0.0,"enemies":"Looter","floor":11.0,"turns":4.0},{"damage":0.0,"enemies":"Exordium Thugs","floor":12.0,"turns":3.0},{"damage":0.0,"enemies":"Large Slime","floor":13.0,"turns":5.0},{"damage":3.0,"enemies":"The Guardian","floor":16.0,"turns":6.0},{"damage":4.0,"enemies":"Shell Parasite","floor":18.0,"turns":3.0},{"damage":19.0,"enemies":"3 Byrds","floor":19.0,"turns":6.0},{"damage":0.0,"enemies":"Centurion and Healer","floor":20.0,"turns":4.0},{"damage":0.0,"enemies":"Shelled Parasite and Fungi","floor":21.0,"turns":2.0},{"damage":0.0,"enemies":"Book of Stabbing","floor":23.0,"turns":3.0},{"damage":7.0,"enemies":"Slavers","floor":25.0,"turns":3.0},{"damage":12.0,"enemies":"Snake Plant","floor":27.0,"turns":2.0},{"damage":0.0,"enemies":"Centurion and Healer","floor":30.0,"turns":3.0},{"damage":0.0,"enemies":"Cultist and Chosen","floor":31.0,"turns":3.0},{"damage":2.0,"enemies":"Champ","floor":33.0,"turns":4.0},{"damage":0.0,"enemies":"3 Shapes","floor":35.0,"turns":2.0},{"damage":0.0,"enemies":"Orb Walker","floor":39.0,"turns":6.0},{"damage":0.0,"enemies":"Nemesis","floor":41.0,"turns":3.0},{"damage":0.0,"enemies":"Reptomancer","floor":45.0,"turns":2.0},{"damage":10.0,"enemies":"4 Shapes","floor":46.0,"turns":3.0},{"damage":0.0,"enemies":"Sphere and 2 Shapes","floor":48.0,"turns":2.0},{"damage":0.0,"enemies":"Donu and Deca","floor":50.0,"turns":3.0},{"damage":0.0,"enemies":"Shield and Spear","floor":54.0,"turns":3.0},{"damage":28,"enemies":"The Heart","floor":55,"turns":6}],"seed_played":"8498484786216746172","potions_obtained":[{"floor":1.0,"key":"StancePotion"},{"floor":3.0,"key":"SpeedPotion"},{"floor":8.0,"key":"DistilledChaos"},{"floor":10.0,"key":"Block Potion"},{"floor":12.0,"key":"BottledMiracle"},{"floor":18.0,"key":"AttackPotion"},{"floor":20.0,"key":"GamblersBrew"},{"floor":23.0,"key":"BottledMiracle"},{"floor":25.0,"key":"Energy Potion"},{"floor":27.0,"key":"EssenceOfSteel"},{"floor":35.0,"key":"SteroidPotion"},{"floor":41.0,"key":"SneckoOil"},{"floor":45.0,"key":"FearPotion"}],"is_trial":false,"path_per_floor":["M","?","M","M","?","E","R","E","T","E","M","M","M","?","R","B",null,"M","M","M","M","$","E","R","E","T","M","R","?","M","M","R","B",null,"M","$","?","?","M","R","E","R","T","?","E","M","?","M","R","B",null,"R","$","E","B",null],"character_chosen":"WATCHER","items_purchased":["WheelKick","Medical Kit","Damaru","Prostrate","DollysMirror","CrushJoints"],"campfire_rested":1,"item_purchase_floors":[22,22,36,36,53,53],"current_hp_per_floor":[55,44,44,44,44,44,44,44,44,24,24,24,24,10,10,7,53,49,30,30,30,30,30,30,23,23,11,31,31,31,31,31,29,58,58,58,53,53,53,53,53,53,53,53,53,43,43,43,43,43,62,62,62,62,34],"gold":68,"neow_bonus":"BOSS_RELIC","is_daily":false,"chose_seed":false,"campfire_upgraded":4,"win_rate":0.0,"timestamp":1613195857,"path_taken":["M","?","M","M","?","E","R","E","T","E","M","M","?","?","R","BOSS","M","M","M","M","$","E","R","E","T","M","R","?","M","M","R","BOSS","M","$","?","?","?","R","E","R","T","?","E","M","?","?","R","BOSS","R","$","E","BOSS"],"items_purchased_type":["Card","Relic","Relic","Card","Relic","Card"],"build_version":"2020-12-22","purchased_purges":2,"victory":true,"max_hp_per_floor":[68,68,68,68,68,68,68,68,68,68,68,68,68,68,68,68,68,68,68,68,68,68,68,68,68,68,68,68,68,68,68,68,68,68,68,68,68,68,68,68,68,68,68,68,68,68,68,68,68,68,68,68,68,68,68],"relic_stats":{"Centennial Puzzle":[24],"Regal Pillow":0,"Busted Crown":18,"Happy Flower":[15],"counters":[29,104],"Astrolabe":["EmptyFist","Scrawl","Fasting2"],"Blue Candle":[0],"Art of War":[0],"Medical Kit":[3],"Boot":[16],"obtain_stats":[{"Girya":8,"Regal Pillow":41,"Happy Flower":23,"Astrolabe":0,"Blue Candle":45,"Oddly Smooth Stone":25,"Damaru":36,"Medical Kit":22,"Boot":29,"Du-Vu Doll":9,"Centennial Puzzle":10,"Busted Crown":34,"DollysMirror":53,"Philosopher\u0027s Stone":17,"Art of War":54,"PureWater":0,"FossilizedHelix":6,"InkBottle":26},{"Girya":5,"Regal Pillow":23,"Happy Flower":15,"Astrolabe":0,"Blue Candle":24,"Oddly Smooth Stone":16,"Damaru":21,"Medical Kit":14,"Boot":17,"Du-Vu Doll":5,"Centennial Puzzle":6,"Busted Crown":20,"DollysMirror":27,"Philosopher\u0027s Stone":10,"Art of War":28,"PureWater":0,"FossilizedHelix":4,"InkBottle":16},{"Girya":18,"Regal Pillow":85,"Happy Flower":59,"Astrolabe":0,"Blue Candle":87,"Oddly Smooth Stone":62,"Damaru":76,"Medical Kit":56,"Boot":64,"Du-Vu Doll":18,"Centennial Puzzle":23,"Busted Crown":74,"DollysMirror":95,"Philosopher\u0027s Stone":41,"Art of War":98,"PureWater":0,"FossilizedHelix":15,"InkBottle":62}],"InkBottle":[18]},"card_choices":[{"not_picked":["Worship","ThirdEye"],"picked":"Prostrate","floor":1.0},{"not_picked":["Nirvana","TalkToTheHand"],"picked":"Wallop","floor":3.0},{"not_picked":["Protect","Swivel"],"picked":"Worship","floor":4.0},{"not_picked":["Crescendo","EmptyMind","Weave"],"picked":"SKIP","floor":6.0},{"not_picked":["Tantrum","Halt"],"picked":"BowlingBash","floor":8.0},{"not_picked":["Worship","ReachHeaven","Weave"],"picked":"SKIP","floor":10.0},{"not_picked":["WaveOfTheHand","FollowUp"],"picked":"Consecrate","floor":11.0},{"not_picked":["LikeWater","Wallop","DeceiveReality"],"picked":"SKIP","floor":12.0},{"not_picked":["Consecrate","WreathOfFlame"],"picked":"Prostrate","floor":13.0},{"not_picked":["Alpha","ConjureBlade"],"picked":"LessonLearned","floor":16.0},{"not_picked":["DeceiveReality+1","EmptyFist"],"picked":"CutThroughFate","floor":18.0},{"not_picked":["JustLucky","Halt"],"picked":"Prostrate","floor":19.0},{"not_picked":["FlurryOfBlows","BowlingBash"],"picked":"SashWhip","floor":20.0},{"not_picked":["SashWhip","InnerPeace"],"picked":"FlyingSleeves","floor":21.0},{"not_picked":["ForeignInfluence","WheelKick"],"picked":"Devotion","floor":23.0},{"not_picked":["Perseverance","BowlingBash+1","CarveReality"],"picked":"SKIP","floor":25.0},{"not_picked":["Pray+1","JustLucky","Fasting2"],"picked":"SKIP","floor":27.0},{"not_picked":["Weave","ThirdEye"],"picked":"FlyingSleeves","floor":30.0},{"not_picked":["FollowUp+1","ClearTheMind","BowlingBash+1"],"picked":"SKIP","floor":31.0},{"not_picked":["Establishment","Alpha"],"picked":"Scrawl","floor":33.0},{"not_picked":["MentalFortress"],"picked":"SKIP","floor":35.0},{"not_picked":[],"picked":"PanicButton","floor":37.0},{"not_picked":["SashWhip+1"],"picked":"SKIP","floor":39.0},{"not_picked":["Indignation+1"],"picked":"SKIP","floor":41.0},{"not_picked":["Consecrate"],"picked":"SKIP","floor":45.0},{"not_picked":["TalkToTheHand"],"picked":"SKIP","floor":46.0},{"not_picked":["TalkToTheHand"],"picked":"SKIP","floor":46.0},{"not_picked":["EmptyFist"],"picked":"SKIP","floor":48.0},{"not_picked":["Weave"],"picked":"SKIP","floor":54.0}],"player_experience":1069809,"relics_obtained":[{"floor":6.0,"key":"FossilizedHelix"},{"floor":8.0,"key":"Girya"},{"floor":9.0,"key":"Du-Vu Doll"},{"floor":10.0,"key":"Centennial Puzzle"},{"floor":23.0,"key":"Happy Flower"},{"floor":25.0,"key":"Oddly Smooth Stone"},{"floor":26.0,"key":"InkBottle"},{"floor":41.0,"key":"Regal Pillow"},{"floor":45.0,"key":"Blue Candle"},{"floor":54.0,"key":"Art of War"}],"event_choices":[{"damage_healed":0.0,"max_hp_gain":0.0,"max_hp_loss":0.0,"gold_gain":75.0,"event_name":"World of Goop","player_choice":"Gather Gold","floor":2.0,"gold_loss":0.0,"damage_taken":11.0},{"damage_healed":0.0,"max_hp_gain":0.0,"max_hp_loss":0.0,"gold_gain":0.0,"event_name":"Accursed Blacksmith","player_choice":"Forge","floor":5.0,"gold_loss":0.0,"damage_taken":0.0,"cards_upgraded":["Prostrate"]},{"damage_healed":0.0,"max_hp_gain":0.0,"max_hp_loss":0.0,"gold_gain":0.0,"event_name":"Shining Light","player_choice":"Entered Light","floor":14.0,"gold_loss":0.0,"damage_taken":14.0,"cards_upgraded":["Eruption","Strike_P"]},{"cards_removed":["EmptyFist"],"damage_healed":0.0,"max_hp_gain":0.0,"max_hp_loss":0.0,"gold_gain":0.0,"event_name":"WeMeetAgain","player_choice":"Gave Card","floor":29.0,"gold_loss":0.0,"damage_taken":0.0,"relics_obtained":["Boot"]},{"damage_healed":0.0,"max_hp_gain":0.0,"max_hp_loss":0.0,"gold_gain":0.0,"event_name":"SensoryStone","player_choice":"Memory 2","floor":37.0,"gold_loss":0.0,"damage_taken":5.0},{"damage_healed":0.0,"max_hp_gain":0.0,"max_hp_loss":0.0,"gold_gain":0.0,"cards_transformed":["Strike_P"],"event_name":"Transmorgrifier","player_choice":"Transformed","floor":38.0,"gold_loss":0.0,"damage_taken":0.0,"cards_obtained":["Perseverance"]},{"cards_removed":["Eruption"],"damage_healed":0.0,"max_hp_gain":0.0,"max_hp_loss":0.0,"gold_gain":0.0,"event_name":"Falling","player_choice":"Removed Attack","floor":44.0,"gold_loss":0.0,"damage_taken":0.0},{"cards_removed":["Strike_P"],"damage_healed":0.0,"max_hp_gain":0.0,"max_hp_loss":0.0,"gold_gain":0.0,"event_name":"Purifier","player_choice":"Purged","floor":47.0,"gold_loss":0.0,"damage_taken":0.0}],"is_beta":false,"boss_relics":[{"not_picked":["Velvet Choker","SacredBark"],"picked":"Philosopher\u0027s Stone"},{"not_picked":["Calling Bell","VioletLotus"],"picked":"Busted Crown"}],"items_purged_floors":[22,36],"is_endless":false,"potions_floor_spawned":[1,3,8,10,12,18,20,23,25,27,35,41,45,54],"ascension_level":14}}