{"host":"za1qviwhp34x909e","time":1613182270,"event":{"mods":["BaseMod","Colored Map","Colored Powertips","Highlight Path","Koishi","Marisa????????","Minty Spire (QoL Compilation)","Quick Restart","Reimu??????","Remilia??????","StSLib","The Servant 0.9.4","Youmu??????"],"gold_per_floor":[116,116,136,2,2,2,46,60,60,93,53,67,17,40,40,171,171,192,215,35,35,35,66,66,66,66],"floor_reached":25,"language":"ENG","playtime":2038,"items_purged":["Strike_MRS"],"score":254,"play_id":"f9fae117-35c8-4041-b5dc-02884acf9bc3","local_time":"20210212201110","is_ascension_mode":false,"campfire_choices":[{"data":"MasterSpark","floor":6.0,"key":"SMITH"},{"data":"FairyDestructionRay","floor":15.0,"key":"SMITH"},{"data":"EnergyRecoil","floor":24,"key":"SMITH"}],"circlet_count":0,"master_deck":["Strike_MRS+1","Defend_MRS+1","Defend_MRS+1","Defend_MRS+1","Defend_MRS+1","MasterSpark+1","UpSweep","DC","EnergyFlow","ChargeUpSpray","DoubleSpark","GalacticHalo","GasGiant","ShootingEcho","ChargeUpSpray","MilkyWay","FairyDestructionRay+1","CasketOfStar","CurseOfTheBell","PowerUp","EnergyRecoil+1","Acceleration","GravityBeat","OortCloud"],"relics":["MiniHakkero","NeowsBlessing","Golden Idol","White Beast Statue","Tea:ReiMu","Anchor","Calling Bell","Bag of Preparation","Pantograph","WingedGreaves","MutagenicStrength","Matryoshka"],"acts_visited":["Exordium","TheCity"],"potions_floor_usage":[25],"damage_taken":[{"damage":0.0,"enemies":"Small Slimes","floor":1.0,"turns":1.0},{"damage":0.0,"enemies":"Cultist","floor":3.0,"turns":1.0},{"damage":0.0,"enemies":"Lagavulin","floor":7.0,"turns":1.0},{"damage":0.0,"enemies":"2 Louse","floor":8.0,"turns":2.0},{"damage":11.0,"enemies":"3 Sentries","floor":10.0,"turns":6.0},{"damage":2.0,"enemies":"Blue Slaver","floor":12.0,"turns":4.0},{"damage":0.0,"enemies":"Exordium Thugs","floor":14.0,"turns":4.0},{"damage":24.0,"enemies":"Slime Boss","floor":16.0,"turns":8.0},{"damage":15.0,"enemies":"3 Byrds","floor":18.0,"turns":4.0},{"damage":0.0,"enemies":"Chosen","floor":19.0,"turns":3.0},{"damage":47.0,"enemies":"Gremlin Leader","floor":23.0,"turns":8.0},{"damage":0,"enemies":"Snecko","floor":25,"turns":3}],"seed_played":"130050010464221570","potions_obtained":[{"floor":1.0,"key":"BlessingOfTheForge"},{"floor":7.0,"key":"DistilledChaos"},{"floor":8.0,"key":"Weak Potion"},{"floor":10.0,"key":"Explosive Potion"},{"floor":11.0,"key":"DuplicationPotion"},{"floor":11.0,"key":"Strength Potion"},{"floor":23.0,"key":"BottledSpark"}],"is_trial":false,"path_per_floor":["M","?","M","$","?","R","E","M","T","E","?","M","?","M","R","B",null,"M","M","$","?","?","E","R","M"],"character_chosen":"MARISA","items_purchased":["ChargeUpSpray","DoubleSpark","GalacticHalo","Acceleration","GravityBeat"],"campfire_rested":0,"item_purchase_floors":[4,4,4,20,20],"current_hp_per_floor":[75,75,75,75,69,69,69,69,69,58,58,56,56,56,69,45,69,54,54,54,54,54,7,7,7,7],"gold":66,"neow_bonus":"THREE_ENEMY_KILL","is_daily":false,"chose_seed":false,"campfire_upgraded":3,"win_rate":0.0,"timestamp":1613182270,"path_taken":["M","?","?","$","?","R","E","M","T","E","?","?","?","M","R","BOSS","M","M","$","?","?","E","R","M"],"items_purchased_type":["Card","Card","Card","Card","Card"],"build_version":"2020-12-22","purchased_purges":1,"victory":false,"max_hp_per_floor":[75,75,75,75,69,69,69,69,69,69,69,69,69,69,69,69,69,69,69,69,69,69,69,69,69,69],"card_choices":[{"not_picked":["DarkSpark","GrandCross"],"picked":"DC","floor":1.0},{"not_picked":["6A","IllusionStar"],"picked":"EnergyFlow","floor":3.0},{"not_picked":["ShootingEcho","MeteoricShower"],"picked":"GasGiant","floor":7.0},{"not_picked":["GalacticHalo","DoubleSpark"],"picked":"ShootingEcho","floor":8.0},{"not_picked":["CollectingQuirk","DoubleSpark"],"picked":"ChargeUpSpray","floor":10.0},{"not_picked":["GasGiant","DC"],"picked":"MilkyWay","floor":12.0},{"not_picked":["EnergyRecoil","GalacticHalo"],"picked":"FairyDestructionRay","floor":14.0},{"not_picked":["MaximisePower","BigCrunch"],"picked":"CasketOfStar","floor":16.0},{"not_picked":["DC","MachineGunSpark"],"picked":"PowerUp","floor":18.0},{"not_picked":["UnstableBomb","OneTimeOff"],"picked":"EnergyRecoil","floor":19.0},{"not_picked":["CollectingQuirk","DC"],"picked":"OortCloud","floor":23.0}],"player_experience":678933,"relics_obtained":[{"floor":7.0,"key":"White Beast Statue"},{"floor":9.0,"key":"Tea:ReiMu"},{"floor":10.0,"key":"Anchor"},{"floor":17.0,"key":"Bag of Preparation"},{"floor":17.0,"key":"Pantograph"},{"floor":17.0,"key":"WingedGreaves"},{"floor":23.0,"key":"Matryoshka"}],"event_choices":[{"cards_removed":["Strike_MRS"],"damage_healed":0.0,"max_hp_gain":0.0,"max_hp_loss":0.0,"gold_gain":0.0,"event_name":"Purifier","player_choice":"Purged","floor":2.0,"gold_loss":0.0,"damage_taken":0.0},{"damage_healed":0.0,"max_hp_gain":0.0,"max_hp_loss":6.0,"gold_gain":0.0,"event_name":"Golden Idol","player_choice":"Lose Max HP","floor":5.0,"gold_loss":0.0,"damage_taken":0.0,"relics_obtained":["Golden Idol"]},{"damage_healed":0.0,"max_hp_gain":0.0,"max_hp_loss":0.0,"gold_gain":0.0,"event_name":"The Woman in Blue","player_choice":"Bought 3 Potions","floor":11.0,"gold_loss":0.0,"damage_taken":0.0},{"cards_removed":["Strike_MRS"],"damage_healed":0.0,"max_hp_gain":0.0,"max_hp_loss":0.0,"gold_gain":0.0,"event_name":"The Cleric","player_choice":"Card Removal","floor":13.0,"gold_loss":50.0,"damage_taken":0.0},{"damage_healed":0.0,"max_hp_gain":0.0,"max_hp_loss":0.0,"gold_gain":0.0,"event_name":"Back to Basics","player_choice":"Simplicity","floor":21.0,"gold_loss":0.0,"damage_taken":0.0,"cards_upgraded":["Strike_MRS","Defend_MRS","Defend_MRS","Defend_MRS","Defend_MRS"]},{"damage_healed":0.0,"max_hp_gain":0.0,"max_hp_loss":0.0,"gold_gain":0.0,"event_name":"Drug Dealer","player_choice":"Inject Mutagens","floor":22.0,"gold_loss":0.0,"damage_taken":0.0,"relics_obtained":["MutagenicStrength"]}],"is_beta":false,"boss_relics":[{"not_picked":["RedLine:ReiMu","Fusion Hammer"],"picked":"Calling Bell"}],"items_purged_floors":[20],"is_endless":false,"potions_floor_spawned":[1,7,8,10,12,14,16,18,19,23],"killed_by":"Snecko","ascension_level":0}}