{"host":"dtczkyto5vz790wa","time":1613226514,"event":{"mods":["BaseMod","LagranYue(¿≠∏Ò¿ °§‘¬)","Minty Spire (QoL Compilation)","Replay The Spire","Shop Mod","StSLib","The Alterego","The Animator"],"gold_per_floor":[122,122,151,165,88,88,88],"floor_reached":6,"language":"ZHS","playtime":647,"items_purged":[],"score":36,"play_id":"3132d563-8298-4c19-88a8-6b9692362310","local_time":"20210213222834","is_ascension_mode":false,"campfire_choices":[],"circlet_count":0,"master_deck":["animator:Defend_Konosuba","animator:Strike","animator:Strike","animator:Strike","animator:Defend","animator:Defend","animator:Defend","animator:Kazuma","animator:Aqua","animator:Shion","Stack","animator:Eris","animator:Hakurou","animator:YachiyoNanami"],"relics":["animator:LivingPicture","animator:TheMissingPiece","LagranYue:RandomDrawCardRelic","animator:PurgingStone","NeowsBlessing"],"acts_visited":["Exordium"],"potions_floor_usage":[],"damage_taken":[{"damage":0,"enemies":"Jaw Worm","floor":1,"turns":1},{"damage":0,"enemies":"Cultist","floor":3,"turns":1},{"damage":0,"enemies":"2 Louse","floor":4,"turns":1},{"damage":42,"enemies":"3 Sentries","floor":6,"turns":17}],"seed_played":"-886898843074926955","potions_obtained":[{"floor":3,"key":"Explosive Potion"}],"is_trial":false,"path_per_floor":["M","?","M","M","$","E"],"character_chosen":"THE_ANIMATOR","items_purchased":["animator:YachiyoNanami"],"campfire_rested":0,"item_purchase_floors":[5],"current_hp_per_floor":[66,66,66,67,67,28,28],"gold":88,"neow_bonus":"THREE_ENEMY_KILL","is_daily":false,"chose_seed":false,"campfire_upgraded":0,"win_rate":0.0,"timestamp":1613226514,"path_taken":["M","?","M","?","$","E"],"items_purchased_type":["Card"],"build_version":"2020-12-22","purchased_purges":0,"victory":false,"max_hp_per_floor":[66,66,66,67,67,67,67],"card_choices":[{"not_picked":["animator:ElricEdward","animator:ShinjiMatou"],"picked":"animator:Shion","floor":1},{"not_picked":["animator:Shuna","animator:Ara"],"picked":"animator:Eris","floor":3},{"not_picked":["animator:GazelDwargon","animator:PandorasActor"],"picked":"animator:Hakurou","floor":4}],"player_experience":220627,"relics_obtained":[],"event_choices":[{"cards_removed":["animator:Strike_Konosuba"],"damage_healed":0,"gold_gain":0,"player_choice":"Took Card","damage_taken":0,"max_hp_gain":0,"max_hp_loss":0,"event_name":"NoteForYourself","floor":2,"gold_loss":0,"cards_obtained":["Stack"]}],"is_beta":false,"boss_relics":[],"items_purged_floors":[],"is_endless":false,"potions_floor_spawned":[3],"killed_by":"3 Sentries","ascension_level":0}}