{"host":"8vqkh0x3c7vpgzzm","time":1613247789,"event":{"mods":["AchievementEnabler","BaseMod","Colored Map","Colored Powertips","Curses Come First","DeckTracker","Highlight Path","Minty Spire (QoL Compilation)","Permanent Neow","Quick Restart","Random Character Mod","Rare Cards Sparkle","Relic Sorter","Relic Stats","StSLib","SuperFastMode","Unceasing Turn Reminder","egg","everything is the same but u backflip on backflip"],"gold_per_floor":[20,20,34,50,66,66,66,66,89,89,102,121,132,145,145,217,217,217,89,89,109,109,109,128,128,177,177,196,215,250,266,266,342,342,359,253,268,268,268,268,281,297,297,297,311,49,49,83,83,83,83],"floor_reached":50,"language":"ENG","playtime":2040,"items_purged":["Decay","Strike_R"],"score":976,"play_id":"ab19d919-ca71-42e0-9b4f-0fa619bd1e45","local_time":"20210213212309","is_ascension_mode":true,"campfire_choices":[{"data":"Armaments","floor":6,"key":"SMITH"},{"data":"Bash","floor":8,"key":"SMITH"},{"data":"Hemokinesis","floor":10,"key":"SMITH"},{"data":"True Grit","floor":15,"key":"SMITH"},{"data":"Shrug It Off","floor":23,"key":"SMITH"},{"data":"Bludgeon","floor":25,"key":"SMITH"},{"data":"Juggernaut","floor":32,"key":"SMITH"},{"floor":40,"key":"REST"},{"floor":44,"key":"REST"},{"floor":49,"key":"REST"}],"circlet_count":0,"master_deck":["AscendersBane","Strike_R","Strike_R","Strike_R","Defend_R","Defend_R","Defend_R","Bash+1","Cleave","Hemokinesis+1","Seeing Red","Armaments+1","True Grit+1","Bloodletting","Feed","Shrug It Off+1","Bludgeon+1","Ghostly","Ghostly","Ghostly","Exhume","Bludgeon","Clothesline","Juggernaut+1","Shrug It Off","Impervious","Battle Trance","Apotheosis","Shrug It Off","Dual Wield","Juggernaut"],"relics":["Burning Blood","Bronze Scales","Snecko Eye","Toy Ornithopter","PreservedInsect","Fusion Hammer","Pear","Nunchaku","Gremlin Horn"],"acts_visited":["Exordium","TheCity","TheBeyond"],"potions_floor_usage":[16,18,21,24,30,33,50],"damage_taken":[{"damage":7,"enemies":"Jaw Worm","floor":1,"turns":3},{"damage":6,"enemies":"Cultist","floor":3,"turns":3},{"damage":4,"enemies":"2 Louse","floor":4,"turns":2},{"damage":14,"enemies":"Looter","floor":5,"turns":3},{"damage":22,"enemies":"Exordium Thugs","floor":11,"turns":4},{"damage":11,"enemies":"Lots of Slimes","floor":12,"turns":4},{"damage":13,"enemies":"3 Louse","floor":13,"turns":4},{"damage":12,"enemies":"Exordium Wildlife","floor":14,"turns":3},{"damage":43,"enemies":"The Guardian","floor":16,"turns":13},{"damage":3,"enemies":"3 Byrds","floor":18,"turns":2},{"damage":24,"enemies":"Chosen","floor":21,"turns":5},{"damage":4,"enemies":"3 Cultists","floor":24,"turns":5},{"damage":1,"enemies":"Centurion and Healer","floor":28,"turns":7},{"damage":2,"enemies":"Snecko","floor":29,"turns":3},{"damage":21,"enemies":"Book of Stabbing","floor":30,"turns":3},{"damage":3,"enemies":"Snake Plant","floor":31,"turns":3},{"damage":32,"enemies":"Collector","floor":33,"turns":9},{"damage":17,"enemies":"3 Darklings","floor":35,"turns":7},{"damage":20,"enemies":"3 Shapes","floor":37,"turns":4},{"damage":3,"enemies":"Spire Growth","floor":41,"turns":5},{"damage":6,"enemies":"Writhing Mass","floor":42,"turns":5},{"damage":2,"enemies":"Sphere and 2 Shapes","floor":45,"turns":4},{"damage":4,"enemies":"Nemesis","floor":48,"turns":3},{"damage":86,"enemies":"Awakened One","floor":50,"turns":10}],"seed_played":"-3760801429633577996","potions_obtained":[{"floor":3,"key":"Ancient Potion"},{"floor":13,"key":"Explosive Potion"},{"floor":16,"key":"SmokeBomb"},{"floor":21,"key":"BlessingOfTheForge"},{"floor":27,"key":"CultistPotion"},{"floor":27,"key":"Weak Potion"},{"floor":37,"key":"Explosive Potion"},{"floor":41,"key":"EssenceOfSteel"}],"is_trial":false,"path_per_floor":["M","$","M","M","M","R","?","R","T","R","M","M","M","M","R","B",null,"M","$","?","M","?","R","M","R","T","?","M","M","E","M","R","B",null,"M","$","M","?","?","R","M","M","T","R","M","$","?","E","R","B"],"character_chosen":"IRONCLAD","items_purchased":["PowerPotion","SmokeBomb","Nunchaku"],"campfire_rested":3,"item_purchase_floors":[19,36,46],"current_hp_per_floor":[81,81,81,83,75,75,75,75,75,75,59,54,47,44,44,7,71,74,74,46,32,32,32,38,38,38,38,43,47,37,40,40,19,45,34,34,23,18,18,35,38,42,52,71,74,74,70,70,70,0,0],"gold":83,"neow_bonus":"TWENTY_PERCENT_HP_BONUS","is_daily":false,"chose_seed":false,"campfire_upgraded":7,"win_rate":0.0,"timestamp":1613247789,"path_taken":["M","$","M","M","M","R","?","R","T","R","M","M","M","?","R","BOSS","M","$","?","M","?","R","?","R","T","?","M","?","E","M","R","BOSS","M","$","M","?","?","R","M","?","T","R","M","$","?","E","R","BOSS"],"items_purchased_type":["Potion","Potion","Relic"],"build_version":"2020-12-22","purchased_purges":2,"victory":false,"max_hp_per_floor":[89,89,89,89,89,89,89,89,89,89,89,89,89,92,92,92,92,92,92,46,50,50,50,54,54,54,54,54,54,54,54,54,54,54,54,54,57,57,57,57,57,61,71,71,74,74,70,70,70,70,70],"relic_stats":{"Nunchaku":[2],"Gremlin Horn":[3,3],"counters":[24,114],"Bronze Scales":[316],"Snecko Eye":[121,129,131,155],"PreservedInsect":50,"obtain_stats":[{"Nunchaku":46,"Pear":43,"Gremlin Horn":48,"Bronze Scales":9,"Snecko Eye":17,"PreservedInsect":30,"Fusion Hammer":34,"Burning Blood":0,"Toy Ornithopter":26},{"Nunchaku":22,"Pear":21,"Gremlin Horn":23,"Bronze Scales":4,"Snecko Eye":9,"PreservedInsect":15,"Fusion Hammer":17,"Burning Blood":0,"Toy Ornithopter":12},{"Nunchaku":101,"Pear":97,"Gremlin Horn":104,"Bronze Scales":11,"Snecko Eye":39,"PreservedInsect":64,"Fusion Hammer":76,"Burning Blood":0,"Toy Ornithopter":51}],"Burning Blood":132,"Toy Ornithopter":10},"card_choices":[{"not_picked":["Thunderclap","Uppercut"],"picked":"Cleave","floor":1},{"not_picked":["Pommel Strike","Body Slam"],"picked":"Hemokinesis","floor":3},{"not_picked":["Iron Wave","Twin Strike"],"picked":"Seeing Red","floor":4},{"not_picked":["Entrench","Perfected Strike"],"picked":"Armaments","floor":5},{"not_picked":["Hemokinesis","Twin Strike"],"picked":"True Grit","floor":11},{"not_picked":["Twin Strike","Headbutt"],"picked":"Bloodletting","floor":12},{"not_picked":["Body Slam","Armaments"],"picked":"Feed","floor":13},{"not_picked":["Clash","Headbutt"],"picked":"Shrug It Off","floor":14},{"not_picked":["Fiend Fire","Barricade"],"picked":"Bludgeon","floor":16},{"not_picked":["Headbutt","Sword Boomerang","Searing Blow"],"picked":"SKIP","floor":21},{"not_picked":["Perfected Strike","Headbutt","True Grit"],"picked":"SKIP","floor":24},{"not_picked":["Heavy Blade","Pommel Strike"],"picked":"Bludgeon","floor":28},{"not_picked":["Blood for Blood","Heavy Blade"],"picked":"Clothesline","floor":29},{"not_picked":["Reckless Charge","Rupture"],"picked":"Juggernaut","floor":30},{"not_picked":["Heavy Blade","Havoc"],"picked":"Shrug It Off","floor":31},{"not_picked":["Limit Break","Bludgeon"],"picked":"Impervious","floor":33},{"not_picked":["Twin Strike+1","Whirlwind+1","Warcry"],"picked":"SKIP","floor":35},{"not_picked":["Thunderclap","Iron Wave"],"picked":"Battle Trance","floor":37},{"not_picked":["PanicButton","Mind Blast"],"picked":"Apotheosis","floor":38},{"not_picked":["Pommel Strike","Flex"],"picked":"Shrug It Off","floor":41},{"not_picked":["Warcry","Infernal Blade"],"picked":"Dual Wield","floor":42},{"not_picked":["Clash","Anger","Twin Strike"],"picked":"SKIP","floor":45},{"not_picked":["Sever Soul","Pommel Strike"],"picked":"Juggernaut","floor":48}],"player_experience":541721,"relics_obtained":[{"floor":9,"key":"Bronze Scales"},{"floor":26,"key":"Toy Ornithopter"},{"floor":30,"key":"PreservedInsect"},{"floor":43,"key":"Pear"},{"floor":48,"key":"Gremlin Horn"}],"event_choices":[{"damage_healed":0,"gold_gain":0,"player_choice":"Cursed","damage_taken":0,"max_hp_gain":0,"max_hp_loss":0,"event_name":"Wheel of Change","floor":7,"gold_loss":0,"cards_obtained":["Decay"]},{"damage_healed":0,"gold_gain":0,"player_choice":"Became a Ghost","damage_taken":0,"max_hp_gain":0,"max_hp_loss":46,"event_name":"Ghosts","floor":20,"gold_loss":0,"cards_obtained":["Ghostly","Ghostly","Ghostly"]},{"damage_healed":0,"gold_gain":0,"cards_transformed":["Strike_R"],"player_choice":"Transformed","damage_taken":0,"max_hp_gain":0,"max_hp_loss":0,"event_name":"Transmorgrifier","floor":22,"gold_loss":0,"cards_obtained":["Exhume"]},{"damage_healed":0,"gold_gain":0,"player_choice":"Got Potions","damage_taken":0,"max_hp_gain":0,"max_hp_loss":0,"event_name":"Lab","floor":27,"gold_loss":0},{"damage_healed":0,"gold_gain":0,"player_choice":"Memory 2","damage_taken":5,"max_hp_gain":0,"max_hp_loss":0,"event_name":"SensoryStone","floor":38,"gold_loss":0},{"cards_removed":["Defend_R"],"damage_healed":0,"gold_gain":0,"player_choice":"Card Removal","damage_taken":0,"max_hp_gain":0,"max_hp_loss":0,"event_name":"Wheel of Change","floor":39,"gold_loss":0},{"damage_healed":0,"gold_gain":0,"player_choice":"Max HP","damage_taken":0,"max_hp_gain":0,"max_hp_loss":4,"event_name":"Winding Halls","floor":47,"gold_loss":0}],"is_beta":false,"boss_relics":[{"not_picked":["Calling Bell","Runic Dome"],"picked":"Snecko Eye"},{"not_picked":["SacredBark","Busted Crown"],"picked":"Fusion Hammer"}],"items_purged_floors":[19,46],"is_endless":false,"potions_floor_spawned":[3,13,16,18,21,28,37,41],"killed_by":"Awakened One","ascension_level":20}}