{"host":"4epvxsx6d4oxmc67","time":1613221586,"event":{"mods":["AchievementEnabler","BaseMod","Colored Map","Highlight Path","Minty Spire (QoL Compilation)"],"gold_per_floor":[115,135,145,158,158,158,170,196,196,208,208,227,240,20,20,118,118,128,128,147,72,72,72,72,72,99,128,128,128],"floor_reached":28,"language":"ENG","playtime":946,"items_purged":["Strike_R"],"score":300,"play_id":"0170ae87-cd7f-47e2-9b70-5be88178b87c","local_time":"20210213130626","is_ascension_mode":true,"campfire_choices":[{"data":"Corruption","floor":6.0,"key":"SMITH"},{"data":"Fire Breathing","floor":11.0,"key":"SMITH"},{"data":"Rupture","floor":15.0,"key":"SMITH"},{"data":"Fiend Fire","floor":23.0,"key":"SMITH"},{"data":"Offering","floor":25.0,"key":"SMITH"}],"circlet_count":0,"master_deck":["Strike_R","Strike_R+1","Strike_R","Defend_R","Defend_R","Defend_R","Defend_R","Bash","Rampage","Infernal Blade","Inflame","Power Through+1","Corruption+1","True Grit","Fire Breathing+1","Clothesline","Flame Barrier","Offering+1","Rupture+1","Fiend Fire+1","Iron Wave+1","Decay","Normality","Clumsy"],"relics":["Burning Blood","Tiny Chest","Paper Frog","Membership Card","Cursed Key","MutagenicStrength","Pantograph","Centennial Puzzle","Singing Bowl"],"acts_visited":["Exordium","TheCity"],"potions_floor_usage":[27,27],"damage_taken":[{"damage":1.0,"enemies":"Cultist","floor":1.0,"turns":3.0},{"damage":0.0,"enemies":"Small Slimes","floor":2.0,"turns":2.0},{"damage":9.0,"enemies":"Jaw Worm","floor":3.0,"turns":2.0},{"damage":13.0,"enemies":"3 Louse","floor":4.0,"turns":4.0},{"damage":0.0,"enemies":"Looter","floor":7.0,"turns":3.0},{"damage":22.0,"enemies":"Lagavulin","floor":8.0,"turns":6.0},{"damage":0.0,"enemies":"Blue Slaver","floor":10.0,"turns":4.0},{"damage":11.0,"enemies":"Red Slaver","floor":12.0,"turns":5.0},{"damage":8.0,"enemies":"Exordium Thugs","floor":13.0,"turns":5.0},{"damage":39.0,"enemies":"The Guardian","floor":16.0,"turns":8.0},{"damage":14.0,"enemies":"2 Thieves","floor":18.0,"turns":4.0},{"damage":34.0,"enemies":"3 Byrds","floor":20.0,"turns":5.0},{"damage":19,"enemies":"Book of Stabbing","floor":27,"turns":4},{"damage":21,"enemies":"Snake Plant","floor":28,"turns":3}],"seed_played":"5545939586981021977","potions_obtained":[{"floor":3.0,"key":"EssenceOfSteel"},{"floor":7.0,"key":"BloodPotion"},{"floor":8.0,"key":"LiquidMemories"},{"floor":18.0,"key":"EssenceOfSteel"}],"is_trial":false,"path_per_floor":["M","M","M","M","?","R","M","E","T","M","R","M","M","$","R","B",null,"M","?","M","?","?","R","T","R","T","E","M"],"character_chosen":"IRONCLAD","items_purchased":["Membership Card","Rupture"],"campfire_rested":0,"item_purchase_floors":[14,14],"current_hp_per_floor":[80,80,77,70,54,54,60,44,44,50,50,45,59,59,59,26,67,59,59,31,31,31,31,31,31,31,20,0,0],"gold":128,"neow_bonus":"THREE_CARDS","is_daily":false,"chose_seed":false,"campfire_upgraded":5,"win_rate":0.0,"timestamp":1613221586,"path_taken":["M","M","M","M","?","R","M","E","T","M","R","M","M","$","R","BOSS","M","?","M","?","?","R","?","R","T","E","M"],"items_purchased_type":["Relic","Card"],"build_version":"2020-12-22","purchased_purges":1,"victory":false,"max_hp_per_floor":[80,80,80,80,80,80,80,80,80,80,80,80,80,80,80,80,80,80,80,80,80,80,80,80,80,80,82,82,82],"card_choices":[{"not_picked":["Wild Strike","Inflame"],"picked":"Rampage","floor":0.0},{"not_picked":["Wild Strike","Flex"],"picked":"Infernal Blade","floor":1.0},{"not_picked":["Clash","Body Slam"],"picked":"Inflame","floor":2.0},{"not_picked":["Dropkick","Perfected Strike"],"picked":"Power Through","floor":3.0},{"not_picked":["Iron Wave","Warcry"],"picked":"Corruption","floor":4.0},{"not_picked":["Perfected Strike","Sever Soul"],"picked":"True Grit","floor":7.0},{"not_picked":["Flex","Intimidate"],"picked":"Fire Breathing","floor":8.0},{"not_picked":["Havoc","Carnage"],"picked":"Clothesline","floor":10.0},{"not_picked":["Rampage","Thunderclap"],"picked":"Flame Barrier","floor":12.0},{"not_picked":["Infernal Blade","Sword Boomerang"],"picked":"Offering","floor":13.0},{"not_picked":["Feed","Exhume"],"picked":"Fiend Fire","floor":16.0},{"not_picked":["Entrench+1","Spot Weakness"],"picked":"Iron Wave+1","floor":18.0},{"not_picked":["Perfected Strike","Battle Trance","Havoc+1"],"picked":"SKIP","floor":20.0},{"not_picked":["Sever Soul","Warcry+1","Armaments"],"picked":"Singing Bowl","floor":27}],"player_experience":110040,"relics_obtained":[{"floor":8.0,"key":"Tiny Chest"},{"floor":9.0,"key":"Paper Frog"},{"floor":24.0,"key":"Pantograph"},{"floor":26.0,"key":"Centennial Puzzle"},{"floor":27,"key":"Singing Bowl"}],"event_choices":[{"damage_healed":0.0,"max_hp_gain":0.0,"max_hp_loss":0.0,"gold_gain":0.0,"event_name":"Shining Light","player_choice":"Entered Light","floor":5.0,"gold_loss":0.0,"damage_taken":16.0,"cards_upgraded":["Power Through","Strike_R"]},{"damage_healed":0.0,"max_hp_gain":0.0,"max_hp_loss":0.0,"gold_gain":0.0,"event_name":"Drug Dealer","player_choice":"Inject Mutagens","floor":19.0,"gold_loss":0.0,"damage_taken":0.0,"relics_obtained":["MutagenicStrength"]},{"cards_removed":["Strike_R"],"damage_healed":0.0,"max_hp_gain":0.0,"max_hp_loss":0.0,"gold_gain":0.0,"event_name":"Beggar","player_choice":"Gave Gold","floor":21.0,"gold_loss":75.0,"damage_taken":0.0},{"damage_healed":0.0,"max_hp_gain":0.0,"max_hp_loss":0.0,"gold_gain":0.0,"event_name":"Forgotten Altar","player_choice":"Smashed Altar","floor":22.0,"gold_loss":0.0,"damage_taken":0.0,"cards_obtained":["Decay"]}],"is_beta":false,"boss_relics":[{"not_picked":["Pandora\u0027s Box","Black Star"],"picked":"Cursed Key"}],"items_purged_floors":[14],"is_endless":false,"potions_floor_spawned":[3,7,8,10,18],"killed_by":"Snake Plant","ascension_level":5}}