{"host":"qz0goigh82dax5l2","time":1613190968,"event":{"mods":["Act Like it!","Alarm Clock","BaseMod","Hallownest","Minty Spire (QoL Compilation)","StSLib"],"gold_per_floor":[359,359,389,314,314,314,327,344,369,235,261,271,271,27,27,132,182,202,202,6,6,6,6,35,12,39,71,71,71,26,39,39,39,39],"floor_reached":33,"language":"ZHS","playtime":1767,"items_purged":[],"score":288,"play_id":"a6dca261-e120-4087-a396-c7d7433fcb58","local_time":"20210213123608","is_ascension_mode":true,"campfire_choices":[{"floor":6,"key":"REST"},{"floor":13,"key":"REST"},{"data":"Deadly Poison","floor":15,"key":"SMITH"},{"data":"Endless Agony","floor":23,"key":"SMITH"},{"floor":29,"key":"REST"},{"data":"Enlightenment","floor":32,"key":"SMITH"}],"circlet_count":0,"master_deck":["Strike_G","Strike_G","Strike_G","Strike_G","Strike_G","Defend_G","Defend_G","Defend_G","Defend_G+1","Defend_G","Survivor","Neutralize","Deadly Poison+1","Enlightenment+1","Dagger Throw","Hallownest:skillGreenpathMap","Flying Knee","Dodge and Roll","Accuracy","Dagger Spray","Sucker Punch","Unload","Flying Knee","Bullet Time","Heel Hook","Finisher","Poisoned Stab","Outmaneuver","Cloak And Dagger","Endless Agony+1","Poisoned Stab","Blade Dance","Outmaneuver+1","Underhanded Strike"],"relics":["Ring of the Snake","Hallownest:DreamNailRelic","Orichalcum","Regal Pillow","Kunai","Tiny House","Tingsha","PreservedInsect","Blood Vial"],"acts_visited":["Exordium","Hallownest:Greenpath"],"potions_floor_usage":[11,16,24,24,33],"damage_taken":[{"damage":0,"enemies":"2_ Uuma","floor":1,"turns":5},{"damage":0,"enemies":"Hallownest:monsterHuskGuard","floor":7,"turns":4},{"damage":0,"enemies":"Hallownest:monsterHuskWarrior","floor":8,"turns":3},{"damage":12,"enemies":"Hallownest:eliteMossKnight","floor":11,"turns":14},{"damage":5,"enemies":"Hallownest:1_Ooma_and_2_Uuma","floor":12,"turns":8},{"damage":49,"enemies":"Hallownest:BossHornet","floor":16,"turns":13},{"damage":12,"enemies":"Hallownest:3_Youths","floor":18,"turns":10},{"damage":7,"enemies":"Hallownest:Nosk","floor":24,"turns":11},{"damage":21,"enemies":"Hallownest:eliteSoulWarrior","floor":27,"turns":7},{"damage":20,"enemies":"Hallownest:Guard_and_Sentry","floor":31,"turns":6},{"damage":67,"enemies":"Hallownest:BossMantisLord","floor":33,"turns":6}],"seed_played":"-6320300807225897486","potions_obtained":[{"floor":1,"key":"BlessingOfTheForge"},{"floor":8,"key":"Poison Potion"},{"floor":17,"key":"DuplicationPotion"},{"floor":18,"key":"FearPotion"},{"floor":31,"key":"CunningPotion"}],"is_trial":false,"path_per_floor":["M","?","?","?","?","R","M","M","T","$","E","M","R","$","R","B",null,"M","?","$","?","$","R","E","$","T","E","?","R","?","M","R","B"],"character_chosen":"THE_SILENT","items_purchased":["Accuracy","Dagger Spray","Sucker Punch","Kunai","Poisoned Stab","Outmaneuver","Cloak And Dagger","Endless Agony","Blade Dance"],"campfire_rested":3,"item_purchase_floors":[10,10,10,14,20,20,20,20,25],"current_hp_per_floor":[49,49,49,49,49,70,70,70,70,70,58,53,70,70,70,21,75,63,75,75,75,75,75,68,68,68,47,47,75,81,61,61,0,0],"gold":39,"neow_bonus":"TWO_FIFTY_GOLD","is_daily":false,"chose_seed":false,"campfire_upgraded":3,"win_rate":0.0,"timestamp":1613190968,"path_taken":["M","?","?","?","?","R","?","M","T","$","E","M","R","$","R","BOSS","M","?","$","?","$","R","E","?","T","E","?","R","?","M","R","BOSS"],"items_purchased_type":["Card","Card","Card","Relic","Card","Card","Card","Card","Card"],"build_version":"2020-12-22","purchased_purges":0,"victory":false,"max_hp_per_floor":[70,70,70,70,70,70,70,70,70,70,70,70,70,70,70,70,75,75,75,75,75,75,75,75,75,75,75,75,75,81,81,81,81,81],"card_choices":[{"not_picked":["Flechettes","Backflip"],"picked":"Deadly Poison","floor":1},{"not_picked":["Mind Blast","Dark Shackles"],"picked":"Enlightenment","floor":2},{"not_picked":["Acrobatics","PiercingWail"],"picked":"Dagger Throw","floor":2},{"not_picked":["Deadly Poison","Dash"],"picked":"Flying Knee","floor":7},{"not_picked":["Prepared","Deflect"],"picked":"Dodge and Roll","floor":8},{"not_picked":["Quick Slash","Backflip"],"picked":"Unload","floor":11},{"not_picked":["Sucker Punch","Reflex"],"picked":"Flying Knee","floor":12},{"not_picked":["Tools of the Trade","Night Terror"],"picked":"Bullet Time","floor":16},{"not_picked":["Poisoned Stab","Leg Sweep"],"picked":"Heel Hook","floor":17},{"not_picked":["Dagger Throw","Escape Plan"],"picked":"Finisher","floor":18},{"not_picked":["Flying Knee","Quick Slash"],"picked":"Poisoned Stab","floor":24},{"not_picked":["Blade Dance","Dodge and Roll+1"],"picked":"Outmaneuver+1","floor":27},{"not_picked":["Night Terror","Finisher"],"picked":"Underhanded Strike","floor":31}],"player_experience":65972,"relics_obtained":[{"floor":9,"key":"Orichalcum"},{"floor":11,"key":"Regal Pillow"},{"floor":24,"key":"Tingsha"},{"floor":26,"key":"PreservedInsect"},{"floor":27,"key":"Blood Vial"}],"event_choices":[],"is_beta":false,"boss_relics":[{"not_picked":["SacredBark","Sozu"],"picked":"Tiny House"}],"items_purged_floors":[],"is_endless":false,"potions_floor_spawned":[1,8,18,31],"killed_by":"Hallownest:BossMantisLord","ascension_level":1}}