{"host":"lgow17wc5wawziz1","time":1613186195,"event":{"mods":["AchievementEnabler","Act Like it!","Aspiration","BaseMod","Better Third Choice","CapriCore","Colored Map","Colored Powertips","Friendly Minions","Gensokyo","Hubris","Kiyohime£¨?ýï£©","Koishi","Minty Spire (QoL Compilation)","MostiFishMod","Permanent Neow","Quick Restart","Replay The Spire","StSLib","SuperFastMode","The Blue Laboratory","The Immortal","¡¼?Úª?ø«¡½REMEMod"],"gold_per_floor":[135,35,45,378,378,378,410,410,410,425,295,349,349,163,163,285,285,300,300,32,32,67,400,400,400,426,426,426,643,292,292,292,389,389,407,93,105,135,488,488,514,514,514,514,524,524,557,574,574,574],"floor_reached":51,"language":"KOR","playtime":2604,"items_purged":["MokouMod:Strike"],"score":1079,"play_id":"d498fc0a-34c4-45ca-86a1-97e43918f1d9","local_time":"20210213121635","is_ascension_mode":true,"campfire_choices":[{"data":"MokouMod:RisingSunBarrier","floor":6.0,"key":"SMITH"},{"data":"MokouMod:RisingSunBarrier","floor":15,"key":"SMITH"},{"data":"MokouMod:FujiyamaVolcano","floor":25,"key":"SMITH"},{"floor":27,"key":"REST"},{"data":"Midas Touch","floor":32,"key":"SMITH"},{"data":"Gensokyo:MenInBlack","floor":40,"key":"SMITH"},{"data":"Gensokyo:EverlastingLife","floor":44,"key":"SMITH"},{"data":"MokouMod:WarmUp","floor":49,"key":"SMITH"}],"circlet_count":0,"master_deck":["MokouMod:Strike","MokouMod:Strike","MokouMod:Strike","MokouMod:Defend","MokouMod:Defend","MokouMod:Defend","MokouMod:Defend","MokouMod:HeatSpark","HandOfGreed","MokouMod:RisingSunBarrier+1","MokouMod:FlareStarter","MokouMod:Sear","MokouMod:Wildfire","MokouMod:FlareStarter+1","MokouMod:RisingSunBarrier+1","MokouMod:Overheat+1","MokouMod:FlareStarter","MokouMod:RisingSunBarrier+1","MokouMod:WarmUp+1","MokouMod:SacredFire","MokouMod:Overheat+1","Gensokyo:TekeTeke","Gensokyo:MenInBlack+1","MokouMod:SearingBlow","MokouMod:FujiyamaVolcano+1","MokouMod:FlickeringFlame","MokouMod:FujiyamaVolcano","Midas Touch+1","MokouMod:ResonatingAura","MokouMod:Overheat","CommonCold","Gensokyo:ShootingStar","MokouMod:Rebirth","MokouMod:FlareStarter","Gensokyo:MenInBlack","MokouMod:ScorchedEarth","MokouMod:RisingSunBarrier+1","MokouMod:FlareStarter+1","Gensokyo:EverlastingLife+1","MokouMod:Overheat","MokouMod:Rekindle","MokouMod:Firecracker+1"],"relics":["MokouMod:PhoenixFeather","REME_ComplimentaryCards","DaveBox","aspiration:Nostalgia","Burning Blood","SynthV:TestCard","Gremlin Food","Vajra","NightmareShop","Lantern","Gensokyo:RedStar","Membership Card","Ring of Misfortune","ReplayTheSpireMod:Ring of Addiction","White Beast Statue","Potion Belt","RhineSuit","Centennial Puzzle","Bag of Preparation","SentryEyes","hubris:SphereOfDissonance"],"acts_visited":["Gensokyo:Gensokyo","Gensokyo:Gensokyoer","Gensokyo:Gensokyoest"],"potions_floor_usage":[23,33,37,38,39,42,45,48],"damage_taken":[{"damage":4.0,"enemies":"Gensokyo:Gryphon","floor":1.0,"turns":4.0},{"damage":25.0,"enemies":"Gensokyo:3_Fairies","floor":3.0,"turns":8.0},{"damage":13.0,"enemies":"Gensokyo:Python","floor":4.0,"turns":6.0},{"damage":38.0,"enemies":"Gensokyo:Cirno","floor":7.0,"turns":10.0},{"damage":0,"enemies":"Gensokyo:LivingMonolith","floor":10,"turns":2},{"damage":6,"enemies":"Gensokyo:Gryphon_and_Rabbit","floor":12,"turns":6},{"damage":0,"enemies":"Gensokyo:Reimu","floor":16,"turns":13},{"damage":0,"enemies":"Gensokyo:Chomper","floor":18,"turns":4},{"damage":5,"enemies":"Gensokyo:CosmicMonolith","floor":22,"turns":7},{"damage":61,"enemies":"Gensokyo:Tenshi","floor":23,"turns":10},{"damage":1,"enemies":"Gensokyo:Swordslinger","floor":29,"turns":5},{"damage":23,"enemies":"Gensokyo:Eiki","floor":33,"turns":10},{"damage":0,"enemies":"Gensokyo:AncientGuardian","floor":35,"turns":3},{"damage":0,"enemies":"Gensokyo:3_Boulders","floor":37,"turns":1},{"damage":6,"enemies":"Gensokyo:Dusk_and_Dawn","floor":38,"turns":10},{"damage":10,"enemies":"Gensokyo:4_Bats","floor":39,"turns":13},{"damage":0,"enemies":"Gensokyo:Kasen","floor":41,"turns":11},{"damage":0,"enemies":"Gensokyo:Rafflesia","floor":45,"turns":11},{"damage":17,"enemies":"Gensokyo:Doremy","floor":47,"turns":5},{"damage":0,"enemies":"Gensokyo:3_Boulders","floor":48,"turns":3},{"damage":0,"enemies":"Gensokyo:Scarlet_Devils","floor":50,"turns":6}],"seed_played":"5044723158668192030","potions_obtained":[{"floor":10,"key":"blueLaboratory:PolymorphPotion"},{"floor":12,"key":"blueLaboratory:FrostheartPotion"},{"floor":16,"key":"blueLaboratory:BottledHope"},{"floor":22,"key":"GamblersBrew"},{"floor":29,"key":"GamblersBrew"},{"floor":31,"key":"Dexterity Potion"},{"floor":31,"key":"SpeedPotion"},{"floor":33,"key":"blueLaboratory:BottledHope"},{"floor":37,"key":"blueLaboratory:TrueEctoplasm"},{"floor":38,"key":"Fire Potion"},{"floor":39,"key":"GamblersBrew"},{"floor":41,"key":"Fruit Juice"},{"floor":45,"key":"PowerPotion"},{"floor":47,"key":"SkillPotion"},{"floor":48,"key":"LifebloodPotion"}],"is_trial":false,"path_per_floor":["M","COS","M","M","?","R","E","?","T","M","$","M","?","$","R","B",null,"M","?","COS","?","M","E","?","R","T","R","?","M","$","?","R","B",null,"M","COS","M","M","M","R","E","?","T","R","M","?","E","M","R","B",null],"character_chosen":"MKU","items_purchased":["MokouMod:RisingSunBarrier","MokouMod:Overheat","MokouMod:RisingSunBarrier","MokouMod:WarmUp","Membership Card","Midas Touch","MokouMod:ResonatingAura","MokouMod:Overheat"],"campfire_rested":1,"item_purchase_floors":[11,11,14,14,30,30,30,30],"current_hp_per_floor":[75,75,56,49,42,42,10,10,10,16,16,16,16,16,16,22,75,75,68,68,68,68,13,13,13,13,33,33,38,38,38,38,51,68,68,68,66,66,62,62,66,71,71,71,71,71,60,66,66,71],"gold":574,"neow_bonus":"NOSTALGIA","is_daily":false,"chose_seed":false,"campfire_upgraded":7,"win_rate":0.0,"timestamp":1613186195,"path_taken":["M","COS","M","M","?","R","E","?","T","M","$","M","?","?","R","BOSS","M","?","COS","?","M","E","?","R","T","R","?","M","$","?","R","BOSS","M","COS","M","M","M","R","E","?","T","R","M","?","E","M","R","BOSS"],"items_purchased_type":["Card","Card","Card","Card","Relic","Card","Card","Card"],"build_version":"2020-12-22","purchased_purges":1,"victory":true,"max_hp_per_floor":[75,75,75,75,75,75,75,75,75,75,75,75,75,75,75,75,75,75,68,68,68,68,68,68,68,68,68,68,68,68,68,68,68,68,68,68,66,66,66,66,66,71,71,71,71,71,71,71,71,71],"card_choices":[{"not_picked":["MokouMod:EternalBurstReactor","MokouMod:BlazingComet"],"picked":"MokouMod:RisingSunBarrier","floor":1.0},{"not_picked":["MokouMod:ScorchingColumn+1","MokouMod:AdaptivePyromancy+1","MokouMod:BlazingComet+1","MokouMod:Stoke+1"],"picked":"MokouMod:IndiscriminateIgnition+1","floor":3.0},{"not_picked":["MokouMod:ResonanceReactor","MokouMod:EternalBurstReactor","MokouMod:BurningDraft","MokouMod:FlickeringFlame"],"picked":"MokouMod:FlareStarter","floor":3.0},{"not_picked":["MokouMod:Stoke","MokouMod:InfernalWave","MokouMod:UncontrollableSolarReaction","MokouMod:EternalBurstReactor"],"picked":"MokouMod:Sear","floor":4.0},{"not_picked":["MokouMod:FlickeringFlame","MokouMod:PhoenixFeathers","MokouMod:Singe","MokouMod:BurningHiddenBullet"],"picked":"MokouMod:Wildfire","floor":7.0},{"not_picked":["MokouMod:BlazingComet","MokouMod:AdaptivePyromancy","MokouMod:ScorchingColumn","MokouMod:Singe"],"picked":"MokouMod:FlareStarter","floor":10},{"not_picked":["MokouMod:Scorch","MokouMod:HouraiForge","MokouMod:IcarusDive","MokouMod:BurningDraft"],"picked":"MokouMod:FlareStarter","floor":12},{"not_picked":["MokouMod:Rekindle","MokouMod:HouraiForge","MokouMod:Extinguish","MokouMod:ProfanedFlare"],"picked":"MokouMod:SacredFire","floor":16},{"not_picked":["MokouMod:ScorchingColumn","MokouMod:IndiscriminateIgnition+1","MokouMod:Stoke","MokouMod:AdaptivePyromancy+1"],"picked":"MokouMod:Overheat+1","floor":18},{"not_picked":["Gensokyo:LittleGreenMen","Gensokyo:MonkeysPaw","Gensokyo:RedCapeBlueCape","Gensokyo:SlitMouthedWoman"],"picked":"Gensokyo:TekeTeke","floor":19},{"not_picked":["MokouMod:UncontrollableSolarReaction","MokouMod:SubterraneanCore+1","MokouMod:EternalBurstReactor+1","MokouMod:Sear"],"picked":"MokouMod:FujiyamaVolcano","floor":22},{"not_picked":["MokouMod:RadiantBlade","MokouMod:FusionFlare","MokouMod:ResonanceReactor","MokouMod:ImperishableFlame"],"picked":"MokouMod:FlickeringFlame","floor":23},{"not_picked":["MokouMod:TemporalFireSeal+1","MokouMod:Stoke","MokouMod:RoaringFlare+1","MokouMod:UncontrollableSolarReaction"],"picked":"MokouMod:FujiyamaVolcano","floor":29},{"not_picked":[],"picked":"Gensokyo:ShootingStar","floor":33},{"not_picked":["MokouMod:ExplosiveFlame","MokouMod:Ventilation","MokouMod:RadiantBlade","MokouMod:Extinguish"],"picked":"MokouMod:Rebirth","floor":33},{"not_picked":["MokouMod:FlickeringFlame","MokouMod:Singe+1","MokouMod:PhoenixFeathers","MokouMod:RoaringFlare"],"picked":"MokouMod:FlareStarter","floor":35},{"not_picked":["MokouMod:FlickeringFlame+1","MokouMod:Ember","MokouMod:AdaptivePyromancy+1","MokouMod:Sear","MokouMod:HeartofFire+1"],"picked":"SKIP","floor":37},{"not_picked":["MokouMod:FlamingFireTalons+1","MokouMod:SearingShot","MokouMod:GuidingSmoke","MokouMod:Wildfire+1"],"picked":"MokouMod:ScorchedEarth","floor":38},{"not_picked":["MokouMod:ResoluteFlare","MokouMod:IgneousBlow+1","MokouMod:ShiftIgnition","MokouMod:Combust"],"picked":"MokouMod:RisingSunBarrier+1","floor":39},{"not_picked":["MokouMod:AdaptivePyromancy+1","MokouMod:FlickeringFlame+1","MokouMod:ProfanedFlare","MokouMod:IgnitionBarrier"],"picked":"MokouMod:FlareStarter+1","floor":41},{"not_picked":["Gensokyo:BrilliantDragonBullet","Gensokyo:SalamanderShield"],"picked":"Gensokyo:EverlastingLife","floor":42},{"not_picked":["MokouMod:BlazingComet","MokouMod:RoaringFlare+1","MokouMod:SearingShot","MokouMod:Sear"],"picked":"MokouMod:Overheat","floor":45},{"not_picked":["MokouMod:Fireball","MokouMod:FujiyamaVolcano","MokouMod:ScorchingColumn","MokouMod:FlareStarter+1"],"picked":"MokouMod:Rekindle","floor":47},{"not_picked":["MokouMod:RoaringFlare+1","MokouMod:AdaptivePyromancy+1","MokouMod:Combust","MokouMod:Ember"],"picked":"MokouMod:Firecracker+1","floor":48}],"player_experience":389104,"relics_obtained":[{"floor":1.0,"key":"SynthV:TestCard"},{"floor":7.0,"key":"Vajra"},{"floor":23,"key":"Lantern"},{"floor":31,"key":"Ring of Misfortune"},{"floor":31,"key":"ReplayTheSpireMod:Ring of Addiction"},{"floor":31,"key":"White Beast Statue"},{"floor":31,"key":"Potion Belt"},{"floor":41,"key":"Centennial Puzzle"},{"floor":43,"key":"Bag of Preparation"},{"floor":47,"key":"hubris:SphereOfDissonance"}],"event_choices":[],"is_beta":false,"boss_relics":[{"not_picked":["MoonlightInvasionPlan","ChiXiaoBlade"],"picked":"NightmareShop"},{"not_picked":["HereWithMe","RhineFirstAidKit"],"picked":"RhineSuit"}],"items_purged_floors":[14],"is_endless":false,"potions_floor_spawned":[10,12,16,22,29,33,35,37,38,39,41,45,47,48],"ascension_level":3}}