{"host":"8iprjuzow65cevwy","time":1613211611,"event":{"mods":["BaseMod","Colored Map","Highlight Path","Minty Spire (QoL Compilation)"],"gold_per_floor":[11,11,11,11,27,27,59,71,110,138,150,193,205,243,255,367,379,410,422,450,477,499,511,511],"floor_reached":23,"language":"ENG","playtime":1282,"items_purged":[],"score":261,"play_id":"4c0cd7dd-e3b8-44e5-960f-f53976ff1590","local_time":"20210213112011","is_ascension_mode":true,"campfire_choices":[{"data":"Zap","floor":6,"key":"SMITH"},{"data":"Dualcast","floor":8,"key":"SMITH"},{"floor":13,"key":"REST"},{"data":"Echo Form","floor":15,"key":"SMITH"}],"circlet_count":0,"master_deck":["Zap+1","Dualcast+1","Apotheosis+1","Conserve Battery","Go for the Eyes","Steam","Sunder","Echo Form+1","Lockon","Creative AI+1","Sweeping Beam","Doom and Gloom","Double Energy","Blizzard","Barrage","Hologram","Hello World+1","Heatsinks+1","Stack+1","Turbo","Go for the Eyes"],"relics":["Cracked Core","MawBank","Oddly Smooth Stone","Pocketwatch","Frozen Egg 2","Pandora\u0027s Box","FaceOfCleric"],"acts_visited":["Exordium","TheCity"],"potions_floor_usage":[12,14,16,23,23,23],"damage_taken":[{"damage":0,"enemies":"2 Louse","floor":1,"turns":3},{"damage":0,"enemies":"Cultist","floor":5,"turns":3},{"damage":15,"enemies":"Lagavulin","floor":7,"turns":7},{"damage":2,"enemies":"Small Slimes","floor":10,"turns":2},{"damage":12,"enemies":"Gremlin Nob","floor":12,"turns":3},{"damage":4,"enemies":"3 Sentries","floor":14,"turns":5},{"damage":8,"enemies":"Hexaghost","floor":16,"turns":7},{"damage":12,"enemies":"Spheric Guardian","floor":18,"turns":4},{"damage":8,"enemies":"Chosen","floor":20,"turns":6},{"damage":11,"enemies":"3 Cultists","floor":21,"turns":4},{"damage":24,"enemies":"Cultist and Chosen","floor":22,"turns":5},{"damage":21,"enemies":"Shelled Parasite and Fungi","floor":23,"turns":2}],"seed_played":"-7576698997926622139","potions_obtained":[{"floor":7,"key":"SpeedPotion"},{"floor":10,"key":"Strength Potion"},{"floor":12,"key":"Explosive Potion"},{"floor":16,"key":"FocusPotion"},{"floor":20,"key":"LiquidBronze"},{"floor":22,"key":"Energy Potion"}],"is_trial":false,"path_per_floor":["M","?","$","?","M","R","E","R","T","M","$","E","R","E","R","B",null,"M","?","M","M","M","M"],"character_chosen":"DEFECT","items_purchased":[],"campfire_rested":1,"item_purchase_floors":[],"current_hp_per_floor":[75,75,75,75,75,75,60,60,60,58,58,46,68,64,64,56,70,58,58,51,41,18,0,0],"gold":511,"neow_bonus":"RANDOM_COLORLESS_2","is_daily":false,"chose_seed":false,"campfire_upgraded":3,"win_rate":0.0,"timestamp":1613211611,"path_taken":["M","?","?","?","M","R","E","R","T","?","?","E","R","E","R","BOSS","M","?","M","M","M","M"],"items_purchased_type":[],"build_version":"2020-12-22","purchased_purges":0,"victory":false,"max_hp_per_floor":[75,75,75,75,75,75,75,75,75,75,75,75,75,75,75,75,75,75,75,76,77,78,78,78],"card_choices":[{"not_picked":["Violence","Thinking Ahead"],"picked":"Apotheosis","floor":0},{"not_picked":["Barrage","Stack"],"picked":"Conserve Battery","floor":1},{"not_picked":["Turbo","Lockon"],"picked":"Go for the Eyes","floor":5},{"not_picked":["FTL","Conserve Battery"],"picked":"Steam","floor":7},{"not_picked":["Undo","Beam Cell"],"picked":"Sunder","floor":10},{"not_picked":["Coolheaded","Cold Snap"],"picked":"Echo Form","floor":12},{"not_picked":["Scrape","Stack"],"picked":"Lockon","floor":14},{"not_picked":["Hyperbeam","Electrodynamics+1"],"picked":"Creative AI+1","floor":16},{"not_picked":["Sweeping Beam","Compile Driver"],"picked":"Heatsinks+1","floor":18},{"not_picked":["Barrage+1","Ball Lightning+1"],"picked":"Stack+1","floor":20},{"not_picked":["Hologram+1","Steam"],"picked":"Turbo","floor":21},{"not_picked":["Ball Lightning","Stack"],"picked":"Go for the Eyes","floor":22}],"player_experience":298493,"relics_obtained":[{"floor":7,"key":"MawBank"},{"floor":9,"key":"Oddly Smooth Stone"},{"floor":12,"key":"Pocketwatch"},{"floor":14,"key":"Frozen Egg 2"}],"event_choices":[{"cards_removed":["Strike_B"],"damage_healed":0,"gold_gain":0,"player_choice":"Offered Basic","damage_taken":0,"max_hp_gain":0,"max_hp_loss":0,"event_name":"Bonfire Elementals","floor":2,"gold_loss":0},{"damage_healed":0,"gold_gain":0,"player_choice":"Upgraded","damage_taken":0,"max_hp_gain":0,"max_hp_loss":0,"event_name":"Upgrade Shrine","floor":4,"gold_loss":0,"cards_upgraded":["Apotheosis"]},{"damage_healed":0,"gold_gain":0,"player_choice":"Trade","damage_taken":0,"relics_obtained":["FaceOfCleric"],"max_hp_gain":0,"max_hp_loss":0,"event_name":"FaceTrader","floor":19,"gold_loss":0}],"is_beta":false,"boss_relics":[{"not_picked":["Astrolabe","SacredBark"],"picked":"Pandora\u0027s Box"}],"items_purged_floors":[],"is_endless":false,"potions_floor_spawned":[7,10,12,16,20,22],"killed_by":"Shelled Parasite and Fungi","ascension_level":5}}