{"host":"h2gxemxa99wv6yfu","time":1613200389,"event":{"mods":["AchievementEnabler","BaseMod","Better Note","Better Skull","BetterRewards","Block Reminder","Colored Powertips","Friendly Minions","Googly Eyes","Highlight Path","Infinite Spire","Minty Spire (QoL Compilation)","Permanent Neow","Quick Restart","Relic Sorter","Relic Stats","Reliquary","Replay The Spire","Shop Mod","StSLib","The Wild Card","Uncapped"],"gold_per_floor":[115,134,134,148,73,73,92,117,117,152,166,166,93,119,119,224,224,240,240,240,240,259,259,259,288,313,213,213,225,225,239,239,356,356,396,396,439,480,549,613,668,668,668,741,741,806,806,856,856,856,856,856,72,103,103],"floor_reached":56,"language":"ENG","playtime":2305,"items_purged":["Bash","Strike_R+1","Abandon+1","Strike_R+1"],"score":1665,"play_id":"f4c82155-c6aa-4911-af36-c5de7dbbf0c3","local_time":"20210213011309","is_ascension_mode":true,"campfire_choices":[{"data":"Juggernaut","floor":6.0,"key":"SMITH"},{"floor":15.0,"key":"REST"},{"data":"infinitespire:Fortify","floor":23.0,"key":"SMITH"},{"data":"Berserk","floor":28.0,"key":"SMITH"},{"floor":30.0,"key":"RECALL"},{"data":"Metallicize","floor":32.0,"key":"SMITH"},{"data":"Barricade","floor":42.0,"key":"SMITH"},{"floor":45.0,"key":"REST"},{"data":"Shrug It Off","floor":47.0,"key":"SMITH"},{"floor":49.0,"key":"REST"},{"floor":52,"key":"REST"}],"circlet_count":0,"master_deck":["Strike_R+1","Defend_R+1","Defend_R+1","Defend_R+1","Defend_R+1","Juggernaut+1","Shrug It Off+1","Body Slam+1","ReplayReversal+1","Metallicize+1","Berserk+1","infinitespire:Fortify+1","Barricade+1","True Grit+1","Rage+1","Shrug It Off+1","Shrug It Off+1"],"relics":["Burning Blood","Replay:Accelerometer","Champion Belt","Ginger","Mirror","Velvet Choker","Toxic Egg 2","infinitespire:EvilPickle","Pet Ghost","Durian","Bottled Flame","Vajra","Gambling Chip","BargainBundle","Quantum Egg","reliquary:QuartzCube","reliquary:Crutches"],"acts_visited":["Exordium","TheCity","TheBeyond","TheEnding"],"potions_floor_usage":[50,55,55],"damage_taken":[{"damage":6.0,"enemies":"Cultist","floor":1.0,"turns":3.0},{"damage":9.0,"enemies":"Jaw Worm","floor":2.0,"turns":5.0},{"damage":0.0,"enemies":"2 Louse","floor":4.0,"turns":4.0},{"damage":17.0,"enemies":"Lots of Slimes","floor":7.0,"turns":4.0},{"damage":4.0,"enemies":"Replay:BlueRogue","floor":8.0,"turns":5.0},{"damage":36.0,"enemies":"3 Sentries","floor":10.0,"turns":9.0},{"damage":10.0,"enemies":"Red Slaver","floor":11.0,"turns":4.0},{"damage":18.0,"enemies":"Gremlin Nob","floor":14.0,"turns":4.0},{"damage":1.0,"enemies":"Hexaghost","floor":16.0,"turns":8.0},{"damage":16.0,"enemies":"3 Byrds","floor":18.0,"turns":4.0},{"damage":0.0,"enemies":"Chosen","floor":22.0,"turns":4.0},{"damage":3.0,"enemies":"Gremlin Leader","floor":25.0,"turns":5.0},{"damage":0.0,"enemies":"Shelled Parasite and Fungi","floor":29.0,"turns":4.0},{"damage":13.0,"enemies":"Snake Plant","floor":31.0,"turns":2.0},{"damage":6.0,"enemies":"Pondfish","floor":33.0,"turns":10.0},{"damage":32.0,"enemies":"3 Darklings","floor":35.0,"turns":4.0},{"damage":12.0,"enemies":"Orb Walker","floor":37.0,"turns":2.0},{"damage":12.0,"enemies":"Writhing Mass","floor":38.0,"turns":4.0},{"damage":0.0,"enemies":"Giant Head","floor":40.0,"turns":7.0},{"damage":0.0,"enemies":"Sphere and 2 Shapes","floor":41.0,"turns":6.0},{"damage":1.0,"enemies":"Nemesis","floor":44.0,"turns":5.0},{"damage":3.0,"enemies":"3 Darklings","floor":46.0,"turns":4.0},{"damage":0.0,"enemies":"Mind Bloom Boss Battle","floor":48.0,"turns":4.0},{"damage":21,"enemies":"Time Eater","floor":50,"turns":8},{"damage":20,"enemies":"Shield and Spear","floor":54,"turns":7},{"damage":3,"enemies":"The Heart","floor":55,"turns":9}],"seed_played":"4311402351970558996","potions_obtained":[{"floor":1.0,"key":"Block Potion"},{"floor":7.0,"key":"BlessingOfTheForge"},{"floor":10.0,"key":"Dexterity Potion"},{"floor":11.0,"key":"SpeedPotion"},{"floor":16.0,"key":"infinitespire:BlackPotion"},{"floor":22.0,"key":"FairyPotion"},{"floor":35.0,"key":"Fruit Juice"},{"floor":40.0,"key":"Fire Potion"},{"floor":41.0,"key":"SkillPotion"}],"is_trial":false,"path_per_floor":["M","M","?","M","$","R","M","E","T","E","M","?","$","E","R","B",null,"M","?","?","AVR","M","R","?","E","T","$","R","M","R","M","R","B",null,"M","?","M","M","?","E","M","R","T","E","R","M","R","?","R","B",null,"R","$","E","B",null],"character_chosen":"IRONCLAD","items_purchased":["Metallicize","BargainBundle","Quantum Egg","reliquary:QuartzCube","infinitespire:BlackPotion","Shrug It Off+1"],"campfire_rested":4,"item_purchase_floors":[13,53,53,53,53,53],"current_hp_per_floor":[80,77,77,80,80,80,69,71,71,41,37,37,37,25,49,54,80,70,70,70,70,76,76,76,79,79,79,79,80,80,73,73,73,80,59,59,53,47,13,24,30,30,30,35,62,65,65,71,90,75,90,90,90,76,79],"gold":103,"neow_bonus":"ONE_RANDOM_RARE_CARD","is_daily":false,"chose_seed":false,"campfire_upgraded":6,"win_rate":0.0,"timestamp":1613200389,"path_taken":["M","M","?","M","?","R","M","E","T","E","M","?","$","E","R","BOSS","M","?","?","AVR","M","R","?","E","T","$","R","?","R","M","R","BOSS","M","?","M","M","?","E","M","R","T","E","R","?","R","?","R","BOSS","R","$","E","BOSS"],"items_purchased_type":["Card","Relic","Relic","Relic","Potion","Card"],"build_version":"2020-12-22","purchased_purges":4,"victory":true,"max_hp_per_floor":[80,80,80,80,80,80,80,80,80,80,80,80,80,80,80,80,80,80,80,80,80,80,80,80,80,80,80,80,80,80,80,80,80,80,85,85,85,85,85,90,90,90,90,90,90,90,90,90,90,90,90,90,90,90,90],"relic_stats":{"counters":[26,135],"Gambling Chip":[2],"Champion Belt":[12],"Ginger":[13],"obtain_stats":[{"Replay:Accelerometer":14,"BargainBundle":53,"Quantum Egg":53,"Velvet Choker":17,"Vajra":44,"Ginger":9,"reliquary:QuartzCube":53,"Burning Blood":0,"Pet Ghost":39,"infinitespire:EvilPickle":33,"reliquary:Crutches":54,"Bottled Flame":43,"Gambling Chip":48,"Durian":40,"Champion Belt":8,"Toxic Egg 2":25,"Mirror":10},{"Replay:Accelerometer":8,"BargainBundle":24,"Quantum Egg":24,"Velvet Choker":9,"Vajra":21,"Ginger":5,"reliquary:QuartzCube":24,"Burning Blood":0,"Pet Ghost":18,"infinitespire:EvilPickle":15,"reliquary:Crutches":25,"Bottled Flame":20,"Gambling Chip":23,"Durian":19,"Champion Belt":5,"Toxic Egg 2":12,"Mirror":6},{"Replay:Accelerometer":38,"BargainBundle":119,"Quantum Egg":119,"Velvet Choker":46,"Vajra":103,"Ginger":21,"reliquary:QuartzCube":119,"Burning Blood":0,"Pet Ghost":85,"infinitespire:EvilPickle":75,"reliquary:Crutches":126,"Bottled Flame":98,"Gambling Chip":111,"Durian":92,"Champion Belt":21,"Toxic Egg 2":59,"Mirror":30}],"Burning Blood":148},"card_choices":[{"not_picked":["Iron Wave","Pommel Strike"],"picked":"Shrug It Off","floor":1.0},{"not_picked":["Havoc","Warcry"],"picked":"Body Slam","floor":2.0},{"not_picked":["Clothesline","Bloodletting"],"picked":"ReplayReversal","floor":4.0},{"not_picked":["ReplayReversal","True Grit","Second Wind"],"picked":"SKIP","floor":7.0},{"not_picked":["Perfected Strike","Anger","Dropkick"],"picked":"SKIP","floor":8.0},{"not_picked":["Perfected Strike","Dual Wield","Warcry"],"picked":"SKIP","floor":10.0},{"not_picked":["ReplayTheSpireMod:Strike From Hell","Reckless Charge","Fiend Fire"],"picked":"SKIP","floor":11.0},{"not_picked":["Armaments","ReplayReversal","Disarm"],"picked":"SKIP","floor":14.0},{"not_picked":["Bludgeon","Limit Break"],"picked":"Berserk","floor":16.0},{"not_picked":["Combust+1","Dropkick","Thunderclap"],"picked":"SKIP","floor":18.0},{"not_picked":["Twin Strike","Pommel Strike","ReplayTheSpireMod:Muscle Training+1"],"picked":"SKIP","floor":22.0},{"not_picked":["Anger","Pommel Strike"],"picked":"Abandon+1","floor":25.0},{"not_picked":["Clash","Seeing Red+1","Iron Wave"],"picked":"SKIP","floor":29.0},{"not_picked":["Heavy Blade+1","Second Wind+1","Sentinel+1"],"picked":"SKIP","floor":31.0},{"not_picked":["Brutality","Demonic Infusion+1"],"picked":"Barricade","floor":33.0},{"not_picked":["Thunderclap+1","Defy Death+1","Clothesline+1"],"picked":"SKIP","floor":35.0},{"not_picked":["Cleave","infinitespire:OneForAll","Twin Strike"],"picked":"SKIP","floor":37.0},{"not_picked":["Bloodletting+1","Wild Strike"],"picked":"True Grit+1","floor":38.0},{"not_picked":["Armaments+1","Pommel Strike+1"],"picked":"Rage+1","floor":39.0},{"not_picked":["Fire Breathing+1","Hemokinesis","Heavy Blade"],"picked":"SKIP","floor":40.0},{"not_picked":["Clash","Cleave","Shrug It Off+1"],"picked":"SKIP","floor":41.0},{"not_picked":["Second Wind+1","Rage+1","Rampage"],"picked":"SKIP","floor":44.0},{"not_picked":["Twin Strike+1","Inflame","Immolate"],"picked":"SKIP","floor":46.0},{"not_picked":["Armaments+1","Demonic Infusion+1"],"picked":"Shrug It Off+1","floor":54}],"player_experience":34823,"relics_obtained":[{"floor":8.0,"key":"Champion Belt"},{"floor":9.0,"key":"Ginger"},{"floor":10.0,"key":"Mirror"},{"floor":14.0,"key":"Replay:Accelerometer"},{"floor":25.0,"key":"Toxic Egg 2"},{"floor":39.0,"key":"Pet Ghost"},{"floor":40.0,"key":"Durian"},{"floor":43.0,"key":"Bottled Flame"},{"floor":44.0,"key":"Vajra"},{"floor":48.0,"key":"Gambling Chip"},{"floor":54,"key":"reliquary:Crutches"}],"event_choices":[{"damage_healed":0.0,"max_hp_gain":0.0,"max_hp_loss":0.0,"gold_gain":0.0,"event_name":"Upgrade Shrine","player_choice":"Upgraded","floor":3.0,"gold_loss":0.0,"damage_taken":0.0,"cards_upgraded":["Body Slam"]},{"damage_healed":0.0,"max_hp_gain":0.0,"max_hp_loss":0.0,"gold_gain":0.0,"event_name":"Back to Basics","player_choice":"Simplicity","floor":20.0,"gold_loss":0.0,"damage_taken":0.0,"cards_upgraded":["Strike_R","Strike_R","Strike_R","Strike_R","Strike_R","Defend_R","Defend_R","Defend_R","Defend_R"]},{"cards_removed":["Strike_R"],"damage_healed":0.0,"max_hp_gain":0.0,"max_hp_loss":0.0,"gold_gain":0.0,"event_name":"Bonfire Elementals","player_choice":"Offered Basic","floor":24.0,"gold_loss":0.0,"damage_taken":0.0},{"cards_removed":["Strike_R"],"damage_healed":0.0,"max_hp_gain":0.0,"max_hp_loss":0.0,"gold_gain":0.0,"event_name":"Falling","player_choice":"Removed Attack","floor":36.0,"gold_loss":0.0,"damage_taken":0.0},{"damage_healed":0.0,"max_hp_gain":0.0,"max_hp_loss":0.0,"gold_gain":0.0,"event_name":"MindBloom","player_choice":"Fight","floor":48.0,"gold_loss":0.0,"damage_taken":0.0}],"is_beta":false,"boss_relics":[{"not_picked":["Replay:Wanted Poster","Honey Jar"],"picked":"Velvet Choker"},{"not_picked":["ChewingGum","Kintsugi","ReplayTheSpireMod:DimensionalGlitch"]}],"items_purged_floors":[5,21,27,53],"is_endless":false,"potions_floor_spawned":[1,7,10,11,16,22,29,35,40,41,44,46],"ascension_level":2}}