{"host":"xxl27ehzxw6j4k3y","time":1613217653,"event":{"mods":["Act Like it!","Alarm Clock","Aspiration","BaseMod","Better Altar","Better Match","Better Note","Better Sensory Stone","Better Skull","Better Third Choice","BetterRewards","Card Forge","Conspire","Displayed Cursed Tome","Hermit","Hubris","Minty Spire (QoL Compilation)","Quick Restart","Shop Mod","Spicy Shops","StSLib","SuperFastMode","Transform Curses"],"gold_per_floor":[109,109,109,109,127,154,154,165,165,165,196,210,210,236,236,310,310,323,323,342,342,342,342],"floor_reached":22,"language":"ENG","playtime":607,"items_purged":[],"score":634,"play_id":"364e1dc2-03b5-4222-8c5a-a365a4f81fca","local_time":"20210213130053","is_ascension_mode":true,"campfire_choices":[{"floor":7,"key":"REST"},{"floor":10,"key":"REST"},{"floor":13,"key":"REST"},{"floor":15,"key":"REST"}],"circlet_count":0,"master_deck":["AscendersBane","conspire:GhostlyStrike","conspire:GhostlyStrike","conspire:GhostlyStrike+1","conspire:GhostlyStrike","conspire:GhostlyDefend","conspire:GhostlyDefend","conspire:GhostlyDefend","conspire:GhostlyDefend","Zap","Dualcast","Streamline","Stack","Ball Lightning","Thunder Strike+1","Ball Lightning","Self Repair","White Noise","Tempest","Echo Form","Chill","hubris:DoWhile","Capacitor","Discovery","Good Instincts"],"relics":["Cracked Core","Hammer of Thor","Seething Fire","Anvil of the Gods","ClockworkSouvenir","aspiration:DefectSkillbook","hubris:ToyBattleship","Bronze Scales","Whetstone","Letter Opener","Juzu Bracelet","SlaversCollar"],"acts_visited":["Exordium","TheCity"],"potions_floor_usage":[16],"damage_taken":[{"damage":2,"enemies":"Jaw Worm","floor":1,"turns":2},{"damage":8,"enemies":"Small Slimes","floor":5,"turns":3},{"damage":20,"enemies":"Lagavulin","floor":6,"turns":5},{"damage":2,"enemies":"2 Louse","floor":8,"turns":2},{"damage":18,"enemies":"conspire:MimicChest","floor":11,"turns":4},{"damage":12,"enemies":"Red Slaver","floor":12,"turns":2},{"damage":21,"enemies":"3 Sentries","floor":14,"turns":4},{"damage":17,"enemies":"The Guardian","floor":16,"turns":4},{"damage":16,"enemies":"3 Byrds","floor":18,"turns":2},{"damage":19,"enemies":"2 Thieves","floor":20,"turns":4},{"damage":57,"enemies":"Shelled Parasite and Fungi","floor":22,"turns":3}],"seed_played":"5363268869999503689","potions_obtained":[{"floor":8,"key":"Ancient Potion"},{"floor":11,"key":"SteroidPotion"}],"is_trial":false,"path_per_floor":["M","?","?","?","M","E","R","M","T","R","?","M","R","E","R","B",null,"M","?","M","?","M"],"character_chosen":"DEFECT","items_purchased":["ClockworkSouvenir"],"campfire_rested":4,"item_purchase_floors":[0],"current_hp_per_floor":[62,62,62,62,54,34,55,53,53,71,53,48,69,55,71,61,69,60,60,48,48,0,0],"gold":342,"neow_bonus":"","is_daily":false,"chose_seed":false,"campfire_upgraded":0,"win_rate":0.0,"timestamp":1613217653,"path_taken":["M","?","?","?","M","E","R","?","T","R","?","M","R","E","R","BOSS","M","?","M","?","M"],"items_purchased_type":["Relic"],"build_version":"2020-12-22","purchased_purges":0,"victory":false,"max_hp_per_floor":[71,71,71,71,71,71,71,71,71,71,71,71,71,71,71,71,71,71,71,71,71,71,71],"card_choices":[{"not_picked":["Coolheaded","Sunder","Streamline"],"picked":"Stack","floor":1},{"not_picked":["Leap","Genetic Algorithm","Conserve Battery"],"picked":"Ball Lightning","floor":5},{"not_picked":["hubris:DoWhile","Beam Cell","Redo"],"picked":"Thunder Strike","floor":6},{"not_picked":["Hologram","Stack","Redo"],"picked":"Ball Lightning","floor":8},{"not_picked":["Lockon","conspire:SharedLibrary","Hologram"],"picked":"Self Repair","floor":11},{"not_picked":["Leap","Cold Snap","Turbo"],"picked":"White Noise","floor":12},{"not_picked":["Cold Snap","FTL","Conserve Battery"],"picked":"Tempest","floor":14},{"not_picked":["Hyperbeam","Seek","Rainbow"],"picked":"Echo Form","floor":16},{"not_picked":["Gash+1","Genetic Algorithm","Streamline"],"picked":"Chill","floor":18},{"not_picked":["Steam Power","Rebound","Fusion"],"picked":"Capacitor","floor":20},{"not_picked":["Deep Breath","Blind","Finesse"],"picked":"Discovery","floor":21},{"not_picked":["PanicButton","Trip","Jack Of All Trades"],"picked":"Good Instincts","floor":21}],"player_experience":571577,"relics_obtained":[{"floor":6,"key":"Bronze Scales"},{"floor":9,"key":"Whetstone"},{"floor":11,"key":"Letter Opener"},{"floor":14,"key":"Juzu Bracelet"}],"event_choices":[{"damage_healed":0,"gold_gain":0,"player_choice":"Box","damage_taken":0,"relics_obtained":["hubris:ToyBattleship"],"max_hp_gain":0,"max_hp_loss":0,"event_name":"Big Fish","floor":2,"gold_loss":0,"cards_obtained":["Regret"]},{"damage_healed":0,"gold_gain":0,"player_choice":"Agree","damage_taken":0,"max_hp_gain":0,"max_hp_loss":0,"event_name":"conspire:LoneGhost","floor":3,"gold_loss":0},{"cards_removed":["Regret"],"damage_healed":0,"gold_gain":0,"player_choice":"Removed Curses","damage_taken":0,"max_hp_gain":0,"max_hp_loss":0,"event_name":"Fountain of Cleansing","floor":4,"gold_loss":0},{"cards_removed":["Self Repair"],"damage_healed":0,"gold_gain":0,"player_choice":"Take \u0026 Give","damage_taken":0,"max_hp_gain":0,"max_hp_loss":0,"event_name":"betterNote:BetterNote","floor":19,"gold_loss":0,"cards_obtained":["hubris:DoWhile"]},{"damage_healed":0,"gold_gain":2,"player_choice":"1","damage_taken":0,"max_hp_gain":0,"max_hp_loss":0,"event_name":"betterStone:BetterStone","floor":21,"gold_loss":0}],"is_beta":false,"boss_relics":[{"not_picked":["aspiration:FutureDiary","hubris:CrackedHourglass"],"picked":"SlaversCollar"}],"items_purged_floors":[],"is_endless":false,"potions_floor_spawned":[8,11,12],"killed_by":"Shelled Parasite and Fungi","ascension_level":20}}