{"host":"q393yg6r5o2yq652","time":1613182434,"event":{"mods":["BaseMod","Colored Map","Minty Spire (QoL Compilation)","Relic Stats","everything is the same but u backflip on backflip"],"gold_per_floor":[114,129,58,73,88,138,138,153,178,208,208,238,238,268,268,368,368,408,408,408,448,78,108,108,138,138,168,318,318,373,438,438,563,563,578,102,102,102,102,102,157,157,157,157,172,187,187,202,202,202],"floor_reached":51,"language":"ENG","playtime":5103,"items_purged":[],"score":804,"play_id":"6b2180b5-4f97-4d11-90a9-47904d4b7253","local_time":"20210212211354","daily_mods":["SealedDeck","Colorless Cards","Elite Swarm"],"is_ascension_mode":false,"campfire_choices":[{"data":"True Grit","floor":7,"key":"SMITH"},{"data":"HandOfGreed","floor":15,"key":"SMITH"},{"data":"Seeing Red","floor":24,"key":"SMITH"},{"data":"Berserk","floor":32,"key":"SMITH"},{"data":"Juggernaut","floor":40,"key":"SMITH"},{"data":"Juggernaut","floor":42,"key":"SMITH"},{"data":"Chrysalis","floor":44,"key":"SMITH"},{"data":"Spot Weakness","floor":47,"key":"SMITH"},{"data":"Brutality","floor":49,"key":"SMITH"}],"circlet_count":0,"master_deck":["Twin Strike+1","Clash","Sentinel","Cleave","Pommel Strike","True Grit+1","Feel No Pain","Feel No Pain","Sever Soul","Inflame","Dual Wield+1","Infernal Blade","Spot Weakness+1","Juggernaut+1","Chrysalis+1","Fiend Fire","HandOfGreed+1","Brutality+1","Twin Strike+1","Deep Breath+1","Seeing Red+1","Sentinel+1","Exhume","Thinking Ahead","Flex+1","Berserk+1","Impervious","Pummel+1","Juggernaut+1","Thinking Ahead","Discovery","Secret Weapon","Sever Soul+1"],"relics":["Burning Blood","Ornamental Fan","Bag of Preparation","Letter Opener","Thread and Needle","StoneCalendar","Orichalcum","Mark of Pain","Bottled Lightning","Bag of Marbles","DollysMirror","Calipers","PreservedInsect","Smiling Mask","Whetstone","Lizard Tail","MutagenicStrength","Nunchaku","Busted Crown","HornCleat","Toolbox","War Paint","Magic Flower"],"acts_visited":["Exordium","TheCity","TheBeyond"],"potions_floor_usage":[21,28,33,33],"damage_taken":[{"damage":6,"enemies":"Jaw Worm","floor":1,"turns":3},{"damage":0,"enemies":"Cultist","floor":2,"turns":4},{"damage":0,"enemies":"Small Slimes","floor":4,"turns":2},{"damage":1,"enemies":"Exordium Wildlife","floor":5,"turns":3},{"damage":18,"enemies":"Lagavulin","floor":6,"turns":5},{"damage":4,"enemies":"Looter","floor":8,"turns":3},{"damage":5,"enemies":"3 Sentries","floor":10,"turns":4},{"damage":0,"enemies":"Lagavulin","floor":12,"turns":6},{"damage":9,"enemies":"3 Sentries","floor":14,"turns":7},{"damage":26,"enemies":"The Guardian","floor":16,"turns":6},{"damage":9,"enemies":"Shell Parasite","floor":18,"turns":5},{"damage":12,"enemies":"2 Thieves","floor":21,"turns":3},{"damage":20,"enemies":"Book of Stabbing","floor":23,"turns":5},{"damage":20,"enemies":"Gremlin Leader","floor":25,"turns":7},{"damage":11,"enemies":"Book of Stabbing","floor":27,"turns":4},{"damage":5,"enemies":"Colosseum Slavers","floor":28,"turns":3},{"damage":0,"enemies":"Colosseum Nobs","floor":28,"turns":7},{"damage":11,"enemies":"Slavers","floor":30,"turns":3},{"damage":0,"enemies":"Sentry and Sphere","floor":31,"turns":6},{"damage":30,"enemies":"Collector","floor":33,"turns":9},{"damage":1,"enemies":"3 Darklings","floor":35,"turns":3},{"damage":0,"enemies":"Reptomancer","floor":41,"turns":3},{"damage":0,"enemies":"3 Shapes","floor":45,"turns":1},{"damage":6,"enemies":"Writhing Mass","floor":46,"turns":4},{"damage":3,"enemies":"Transient","floor":48,"turns":5},{"damage":18,"enemies":"Donu and Deca","floor":50,"turns":6}],"seed_played":"6099103822572544471","potions_obtained":[{"floor":1,"key":"Swift Potion"},{"floor":5,"key":"Dexterity Potion"},{"floor":6,"key":"SteroidPotion"},{"floor":10,"key":"LiquidMemories"},{"floor":27,"key":"Regen Potion"},{"floor":28,"key":"AttackPotion"},{"floor":35,"key":"FearPotion"},{"floor":48,"key":"BlessingOfTheForge"}],"is_trial":false,"path_per_floor":["M","M","$","M","M","E","R","M","T","E","?","E","?","E","R","B",null,"M","?","T","M","$","E","R","E","T","E","?","?","E","M","R","B",null,"M","$","?","?","$","R","E","R","T","R","M","M","R","M","R","B",null],"character_chosen":"IRONCLAD","items_purchased":["Infernal Blade","Seeing Red","Bag of Marbles","DollysMirror","HornCleat","Toolbox","Juggernaut"],"campfire_rested":0,"item_purchase_floors":[3,22,22,22,36,36,36],"current_hp_per_floor":[80,80,80,80,80,68,68,70,70,71,59,65,70,67,67,47,80,77,77,77,71,71,57,57,43,43,38,60,60,55,61,61,37,80,80,80,80,70,70,70,76,76,76,76,80,80,80,80,80,71],"gold":202,"neow_bonus":"","is_daily":true,"chose_seed":false,"campfire_upgraded":9,"win_rate":0.0,"timestamp":1613182434,"path_taken":["M","M","$","M","M","E","R","M","T","E","?","E","?","E","R","BOSS","M","?","?","?","$","E","R","E","T","E","?","?","E","M","R","BOSS","M","$","?","?","?","R","E","R","T","R","M","M","R","M","R","BOSS"],"items_purchased_type":["Card","Card","Relic","Relic","Relic","Relic","Card"],"build_version":"2020-12-22","purchased_purges":0,"victory":true,"max_hp_per_floor":[80,80,80,80,80,80,80,80,80,80,80,80,80,80,80,80,80,80,80,80,80,80,80,80,80,80,80,80,80,80,80,80,80,80,80,80,80,80,80,80,80,80,80,80,80,80,80,80,80,80],"relic_stats":{"counters":[26,117],"Magic Flower":[3],"StoneCalendar":[76],"PreservedInsect":178,"Bag of Preparation":[40],"Letter Opener":[158],"Whetstone":["Twin Strike","Twin Strike"],"Orichalcum":[96],"War Paint":["Dual Wield","Sentinel"],"Smiling Mask":0,"Burning Blood":132,"Lizard Tail":0,"Nunchaku":[5],"Busted Crown":16,"Ornamental Fan":[48],"obtain_stats":[{"Calipers":23,"Magic Flower":43,"Thread and Needle":11,"StoneCalendar":12,"PreservedInsect":25,"Bag of Preparation":9,"Letter Opener":10,"Whetstone":27,"Orichalcum":14,"War Paint":41,"Smiling Mask":26,"Burning Blood":0,"Lizard Tail":28,"Nunchaku":30,"Busted Crown":34,"HornCleat":36,"Ornamental Fan":6,"DollysMirror":22,"MutagenicStrength":29,"Toolbox":36,"Mark of Pain":17,"Bag of Marbles":22,"Bottled Lightning":20},{"Calipers":13,"Magic Flower":22,"Thread and Needle":7,"StoneCalendar":8,"PreservedInsect":14,"Bag of Preparation":6,"Letter Opener":7,"Whetstone":15,"Orichalcum":9,"War Paint":22,"Smiling Mask":14,"Burning Blood":0,"Lizard Tail":17,"Nunchaku":18,"Busted Crown":20,"HornCleat":21,"Ornamental Fan":5,"DollysMirror":12,"MutagenicStrength":17,"Toolbox":21,"Mark of Pain":10,"Bag of Marbles":12,"Bottled Lightning":11},{"Calipers":56,"Magic Flower":101,"Thread and Needle":24,"StoneCalendar":30,"PreservedInsect":63,"Bag of Preparation":20,"Letter Opener":24,"Whetstone":67,"Orichalcum":37,"War Paint":101,"Smiling Mask":63,"Burning Blood":0,"Lizard Tail":77,"Nunchaku":80,"Busted Crown":95,"HornCleat":98,"Ornamental Fan":17,"DollysMirror":51,"MutagenicStrength":77,"Toolbox":98,"Mark of Pain":43,"Bag of Marbles":51,"Bottled Lightning":48}]},"card_choices":[{"not_picked":["Purity","Panacea"],"picked":"Inflame","floor":1},{"not_picked":["Finesse","Headbutt"],"picked":"Dual Wield","floor":2},{"not_picked":["Clash","Wild Strike"],"picked":"Spot Weakness","floor":4},{"not_picked":["Flex","Warcry","Havoc"],"picked":"SKIP","floor":5},{"not_picked":["Reaper","Master of Strategy"],"picked":"Juggernaut","floor":6},{"not_picked":["Carnage","Heavy Blade","Thunderclap"],"picked":"SKIP","floor":8},{"not_picked":["Master of Strategy","The Bomb"],"picked":"Chrysalis","floor":10},{"not_picked":["Chrysalis","Thinking Ahead"],"picked":"Fiend Fire","floor":12},{"not_picked":["Fiend Fire","Sadistic Nature"],"picked":"HandOfGreed","floor":14},{"not_picked":["Panache","Secret Weapon"],"picked":"Brutality","floor":16},{"not_picked":["Whirlwind","Clash"],"picked":"Twin Strike","floor":18},{"not_picked":["Impatience+1","Jack Of All Trades"],"picked":"Deep Breath+1","floor":21},{"not_picked":["Bludgeon","Violence"],"picked":"Impervious","floor":23},{"not_picked":["Fiend Fire","Reaper"],"picked":"Exhume","floor":25},{"not_picked":["Demon Form","Exhume"],"picked":"Thinking Ahead","floor":27},{"not_picked":["Clothesline+1","Thunderclap"],"picked":"Flex+1","floor":28},{"not_picked":["Panache","Impervious"],"picked":"Berserk","floor":30},{"not_picked":["Clash","Pommel Strike","Perfected Strike+1"],"picked":"SKIP","floor":31},{"not_picked":["Secret Technique","Barricade"],"picked":"Impervious","floor":33},{"not_picked":[],"picked":"Pummel+1","floor":35},{"not_picked":[],"picked":"Thinking Ahead","floor":38},{"not_picked":[],"picked":"Discovery","floor":38},{"not_picked":[],"picked":"Secret Weapon","floor":41},{"not_picked":["Headbutt+1"],"picked":"SKIP","floor":45},{"not_picked":[],"picked":"Sever Soul+1","floor":46},{"not_picked":["Sever Soul+1"],"picked":"SKIP","floor":48}],"player_experience":298899,"relics_obtained":[{"floor":6,"key":"Ornamental Fan"},{"floor":9,"key":"Bag of Preparation"},{"floor":10,"key":"Letter Opener"},{"floor":12,"key":"StoneCalendar"},{"floor":14,"key":"Orichalcum"},{"floor":20,"key":"Bottled Lightning"},{"floor":23,"key":"Calipers"},{"floor":25,"key":"PreservedInsect"},{"floor":26,"key":"Smiling Mask"},{"floor":27,"key":"Whetstone"},{"floor":28,"key":"Lizard Tail"},{"floor":30,"key":"Nunchaku"},{"floor":41,"key":"War Paint"},{"floor":43,"key":"Magic Flower"}],"event_choices":[{"damage_healed":0,"gold_gain":0,"player_choice":"Success","damage_taken":12,"relics_obtained":["Thread and Needle"],"max_hp_gain":0,"max_hp_loss":0,"event_name":"Scrap Ooze","floor":11,"gold_loss":0},{"cards_removed":["True Grit"],"damage_healed":5,"gold_gain":0,"player_choice":"Offered Common","damage_taken":0,"max_hp_gain":0,"max_hp_loss":0,"event_name":"Bonfire Elementals","floor":13,"gold_loss":0},{"cards_removed":["True Grit"],"damage_healed":5,"gold_gain":0,"player_choice":"Offered Special","damage_taken":0,"max_hp_gain":0,"max_hp_loss":0,"event_name":"Bonfire Elementals","floor":13,"gold_loss":0},{"damage_healed":0,"gold_gain":0,"player_choice":"Ignored","damage_taken":0,"max_hp_gain":0,"max_hp_loss":0,"event_name":"Vampires","floor":19,"gold_loss":0},{"damage_healed":0,"gold_gain":0,"player_choice":"Fight","damage_taken":0,"max_hp_gain":0,"max_hp_loss":0,"event_name":"Colosseum","floor":28,"gold_loss":0},{"damage_healed":0,"gold_gain":0,"player_choice":"Fought Nobs","damage_taken":0,"max_hp_gain":0,"max_hp_loss":0,"event_name":"Colosseum","floor":28,"gold_loss":0},{"damage_healed":0,"gold_gain":0,"player_choice":"Inject Mutagens","damage_taken":0,"relics_obtained":["MutagenicStrength"],"max_hp_gain":0,"max_hp_loss":0,"event_name":"Drug Dealer","floor":29,"gold_loss":0},{"cards_removed":["Impervious"],"damage_healed":0,"gold_gain":0,"player_choice":"Removed Skill","damage_taken":0,"max_hp_gain":0,"max_hp_loss":0,"event_name":"Falling","floor":37,"gold_loss":0},{"damage_healed":0,"gold_gain":0,"player_choice":"Memory 3","damage_taken":10,"max_hp_gain":0,"max_hp_loss":0,"event_name":"SensoryStone","floor":38,"gold_loss":0}],"is_beta":false,"boss_relics":[{"not_picked":["Runic Pyramid","Coffee Dripper"],"picked":"Mark of Pain"},{"not_picked":["Black Star","Velvet Choker"],"picked":"Busted Crown"}],"items_purged_floors":[],"is_endless":false,"potions_floor_spawned":[1,5,6,10,18,27,28,31,35,48],"ascension_level":0}}