{"host":"mvy2rmdvyttjfm6x","time":1613241652,"event":{"mods":["AchievementEnabler","BaseMod","Keyboard Shortcuts","Lobotomy","Minty Spire (QoL Compilation)","Quick Restart","StSLib"],"gold_per_floor":[112,287,287,307,2,27,47,47,72,72,97,112,128,158,158,256,256,272,283,283,198,215,215,235,235,235],"floor_reached":25,"language":"KOR","playtime":1527,"items_purged":["Doubt"],"score":238,"play_id":"b883ba26-117c-4626-bcd1-edf7051f2430","local_time":"20210214034052","is_ascension_mode":false,"campfire_choices":[{"data":"Crescendo","floor":8.0,"key":"SMITH"},{"floor":10.0,"key":"REST"},{"floor":15,"key":"REST"},{"data":"Eruption","floor":23,"key":"SMITH"}],"circlet_count":0,"master_deck":["Strike_P","Strike_P","Strike_P","Strike_P","Defend_P","Defend_P","Defend_P","Defend_P","Eruption+1","Vigilance","UniverseFragment","SashWhip","OSAHOGD","Crescendo+1","BlackSwan","WreathOfFlame","MeatLantern","CrushJoints+1","Bloodbath","ClearTheMind","MHz","Tantrum+1","DreamingCurrent","Swivel","ShyLook","ConjureBlade","VoidDream","FearNoEvil+1","Wallop+1","FieryBird","ClearTheMind+1","Yin"],"relics":["PureWater","CogitoBucket","Membership Card","Molten Egg 2","Strawberry","Bag of Marbles","Bottled Flame","ResearcherNote","Kunai","Philosopher\u0027s Stone","Question Card","AspirationHeart"],"acts_visited":["Exordium","TheCity"],"potions_floor_usage":[12,12,22,22,25,25],"damage_taken":[{"damage":0.0,"enemies":"2 Louse","floor":1.0,"turns":3.0},{"damage":3.0,"enemies":"Jaw Worm","floor":4.0,"turns":2.0},{"damage":37.0,"enemies":"Gremlin Nob","floor":6.0,"turns":4.0},{"damage":10.0,"enemies":"Small Slimes","floor":7.0,"turns":4.0},{"damage":49,"enemies":"Lagavulin","floor":11,"turns":4},{"damage":10,"enemies":"Blue Slaver","floor":12,"turns":6},{"damage":0,"enemies":"Large Slime","floor":13,"turns":6},{"damage":45,"enemies":"Slime Boss","floor":16,"turns":9},{"damage":20,"enemies":"2 Thieves","floor":18,"turns":4},{"damage":5,"enemies":"Chosen","floor":19,"turns":3},{"damage":58,"enemies":"Snake Plant","floor":22,"turns":5},{"damage":23,"enemies":"Centurion and Healer","floor":24,"turns":3},{"damage":49,"enemies":"Slavers","floor":25,"turns":6}],"seed_played":"-7724073514470009833","potions_obtained":[{"floor":6.0,"key":"Fruit Juice"},{"floor":7.0,"key":"Dexterity Potion"},{"floor":12,"key":"Energy Potion"},{"floor":13,"key":"CultistPotion"},{"floor":16,"key":"Block Potion"},{"floor":24,"key":"Block Potion"}],"is_trial":false,"path_per_floor":["M","?","?","M","$","E","M","R","T","R","E","M","M","?","R","B",null,"M","M","?","?","M","R","M","E"],"character_chosen":"WATCHER","items_purchased":["Membership Card","Molten Egg 2"],"campfire_rested":2,"item_purchase_floors":[5,5],"current_hp_per_floor":[72,72,77,74,74,44,34,34,34,59,10,6,7,7,33,38,89,82,89,89,89,65,65,54,41,41],"gold":235,"neow_bonus":"","is_daily":false,"chose_seed":false,"campfire_upgraded":2,"win_rate":0.0,"timestamp":1613241652,"path_taken":["M","?","?","M","$","E","M","R","T","R","E","M","M","?","R","BOSS","M","M","?","?","M","R","M","E"],"items_purchased_type":["Relic","Relic"],"build_version":"2020-12-22","purchased_purges":1,"victory":false,"max_hp_per_floor":[72,72,77,77,77,84,84,84,84,84,84,89,89,89,89,89,89,89,89,89,89,99,99,99,99,99],"card_choices":[{"not_picked":["MHz","CherryBlossoms"],"picked":"UniverseFragment","floor":1.0},{"not_picked":["JustLucky","Conclude"],"picked":"SashWhip","floor":1.0},{"not_picked":["ShyLook","OldLady"],"picked":"OSAHOGD","floor":4.0},{"not_picked":["BowlingBash","EmptyBody"],"picked":"Crescendo","floor":4.0},{"not_picked":["PunishingBird","NakedNest"],"picked":"BlackSwan","floor":6.0},{"not_picked":["Perseverance","FearNoEvil+1"],"picked":"WreathOfFlame","floor":6.0},{"not_picked":["BigBadWolf","DreamingCurrent"],"picked":"MeatLantern","floor":7.0},{"not_picked":["WreathOfFlame","SignatureMove+1"],"picked":"CrushJoints+1","floor":7.0},{"not_picked":["CherryBlossoms","BeautyBeast"],"picked":"Bloodbath","floor":11},{"not_picked":["Blasphemy","Evaluate"],"picked":"ClearTheMind","floor":11},{"not_picked":["QueenBee","DreamingCurrent"],"picked":"MHz","floor":12},{"not_picked":["Evaluate","Nirvana"],"picked":"Tantrum+1","floor":12},{"not_picked":["QueenBee","Murderer"],"picked":"DreamingCurrent","floor":13},{"not_picked":["Protect","ThirdEye"],"picked":"Swivel","floor":13},{"not_picked":["Funeral","PunishingBird"],"picked":"ShyLook","floor":16},{"not_picked":["Brilliance+1","Establishment"],"picked":"ConjureBlade","floor":16},{"not_picked":["FieryBird","SpiderBud"],"picked":"VoidDream","floor":18},{"not_picked":["Protect","Study","CrushJoints+1"],"picked":"SKIP","floor":18},{"not_picked":["Consecrate+1","Ragnarok+1"],"picked":"FearNoEvil+1","floor":19},{"not_picked":["BeautyBeast","HappyTeddy"],"picked":"FieryBird","floor":22},{"not_picked":["EmptyFist+1","CrushJoints+1","Indignation"],"picked":"ClearTheMind+1","floor":22},{"not_picked":["Murderer","CherryBlossoms"],"picked":"Yin","floor":24},{"not_picked":["FollowUp+1","Crescendo","BowlingBash+1","Evaluate+1"],"picked":"SKIP","floor":24}],"player_experience":116705,"relics_obtained":[{"floor":6.0,"key":"Strawberry"},{"floor":9.0,"key":"Bag of Marbles"},{"floor":11,"key":"Bottled Flame"}],"event_choices":[{"damage_healed":0.0,"max_hp_gain":0.0,"max_hp_loss":0.0,"gold_gain":175.0,"event_name":"Liars Game","player_choice":"AGREE","floor":2.0,"gold_loss":0.0,"damage_taken":0.0,"cards_obtained":["Doubt"]},{"damage_healed":0.0,"max_hp_gain":5.0,"max_hp_loss":0.0,"gold_gain":0.0,"event_name":"Big Fish","player_choice":"Donut","floor":3.0,"gold_loss":0.0,"damage_taken":0.0},{"damage_healed":0,"gold_gain":30,"player_choice":"Searched \u00273\u0027 times","damage_taken":0,"relics_obtained":["Kunai"],"max_hp_gain":0,"max_hp_loss":0,"event_name":"Dead Adventurer","floor":14,"gold_loss":0},{"damage_healed":0,"gold_gain":0,"player_choice":"Read","damage_taken":0,"max_hp_gain":0,"max_hp_loss":0,"event_name":"The Library","floor":20,"gold_loss":0,"cards_obtained":["Wallop"]},{"damage_healed":0,"gold_gain":0,"player_choice":"Obtained Relic","damage_taken":0,"relics_obtained":["Question Card"],"max_hp_gain":0,"max_hp_loss":0,"event_name":"Addict","floor":21,"gold_loss":85}],"is_beta":false,"boss_relics":[{"not_picked":["VioletLotus","Black Star"],"picked":"Philosopher\u0027s Stone"}],"items_purged_floors":[5],"is_endless":false,"potions_floor_spawned":[6,7,12,13,16,24],"killed_by":"Slavers","ascension_level":0}}