{"host":"mxr7fl53uuvtjusr","time":1613229281,"event":{"mods":["2.2 Compatiblity","AchievementEnabler","Act Like it!","Ascension Reborn","BaseMod","BetterRewards","Block Reminder","Card Forge","Colored Map","Colored Powertips","Dark Map","Downfall","Energized Spire","GifTheSpireLib","Hero for Fun","Highlight Path","Jorbs\u0027s Wanderer Trilogy","Lobotomy","LobotomyExtend","Minty Spire (QoL Compilation)","Permanent Neow","Quick Restart","Rare Cards Sparkle","Shop Mod","Spicy Shops","StSLib"],"gold_per_floor":[99,109,109,119,134,34,34,60,38,58,43,57,71,246,259,360,360,360,379,390,390,174,174,201,201,211,236,136,149,149,181,194,289,289,289,299,299,322,324,340,364,364,264,284,304,304,317,11,27,27,27,27,54,54,54,54,54],"floor_reached":58,"language":"ENG","playtime":4169,"items_purged":[],"score":1326,"play_id":"e72e081f-a5da-4263-aaca-c339ca52f75b","local_time":"20210213071441","is_ascension_mode":false,"campfire_choices":[{"floor":1,"key":"RECALL"},{"data":"Guardian:BaubleBeam","floor":6,"key":"SMITH"},{"data":"Guardian:TemporalStrike","floor":18,"key":"SMITH"},{"data":"Guardian:BaubleBeam","floor":23,"key":"SMITH"},{"data":"Guardian:ChargeCore","floor":28,"key":"SMITH"},{"data":"Guardian:BodySlam","floor":35,"key":"SMITH"},{"data":"Guardian:BaubleBeam","floor":43,"key":"SMITH"},{"data":"Guardian:PrismaticBarrier","floor":55,"key":"SMITH"}],"circlet_count":0,"master_deck":["Guardian:CurlUp+1","Guardian:TwinSlam+1","Guardian:CrystalBeam+1","Guardian:PrismaticBeam+1","Guardian:ShieldCharger+1","Guardian:ExploitGems+1","Guardian:BaubleBeam+1","Guardian:Orbwalk+1","Guardian:Suspension+1","Guardian:WalkerClaw+1","Guardian:SentryBeam+1","Guardian:ExploitGems+1","Guardian:PiercingHide+1","Guardian:StasisField+1","Guardian:Defend_Guardian+1","Guardian:TemporalStrike+1","Guardian:TemporalShield+1","Guardian:TimeSifter+1","Guardian:BaubleBeam+1","Guardian:ChargeCore+1","Guardian:BodySlam+1","Guardian:PrismaticBarrier+1","Guardian:BaubleBeam+1","Guardian:Incinerate+1"],"relics":["Guardian:ModeShifterPlus","Hammer of Thor","Seething Fire","Anvil of the Gods","downfall:HeartBlessingRed","Bottled Tornado","Nunchaku","energizedSpire:MagnifyingGlass","Happy Flower","Tiny Chest","Vajra","downfall:HeartBlessingGreen","Bag of Marbles","Pen Nib","Sling","PreservedInsect","downfall:HeartBlessingBlue","Incense Burner","Bag of Preparation","Lantern","Centennial Puzzle"],"acts_visited":["Exordium","TheCity","TheBeyond","TheEnding"],"potions_floor_usage":[11,11,11,33,33,57,57],"damage_taken":[{"damage":4,"enemies":"2 Louse","floor":2,"turns":3},{"damage":23,"enemies":"Jaw Worm","floor":4,"turns":8},{"damage":8,"enemies":"Small Slimes","floor":5,"turns":5},{"damage":18,"enemies":"Lagavulin","floor":8,"turns":3},{"damage":2,"enemies":"downfall:FleeingMerchant","floor":9,"turns":4},{"damage":8,"enemies":"3 Louse","floor":10,"turns":2},{"damage":11,"enemies":"downfall:FleeingMerchant","floor":11,"turns":4},{"damage":0,"enemies":"2 Fungi Beasts","floor":12,"turns":2},{"damage":0,"enemies":"Exordium Thugs","floor":13,"turns":3},{"damage":0,"enemies":"3 Louse","floor":15,"turns":3},{"damage":0,"enemies":"WA_ARCHETYPE_RETAIN","floor":16,"turns":4},{"damage":0,"enemies":"Shell Parasite","floor":19,"turns":2},{"damage":0,"enemies":"3 Byrds","floor":20,"turns":3},{"damage":0,"enemies":"downfall:FleeingMerchant","floor":22,"turns":4},{"damage":4,"enemies":"Shelled Parasite and Fungi","floor":26,"turns":2},{"damage":12,"enemies":"Book of Stabbing","floor":27,"turns":3},{"damage":0,"enemies":"Snake Plant","floor":29,"turns":1},{"damage":5,"enemies":"Slavers","floor":31,"turns":3},{"damage":0,"enemies":"Snecko","floor":32,"turns":3},{"damage":0,"enemies":"SI_MIRROR_ARCHETYPE","floor":33,"turns":4},{"damage":0,"enemies":"Orb Walker","floor":36,"turns":1},{"damage":0,"enemies":"downfall:FleeingMerchant","floor":39,"turns":3},{"damage":0,"enemies":"3 Darklings","floor":40,"turns":4},{"damage":0,"enemies":"Maw","floor":44,"turns":4},{"damage":0,"enemies":"Sphere and 2 Shapes","floor":45,"turns":2},{"damage":24,"enemies":"Writhing Mass","floor":47,"turns":3},{"damage":0,"enemies":"Transient","floor":49,"turns":5},{"damage":1,"enemies":"DF_ARCHETYPE_ORBS","floor":50,"turns":5},{"damage":0,"enemies":"downfall:CharBossMerchant","floor":53,"turns":4},{"damage":0,"enemies":"downfall:NeowBoss","floor":56,"turns":9},{"damage":14,"enemies":"downfall:NeowBossFinal","floor":57,"turns":5}],"seed_played":"7563615873201788017","potions_obtained":[{"floor":0,"key":"Regen Potion"},{"floor":0,"key":"champ:CounterPotion"},{"floor":0,"key":"SkillPotion"},{"floor":13,"key":"CultistPotion"},{"floor":16,"key":"Swift Potion"},{"floor":26,"key":"Regen Potion"},{"floor":33,"key":"SteroidPotion"},{"floor":36,"key":"EssenceOfSteel"}],"is_trial":false,"path_per_floor":["R","M","?","M","M","R","T","E","$","M","$","M","M","?","M","B",null,"R","M","M","?","$","R","T","?","M","E","R","M","?","E","M","B",null,"R","M","?","T","$","M","T","?","R","M","M","T","M","$","M","B",null,null,"E","$","R","B","B",null],"character_chosen":"GUARDIAN","items_purchased":["Guardian:Gem_Fragmented","Happy Flower","Guardian:ChargeCore","Pen Nib","Sling","Guardian:Gem_White","Bag of Preparation","Lantern"],"campfire_rested":0,"item_purchase_floors":[9,22,22,39,39,39,48,48],"current_hp_per_floor":[80,76,76,53,45,45,45,27,25,17,18,18,18,18,18,18,80,80,80,80,80,80,80,80,80,76,64,64,64,64,59,59,73,80,80,80,80,80,80,80,80,80,90,90,90,90,66,66,66,65,65,90,90,90,90,90,76],"gold":54,"neow_bonus":"THREE_SMALL_POTIONS","is_daily":false,"chose_seed":false,"campfire_upgraded":7,"win_rate":0.0,"timestamp":1613229281,"path_taken":["R","M","?","M","M","R","T","E","$","M","$","M","M","?","M","BOSS","R","M","M","?","$","R","T","?","M","E","R","M","?","E","M","BOSS","R","M","?","?","$","?","T","?","R","M","M","?","M","$","M","BOSS","E","$","R","BOSS","BOSS"],"items_purchased_type":["Card","Relic","Card","Relic","Relic","Card","Relic","Card"],"build_version":"2020-12-22","purchased_purges":0,"victory":true,"max_hp_per_floor":[80,80,80,80,80,80,80,80,80,80,80,80,80,80,80,80,80,80,80,80,80,80,80,80,80,80,80,80,80,80,80,80,80,80,80,80,80,80,80,80,80,80,90,90,90,90,90,90,90,90,90,90,90,90,90,90,90],"card_choices":[{"not_picked":["Guardian:Gem_Cyan","Guardian:Gem_Green"],"picked":"Guardian:Gem_Lightblue","floor":2},{"not_picked":["Guardian:Suspension","Guardian:Gem_Red"],"picked":"Guardian:Orbwalk","floor":2},{"not_picked":["Guardian:PrimingBeam","Guardian:TemporalStrike"],"picked":"Guardian:Suspension","floor":4},{"not_picked":["Guardian:Gem_Green","Guardian:Gem_Red"],"picked":"Guardian:Gem_Lightblue","floor":5},{"not_picked":["Guardian:Gem_Purple","Guardian:Incinerate"],"picked":"Guardian:WalkerClaw","floor":5},{"not_picked":["Guardian:Gem_Lightblue","Guardian:Gem_Cyan"],"picked":"Guardian:Gem_Red","floor":8},{"not_picked":["Guardian:ShieldCharger","Guardian:DonusPower"],"picked":"Guardian:SentryBeam","floor":8},{"not_picked":["Guardian:RefractedBeam","Guardian:Gem_Fragmented","Guardian:EvasiveProtocol"],"picked":"SKIP","floor":9},{"not_picked":["Guardian:WalkerClaw","Guardian:GuardianWhirl","Guardian:RefractedBeam"],"picked":"SKIP","floor":10},{"not_picked":["Guardian:AncientConstruct","Guardian:SentryBeam","Guardian:Gem_Synthetic"],"picked":"SKIP","floor":11},{"not_picked":["Guardian:ArmoredProtocol","Guardian:Reroute","Guardian:WalkerClaw"],"picked":"SKIP","floor":12},{"not_picked":["Guardian:Gem_Red","Guardian:Gem_White"],"picked":"Guardian:TemporalStrike","floor":13},{"not_picked":["Guardian:BronzeOrb","Guardian:TemporalStrike"],"picked":"Guardian:TemporalShield","floor":15},{"not_picked":["Guardian:Gem_Synthetic","Guardian:ExploitGems"],"picked":"Guardian:TimeSifter","floor":16},{"not_picked":["Guardian:Gem_Red","Guardian:Planning","Guardian:Gem_Cyan"],"picked":"SKIP","floor":19},{"not_picked":["Guardian:Gem_Lightblue","Guardian:RollAttack","Guardian:ShieldCharger"],"picked":"SKIP","floor":20},{"not_picked":["Guardian:Emergency+1","Guardian:Gem_Lightblue","Guardian:Preprogram+1"],"picked":"SKIP","floor":22},{"not_picked":["Guardian:PiercingHide+1","Guardian:Gem_Lightblue","Guardian:Suspension"],"picked":"SKIP","floor":26},{"not_picked":["Guardian:DecasProtection","Guardian:TemporalShield"],"picked":"Guardian:Gem_Fragmented","floor":27},{"not_picked":["Guardian:Gem_Orange","Guardian:VentSteam"],"picked":"Guardian:BodySlam","floor":29},{"not_picked":["Guardian:Gem_Green","Guardian:SpikerProtocol","Guardian:Reroute"],"picked":"SKIP","floor":31},{"not_picked":["Guardian:Emergency","Guardian:Gem_Lightblue","Guardian:SentryBeam+1"],"picked":"SKIP","floor":32},{"not_picked":["Guardian:TimeCapacitor+1","Guardian:Repulse+1"],"picked":"Guardian:Incinerate+1","floor":36},{"not_picked":["Guardian:PrimingBeam","Guardian:ShieldCharger+1","Guardian:TimeSifter"],"picked":"SKIP","floor":39},{"not_picked":["Guardian:PiercingHide","Guardian:Gem_Blue","Guardian:RollAttack+1"],"picked":"SKIP","floor":40},{"not_picked":["Guardian:ShieldSpikes","Guardian:SentryBeam","Guardian:Gem_Yellow"],"picked":"SKIP","floor":44},{"not_picked":["Guardian:Gem_Crimson","Guardian:ShieldSpikes","Guardian:BodySlam"],"picked":"SKIP","floor":45},{"not_picked":["Guardian:PiercingHide","Guardian:Gem_Lightblue","Guardian:MultiBeam"],"picked":"SKIP","floor":47},{"not_picked":["Guardian:PrismaticBeam+1","Guardian:RevengeProtocol","Guardian:Suspension+1"],"picked":"SKIP","floor":49},{"not_picked":["Guardian:Gem_Green","Guardian:BronzeArmor+1","Guardian:Recover+1"],"picked":"SKIP","floor":53}],"player_experience":349854,"relics_obtained":[{"floor":7,"key":"Bottled Tornado"},{"floor":8,"key":"Nunchaku"},{"floor":24,"key":"Tiny Chest"},{"floor":27,"key":"Vajra"},{"floor":31,"key":"Bag of Marbles"},{"floor":41,"key":"PreservedInsect"},{"floor":46,"key":"Incense Burner"},{"floor":53,"key":"Centennial Puzzle"}],"event_choices":[],"is_beta":false,"boss_relics":[{"not_picked":["SacredBark","energizedSpire:OgreHead"],"picked":"energizedSpire:MagnifyingGlass"},{"not_picked":["Empty Cage","energizedSpire:DeadBattery"],"picked":"Guardian:ModeShifterPlus"}],"items_purged_floors":[],"is_endless":false,"potions_floor_spawned":[5,8,10,13,16,19,26,29,33,36,44,45],"ascension_level":0}}