{"host":"dbb4fkd1j4jczim2","time":1613194637,"event":{"mods":["BaseMod","Downfall","Marisa????????","Minty Spire (QoL Compilation)","Permanent Neow","StSLib"],"gold_per_floor":[0,19,31,16,28,28,28,28,13,33,59,69,88,88,106,211,211,111,121,141,152,17,17,17,17],"floor_reached":23,"language":"ENG","playtime":1207,"items_purged":["Slimebound:Strike_Slimebound"],"score":257,"play_id":"bbfbe564-4381-4af4-9245-ffd208fdec9c","local_time":"20210212233717","is_ascension_mode":true,"campfire_choices":[{"data":"Slimebound:Split","floor":1,"key":"SMITH"},{"data":"Slimebound:Overexert","floor":6,"key":"SMITH"},{"data":"Slimebound:PrepareCrush","floor":18,"key":"PURGE"}],"circlet_count":0,"master_deck":["Slimebound:Strike_Slimebound","Slimebound:Strike_Slimebound","Slimebound:Tackle","Slimebound:Defend_Slimebound","Slimebound:Defend_Slimebound","Slimebound:Defend_Slimebound","Slimebound:Defend_Slimebound","Slimebound:Split+1","Slimebound:CorrosiveSpit","Slimebound:Overexert+1","Slimebound:Schlurp","Slimebound:LivingWall","Slimebound:SplitMire","Slimebound:SlimeTap","Slimebound:LevelUp","Slimebound:SplitLeeching","Slimebound:MassFeed","Slimebound:Prepare","Slimebound:TagTeam","Slimebound:SplitSpecialist"],"relics":["Slimebound:AbsorbEndCombatUpgraded","Ornamental Fan","Slimebound:ScrapOozeRelic","PreservedInsect","White Beast Statue","Philosopher\u0027s Stone","downfall:HeartBlessingGreen","Pocketwatch"],"acts_visited":["Exordium","TheCity"],"potions_floor_usage":[5,15,16,20,21,23],"damage_taken":[{"damage":6,"enemies":"Cultist","floor":2,"turns":3},{"damage":0,"enemies":"2 Louse","floor":3,"turns":2},{"damage":10,"enemies":"downfall:FleeingMerchant","floor":4,"turns":4},{"damage":10,"enemies":"Jaw Worm","floor":5,"turns":3},{"damage":0,"enemies":"downfall:FleeingMerchant","floor":9,"turns":4},{"damage":8,"enemies":"Red Slaver","floor":10,"turns":3},{"damage":3,"enemies":"Gremlin Nob","floor":11,"turns":3},{"damage":7,"enemies":"Large Slime","floor":12,"turns":4},{"damage":10,"enemies":"Exordium Thugs","floor":13,"turns":3},{"damage":15,"enemies":"Large Slime","floor":15,"turns":2},{"damage":0,"enemies":"WA_ARCHETYPE_RETAIN","floor":16,"turns":4},{"damage":0,"enemies":"Chosen","floor":19,"turns":3},{"damage":13,"enemies":"3 Byrds","floor":20,"turns":3},{"damage":18,"enemies":"Cultist and Chosen","floor":21,"turns":5},{"damage":10,"enemies":"downfall:FleeingMerchant","floor":22,"turns":4},{"damage":54,"enemies":"Slavers","floor":23,"turns":3}],"seed_played":"-3522862974884737982","potions_obtained":[{"floor":2,"key":"ColorlessPotion"},{"floor":5,"key":"Explosive Potion"},{"floor":10,"key":"PowerPotion"},{"floor":11,"key":"SteroidPotion"},{"floor":15,"key":"BlessingOfTheForge"},{"floor":16,"key":"Regen Potion"},{"floor":20,"key":"SkillPotion"},{"floor":21,"key":"Strength Potion"}],"is_trial":false,"path_per_floor":["R","M","M","$","M","R","T","?","$","M","E","M","M","T","M","B",null,"R","M","M","M","$","E"],"character_chosen":"SLIMEBOUND","items_purchased":["Slimebound:SplitSpecialist","Pocketwatch"],"campfire_rested":0,"item_purchase_floors":[22,22],"current_hp_per_floor":[65,63,65,59,53,53,53,53,59,53,52,49,43,43,45,53,65,65,65,55,43,42,0,0,0],"gold":17,"neow_bonus":"THREE_RARE_CARDS","is_daily":false,"chose_seed":false,"campfire_upgraded":2,"win_rate":0.0,"timestamp":1613194637,"path_taken":["R","M","M","?","M","R","T","?","$","M","E","M","M","?","M","BOSS","R","M","M","M","?","E"],"items_purchased_type":["Card","Relic"],"build_version":"2020-12-22","purchased_purges":1,"victory":false,"max_hp_per_floor":[65,65,65,65,65,65,65,65,65,65,65,65,65,65,65,65,65,65,65,65,65,65,65,65,65],"card_choices":[{"not_picked":["Slimebound:SelfFormingGoo","Slimebound:MassRepurpose"],"picked":"Slimebound:Overexert","floor":0},{"not_picked":["Slimebound:HungryTackle","Slimebound:ItLooksTasty"],"picked":"Slimebound:Schlurp","floor":2},{"not_picked":["Slimebound:SplitBruiser","Slimebound:RollThrough"],"picked":"Slimebound:LivingWall","floor":3},{"not_picked":["Slimebound:Overexert","Slimebound:SlimeSpikes"],"picked":"Slimebound:SplitMire","floor":4},{"not_picked":["Slimebound:SplitAcid","Slimebound:LeechEnergy"],"picked":"Slimebound:SlimeTap","floor":5},{"not_picked":["Slimebound:BestDefense","Slimebound:PressTheAttack"],"picked":"Slimebound:LevelUp","floor":9},{"not_picked":["Slimebound:Schlurp","Slimebound:ItLooksTasty"],"picked":"Slimebound:SplitLeeching","floor":10},{"not_picked":["Slimebound:ForwardTackle","Slimebound:SlimeSpikes"],"picked":"Slimebound:MassFeed","floor":11},{"not_picked":["Slimebound:BestDefense","Slimebound:ItLooksTasty","Slimebound:HauntingLick"],"picked":"SKIP","floor":12},{"not_picked":["Slimebound:SplitAcid","Slimebound:RollThrough"],"picked":"Slimebound:Prepare","floor":13},{"not_picked":["Slimebound:MegaLick","Slimebound:RollThrough","Slimebound:GoopTackle"],"picked":"SKIP","floor":15},{"not_picked":["Slimebound:DuplicatedForm","Slimebound:SlimeSlap"],"picked":"Slimebound:PrepareCrush","floor":16},{"not_picked":["Slimebound:GrowthPunch","Slimebound:SplitMire","Slimebound:ComboTackle+1"],"picked":"SKIP","floor":19},{"not_picked":["Slimebound:GoopSpray","Slimebound:SplitAcid+1","Slimebound:Repurpose"],"picked":"SKIP","floor":20},{"not_picked":["Slimebound:Replication","Slimebound:GoopTackle+1"],"picked":"Slimebound:TagTeam","floor":21},{"not_picked":["Slimebound:ForwardTackle","Slimebound:WasteNot","Slimebound:Gluttony+1"],"picked":"SKIP","floor":22}],"player_experience":339431,"relics_obtained":[{"floor":7,"key":"Ornamental Fan"},{"floor":11,"key":"PreservedInsect"},{"floor":14,"key":"White Beast Statue"}],"event_choices":[],"is_beta":false,"boss_relics":[{"not_picked":["Runic Dome","SacredBark"],"picked":"Slimebound:AbsorbEndCombatUpgraded"}],"items_purged_floors":[22],"is_endless":false,"potions_floor_spawned":[2,5,10,11,15,16,19,20,21,22],"killed_by":"Slavers","ascension_level":1}}