{"host":"5y2vm16xfq9gfmb2","time":1613175041,"event":{"mods":["AchievementEnabler","BaseMod","Better Third Choice","Colored Map","Colored Powertips","DeckTracker","Marisa????????","Minty Spire (QoL Compilation)","Rare Cards Sparkle","Relic Stats","StSLib","The Alterego","The Animator","The Marked","The Servant 0.9.4"],"gold_per_floor":[359,534,534,548,579,579,603,603,603],"floor_reached":8,"language":"ENG","playtime":334,"items_purged":[],"score":48,"play_id":"ce7f7a25-4c6c-42b8-b00a-52f2a9ee129e","local_time":"20210212191041","is_ascension_mode":false,"campfire_choices":[{"floor":6,"key":"REST"}],"circlet_count":0,"master_deck":["animator:Strike_Overlord","animator:Defend_Overlord","animator:Strike","animator:Strike","animator:Strike","animator:Defend","animator:Defend","animator:Defend","animator:Cocytus","animator:Demiurge","animator:Tatsumaki","Doubt","animator:RoryMercury","animator:Entoma","animator:PandorasActor"],"relics":["animator:LivingPicture","animator:TheMissingPiece","animator:PurgingStone","Golden Idol"],"acts_visited":["Exordium"],"potions_floor_usage":[8],"damage_taken":[{"damage":13,"enemies":"Small Slimes","floor":1,"turns":3},{"damage":12,"enemies":"2 Louse","floor":4,"turns":3},{"damage":14,"enemies":"Cultist","floor":5,"turns":4},{"damage":18,"enemies":"Lots of Slimes","floor":7,"turns":2},{"damage":29,"enemies":"Gremlin Nob","floor":8,"turns":3}],"seed_played":"-3415007423150899219","potions_obtained":[{"floor":7,"key":"Explosive Potion"}],"is_trial":false,"path_per_floor":["M","?","?","M","M","R","M","E"],"character_chosen":"THE_ANIMATOR","items_purchased":[],"campfire_rested":1,"item_purchase_floors":[],"current_hp_per_floor":[47,47,32,20,6,24,7,0,0],"gold":603,"neow_bonus":"TWO_FIFTY_GOLD","is_daily":false,"chose_seed":false,"campfire_upgraded":0,"win_rate":0.0,"timestamp":1613175041,"path_taken":["M","?","?","M","M","R","M","E"],"items_purchased_type":[],"build_version":"2020-12-22","purchased_purges":0,"victory":false,"max_hp_per_floor":[60,60,60,60,60,60,61,61,61],"relic_stats":{"counters":[5,15],"Golden Idol":12,"obtain_stats":[{"animator:PurgingStone":0,"Golden Idol":3,"animator:TheMissingPiece":0,"animator:LivingPicture":0},{"animator:PurgingStone":0,"Golden Idol":1,"animator:TheMissingPiece":0,"animator:LivingPicture":0},{"animator:PurgingStone":0,"Golden Idol":3,"animator:TheMissingPiece":0,"animator:LivingPicture":0}]},"card_choices":[{"not_picked":["animator:YaoHaDucy","animator:Evileye"],"picked":"animator:Tatsumaki","floor":1},{"not_picked":["animator:Togame","animator:Benimaru"],"picked":"animator:RoryMercury","floor":4},{"not_picked":["animator:Alexander","animator:Hakurou"],"picked":"animator:Entoma","floor":5},{"not_picked":["animator:Demiurge","animator:Entoma"],"picked":"animator:PandorasActor","floor":7}],"player_experience":67928,"relics_obtained":[],"event_choices":[{"damage_healed":0,"gold_gain":175,"player_choice":"AGREE","damage_taken":359,"max_hp_gain":0,"max_hp_loss":0,"event_name":"betterThird:BetterSerpent","floor":2,"gold_loss":0},{"damage_healed":0,"gold_gain":0,"player_choice":"Take Damage","damage_taken":15,"relics_obtained":["Golden Idol"],"max_hp_gain":0,"max_hp_loss":0,"event_name":"Golden Idol","floor":3,"gold_loss":0}],"is_beta":false,"boss_relics":[],"items_purged_floors":[],"is_endless":false,"potions_floor_spawned":[7],"killed_by":"Gremlin Nob","ascension_level":0}}