{"host":"bvp2uifzy1c463d9","time":1613243586,"event":{"mods":["AchievementEnabler","BaseMod","Better Note","Block Reminder","Bossed Relics","ChefMod","Colored Map","Colored Powertips","Energized Spire","Hermit","Highlight Path","Hubris","Infinite Spire","Minty Spire (QoL Compilation)","Random Character Button","Relic Sorter","Relic Stats","Reliquary","Replay The Spire","Robot Space Explorer","StSLib","The Blue Laboratory","The Jungle","The Servant 0.9.4","Wandering Minibosses"],"gold_per_floor":[117,130,149,170,180,208,208,208,208,227,227,227,93,104,104,206,156,166,166,166],"floor_reached":19,"language":"ENG","playtime":882,"items_purged":["hermit:Strike_Hermit"],"score":186,"play_id":"5306375e-d6aa-48cf-a5b1-7a203b5d1dc5","local_time":"20210213131306","is_ascension_mode":true,"campfire_choices":[{"data":"hermit:Grudge","floor":8,"key":"SMITH"},{"data":"hermit:Dive","floor":12,"key":"SMITH"},{"floor":15,"key":"REST"}],"circlet_count":0,"master_deck":["hermit:Strike_Hermit","hermit:Strike_Hermit","hermit:Strike_Hermit","hermit:Defend_Hermit","hermit:Defend_Hermit","hermit:Defend_Hermit","hermit:Defend_Hermit","hermit:Snapshot","hermit:Covet","hermit:Grudge+1","hermit:Quickdraw","hermit:WideOpen","Parasite","hermit:HoleUp","hermit:Misfire","hermit:DeadMansHand","hubris:Compulsion","hermit:Determination","hermit:SprayPray","hermit:Misfire","hermit:FatalDesire","hermit:Strike_Hermit","hermit:TrackingShot","hermit:Gestalt+1"],"relics":["hermit:Momento","ReplayTheSpireMod:CursedCoin","Boot","NlothsMask","Ring of Fangs","Ring of Searing","energizedSpire:HugeHouse"],"acts_visited":["Exordium","TheCity"],"potions_floor_usage":[16,18,19],"damage_taken":[{"damage":1,"enemies":"Cultist","floor":1,"turns":3},{"damage":7,"enemies":"Small Slimes","floor":2,"turns":3},{"damage":4,"enemies":"Jaw Worm","floor":3,"turns":2},{"damage":1,"enemies":"Large Slime","floor":5,"turns":6},{"damage":43,"enemies":"Lagavulin","floor":6,"turns":8},{"damage":0,"enemies":"Exordium Wildlife","floor":10,"turns":3},{"damage":3,"enemies":"Looter","floor":14,"turns":2},{"damage":39,"enemies":"The Guardian","floor":16,"turns":8},{"damage":40,"enemies":"3 Byrds","floor":18,"turns":7},{"damage":46,"enemies":"Masked Bandits","floor":19,"turns":4}],"seed_played":"2750432672310925055","potions_obtained":[{"floor":2,"key":"FearPotion"},{"floor":3,"key":"blueLaboratory:StoneskinPotion"},{"floor":10,"key":"AttackPotion"},{"floor":18,"key":"blueLaboratory:LouseDecoction"}],"is_trial":false,"path_per_floor":["M","M","M","$","M","E","?","R","T","M","?","R","$","M","R","B",null,"M","?"],"character_chosen":"HERMIT","items_purchased":["ReplayTheSpireMod:CursedCoin","hermit:HoleUp","hermit:Determination","hermit:SprayPray"],"campfire_rested":1,"item_purchase_floors":[4,4,13,13],"current_hp_per_floor":[81,74,70,70,69,26,26,26,26,26,26,26,26,23,47,8,77,37,0,0],"gold":166,"neow_bonus":"TEN_PERCENT_HP_BONUS","is_daily":false,"chose_seed":false,"campfire_upgraded":2,"win_rate":0.0,"timestamp":1613243586,"path_taken":["M","M","M","$","?","E","?","R","T","?","?","R","$","M","R","BOSS","M","?"],"items_purchased_type":["Relic","Card","Card","Card"],"build_version":"2020-12-22","purchased_purges":1,"victory":false,"max_hp_per_floor":[82,82,82,82,82,82,82,82,82,82,82,82,82,82,82,82,77,77,77,77],"relic_stats":{"counters":[10,46],"Boot":[96],"obtain_stats":[{"Ring of Fangs":11,"ReplayTheSpireMod:CursedCoin":4,"energizedSpire:HugeHouse":17,"Boot":6,"hermit:Momento":0,"NlothsMask":7,"Ring of Searing":11},{"Ring of Fangs":6,"ReplayTheSpireMod:CursedCoin":3,"energizedSpire:HugeHouse":8,"Boot":5,"hermit:Momento":0,"NlothsMask":5,"Ring of Searing":6},{"Ring of Fangs":25,"ReplayTheSpireMod:CursedCoin":8,"energizedSpire:HugeHouse":35,"Boot":22,"hermit:Momento":0,"NlothsMask":22,"Ring of Searing":25}]},"card_choices":[{"not_picked":["hermit:Virtue","hermit:BodyArmor"],"picked":"hermit:Grudge","floor":1},{"not_picked":["hermit:Shortfuse","hermit:Snipe"],"picked":"hermit:Quickdraw","floor":2},{"not_picked":["hermit:HighCaliber","hermit:NoHoldsBarred"],"picked":"hermit:WideOpen","floor":3},{"not_picked":["hermit:Snipe","hermit:Showdown"],"picked":"hermit:Misfire","floor":5},{"not_picked":["hermit:Quickdraw","hermit:Vantage"],"picked":"hermit:DeadMansHand","floor":6},{"not_picked":["hermit:EyeOfTheStorm","hermit:NoHoldsBarred"],"picked":"hermit:Dive","floor":10},{"not_picked":["hermit:LowProfile","hermit:PistolWhip"],"picked":"hermit:Misfire","floor":14},{"not_picked":["hermit:Roughhouse","hermit:Purgatory"],"picked":"hermit:FatalDesire","floor":16},{"not_picked":["hermit:WideOpen","hermit:Quickdraw"],"picked":"hermit:Gestalt+1","floor":18}],"player_experience":339441,"relics_obtained":[{"floor":6,"key":"Boot"},{"floor":11,"key":"Ring of Fangs"},{"floor":11,"key":"Ring of Searing"}],"event_choices":[{"damage_healed":0,"gold_gain":0,"player_choice":"Trade","damage_taken":0,"relics_obtained":["NlothsMask"],"max_hp_gain":0,"max_hp_loss":0,"event_name":"FaceTrader","floor":7,"gold_loss":0},{"damage_healed":0,"gold_gain":0,"player_choice":"Fought Bandits","damage_taken":0,"max_hp_gain":0,"max_hp_loss":0,"event_name":"Masked Bandits","floor":19,"gold_loss":0}],"is_beta":false,"boss_relics":[{"not_picked":["energizedSpire:EnergizedDie","Snecko Eye"],"picked":"energizedSpire:HugeHouse"}],"items_purged_floors":[4],"is_endless":false,"potions_floor_spawned":[2,3,10,18],"killed_by":"Masked Bandits","ascension_level":2}}