{"host":"dh4nu8nelr2izibb","time":1613259289,"event":{"mods":["BaseMod","Better Skull","Better Third Choice","Card Filter","Card Forge","Curses Come First","Displayed Cursed Tome","HololiveMod","Marisa????????","Minty Spire (QoL Compilation)","Poor People Problems","Quick Restart","Relic Filter","Reliquary","StSLib","The Servant 0.9.4","WarShipGirlsR/????R mod","Yakumo Yukari mod"],"gold_per_floor":[114,114,134,134,147,147,163,175,223,223,15,30,30,63,63,138,138,151,201,216,229,229,229],"floor_reached":22,"language":"ENG","playtime":1387,"items_purged":[],"score":526,"play_id":"f0fb12e8-d3cd-4bbf-9a5f-12d1f1071b65","local_time":"20210213183449","is_ascension_mode":true,"campfire_choices":[{"data":"Dagger Spray","floor":6.0,"key":"SMITH"},{"data":"Flying Knee","floor":10.0,"key":"SMITH"},{"data":"Envenom","floor":13.0,"key":"SMITH"},{"data":"Underhanded Strike","floor":15.0,"key":"SMITH"}],"circlet_count":0,"master_deck":["AscendersBane","Strike_G","Strike_G","Defend_G","Defend_G","Defend_G","Defend_G","Survivor","Neutralize+1","Outmaneuver","Dagger Spray+1","Acrobatics","Dagger Throw","Flying Knee+1","Dash","Adrenaline","Backstab","Envenom+1","Underhanded Strike+1","Dagger Throw","Acrobatics","Underhanded Strike","Bullet Time","Catalyst","Cloak And Dagger","Blade Dance"],"relics":["Ring of the Snake","Hammer of Thor","Seething Fire","Anvil of the Gods","reliquary:Knoch","Orrery","Strawberry","Empty Cage"],"acts_visited":["Exordium","TheCity"],"potions_floor_usage":[],"damage_taken":[{"damage":0.0,"enemies":"2 Louse","floor":1.0,"turns":3.0},{"damage":7.0,"enemies":"Jaw Worm","floor":3.0,"turns":6.0},{"damage":0.0,"enemies":"Cultist","floor":5.0,"turns":3.0},{"damage":4.0,"enemies":"Large Slime","floor":7.0,"turns":4.0},{"damage":20.0,"enemies":"Exordium Thugs","floor":8.0,"turns":4.0},{"damage":0.0,"enemies":"3 Louse","floor":12.0,"turns":1.0},{"damage":0.0,"enemies":"Gremlin Nob","floor":14.0,"turns":3.0},{"damage":0.0,"enemies":"Slime Boss","floor":16.0,"turns":7.0},{"damage":0.0,"enemies":"Chosen","floor":18.0,"turns":3.0},{"damage":13.0,"enemies":"Shell Parasite","floor":20.0,"turns":4.0},{"damage":36,"enemies":"Sentry and Sphere","floor":21,"turns":6},{"damage":21,"enemies":"Centurion and Healer","floor":22,"turns":4}],"seed_played":"2941869937238456903","potions_obtained":[{"floor":3.0,"key":"Explosive Potion"},{"floor":5.0,"key":"FearPotion"},{"floor":8.0,"key":"LiquidMemories"},{"floor":14.0,"key":"Strength Potion"},{"floor":16.0,"key":"Dexterity Potion"}],"is_trial":false,"path_per_floor":["M","?","M","?","M","R","M","M","T","R","$","M","R","E","R","B",null,"M","?","M","M","M"],"character_chosen":"THE_SILENT","items_purchased":["Dash","Orrery"],"campfire_rested":0,"item_purchase_floors":[11,11],"current_hp_per_floor":[65,65,58,58,58,58,54,34,34,34,34,34,34,41,41,41,70,70,70,57,21,0,0],"gold":229,"neow_bonus":"TEN_PERCENT_HP_BONUS","is_daily":false,"chose_seed":false,"campfire_upgraded":4,"win_rate":0.0,"timestamp":1613259289,"path_taken":["M","?","M","?","M","R","M","M","T","R","$","M","R","E","R","BOSS","M","?","M","M","M"],"items_purchased_type":["Card","Relic"],"build_version":"2020-12-22","purchased_purges":0,"victory":false,"max_hp_per_floor":[72,72,72,72,72,72,72,72,72,72,72,72,72,79,79,79,79,79,79,79,79,79,79],"card_choices":[{"not_picked":["Dodge and Roll","Escape Plan"],"picked":"Outmaneuver","floor":1.0},{"not_picked":["Sucker Punch","Eviscerate"],"picked":"Dagger Spray","floor":3.0},{"not_picked":["Caltrops","Dodge and Roll"],"picked":"Acrobatics","floor":5.0},{"not_picked":["Acrobatics","Slice"],"picked":"Dagger Throw","floor":7.0},{"not_picked":["Flechettes","Sucker Punch"],"picked":"Flying Knee","floor":8.0},{"not_picked":["Poisoned Stab","Quick Slash"],"picked":"Adrenaline","floor":11.0},{"not_picked":["Poisoned Stab","Crippling Poison"],"picked":"Backstab","floor":11.0},{"not_picked":["Slice","Dagger Throw"],"picked":"Envenom","floor":11.0},{"not_picked":["Quick Slash","Dagger Throw"],"picked":"Underhanded Strike","floor":11.0},{"not_picked":["Bouncing Flask","PiercingWail"],"picked":"Dagger Throw","floor":11.0},{"not_picked":["Dodge and Roll","Flying Knee"],"picked":"Acrobatics","floor":12.0},{"not_picked":["Backstab","Expertise"],"picked":"Underhanded Strike","floor":14.0},{"not_picked":["Glass Knife","Envenom"],"picked":"Bullet Time","floor":16.0},{"not_picked":["Accuracy","Well Laid Plans"],"picked":"Catalyst","floor":18.0},{"not_picked":["Flechettes","Underhanded Strike"],"picked":"Cloak And Dagger","floor":20.0},{"not_picked":["Acrobatics","Poisoned Stab+1"],"picked":"Blade Dance","floor":21}],"player_experience":1180157,"relics_obtained":[{"floor":9.0,"key":"reliquary:Knoch"},{"floor":14.0,"key":"Strawberry"}],"event_choices":[{"damage_healed":0.0,"max_hp_gain":0.0,"max_hp_loss":0.0,"gold_gain":0.0,"event_name":"The Cleric","player_choice":"Leave","floor":2.0,"gold_loss":0.0,"damage_taken":0.0},{"damage_healed":0.0,"max_hp_gain":0.0,"max_hp_loss":0.0,"gold_gain":0.0,"event_name":"betterThird:BetterSerpent","player_choice":"Ignored","floor":4.0,"gold_loss":0.0,"damage_taken":134.0},{"damage_healed":0.0,"max_hp_gain":0.0,"max_hp_loss":0.0,"gold_gain":50.0,"event_name":"betterThird:BetterNest","player_choice":"Steal","floor":19.0,"gold_loss":0.0,"damage_taken":0.0}],"is_beta":false,"boss_relics":[{"not_picked":["Coffee Dripper","WristBlade"],"picked":"Empty Cage"}],"items_purged_floors":[],"is_endless":false,"potions_floor_spawned":[3,5,8,14,16,21],"killed_by":"Centurion and Healer","ascension_level":20}}