{"host":"t9zjxed0utvsfjwc","time":1613197994,"event":{"mods":["2.2 Compatiblity","Aspiration","BaseMod","Better Altar","Better Match","Better Note","Better Sensory Stone","Better Skull","Better Third Choice","Block Reminder","Colored Map","Colored Powertips","Custom Start","Downfall","Hermit","Highlight Path","Hubris","Infinite Spire","Marisa????????","Minty Spire (QoL Compilation)","Quick Restart","Rare Cards Sparkle","Reliquary","Replay The Spire","StSLib","The Cursed","The Marked","The Runesmith","Unceasing Turn Reminder","everything is the same but u backflip on backflip"],"gold_per_floor":[116,41,41,41,23,56,74,109,109,132,212,232,32,52,52,173,173,194,194,50,69,87,122,145,189,212,212,212,226,226,296,296,420,420,443,42,63,63,84,84,109,194,221,241,241,241,291,291],"floor_reached":47,"language":"ENG","playtime":2038,"items_purged":["theMarked:Defend","theMarked:Defend","theMarked:Defend","theMarked:Strike"],"score":582,"play_id":"623e05af-474a-4fc0-bbed-7e222eb79c70","local_time":"20210213063314","is_ascension_mode":false,"campfire_choices":[{"data":"theMarked:WardOff","floor":15,"key":"SMITH"},{"data":"theMarked:WardOff","floor":30,"key":"SMITH"},{"data":"theMarked:Memento","floor":32,"key":"SMITH"},{"data":"theMarked:SoldierOfQuellstein","floor":40,"key":"SMITH"},{"floor":46,"key":"REST"}],"circlet_count":0,"master_deck":["theMarked:Strike","theMarked:Strike+1","theMarked:Strike+1","theMarked:SoldierOfQuellstein+1","theMarked:WardOff+1","theMarked:WardOff+1","theMarked:Memento+1","theMarked:MysticalArsenal+1","AscendersBane","theMarked:WardOff+1","Replay:Fractal Strike"],"relics":["theMarked:ArtifactOfAir","Golden Idol","hubris:Icosahedron","Ancient Tea Set","Durian","bronze:DecasWashers","Happy Flower","Busted Crown","hubris:SlimyHat","PreservedInsect","Strawberry","MealTicket","hubris:RunicObelisk","Replay:Wax Seal","Letter Opener","hubris:Backtick","Ice Cream","Whetstone","hubris:MobiusCoin","Replay:Wax Seal","reliquary:Boomerang","Frozen Eye"],"acts_visited":["Exordium","TheCity","TheBeyond"],"potions_floor_usage":[8,8,13,14,16,22,22,23,25,25,47,47,47],"damage_taken":[{"damage":5,"enemies":"Small Slimes","floor":1,"turns":4},{"damage":1,"enemies":"Jaw Worm","floor":5,"turns":3},{"damage":6,"enemies":"Lagavulin","floor":6,"turns":7},{"damage":0,"enemies":"2 Louse","floor":7,"turns":4},{"damage":7,"enemies":"Gremlin Nob","floor":8,"turns":4},{"damage":6,"enemies":"Large Slime","floor":10,"turns":5},{"damage":17,"enemies":"Lagavulin Event","floor":11,"turns":8},{"damage":0,"enemies":"Red Slaver","floor":12,"turns":4},{"damage":0,"enemies":"Blue Slaver","floor":14,"turns":4},{"damage":30,"enemies":"Slime Boss","floor":16,"turns":9},{"damage":3,"enemies":"2 Thieves","floor":18,"turns":4},{"damage":0,"enemies":"3 Byrds","floor":21,"turns":4},{"damage":0,"enemies":"Shelled Parasite and Fungi","floor":22,"turns":3},{"damage":0,"enemies":"Gremlin Leader","floor":23,"turns":5},{"damage":0,"enemies":"Chosen and Byrds","floor":24,"turns":5},{"damage":4,"enemies":"Book of Stabbing","floor":25,"turns":4},{"damage":0,"enemies":"3 Cultists","floor":29,"turns":3},{"damage":37,"enemies":"Collector","floor":33,"turns":6},{"damage":0,"enemies":"3 Darklings","floor":35,"turns":4},{"damage":0,"enemies":"Orb Walker","floor":37,"turns":2},{"damage":16,"enemies":"Transient","floor":39,"turns":5},{"damage":0,"enemies":"Writhing Mass","floor":41,"turns":3},{"damage":49,"enemies":"Reptomancer","floor":42,"turns":3},{"damage":0,"enemies":"Sphere and 2 Shapes","floor":44,"turns":3},{"damage":0,"enemies":"infinitespire:Three Voidlings","floor":47,"turns":2},{"damage":50,"enemies":"Nightmare_Alpha","floor":47,"turns":7}],"seed_played":"-2564686354794154878","potions_obtained":[{"floor":6,"key":"theMarked:ChargePotion"},{"floor":7,"key":"hexamod:SoulburnPotion"},{"floor":8,"key":"sneckomod:MuddlingPotion"},{"floor":12,"key":"AttackPotion"},{"floor":14,"key":"Swift Potion"},{"floor":16,"key":"ColorlessPotion"},{"floor":21,"key":"Toxic Potion"},{"floor":22,"key":"infinitespire:BlackPotion"},{"floor":23,"key":"Swift Potion"},{"floor":25,"key":"Strength Potion"},{"floor":37,"key":"Energy Potion"},{"floor":39,"key":"theMarked:ChargePotion"}],"is_trial":false,"path_per_floor":["M","$","?","?","M","E","M","E","T","M","?","M","$","M","R","B",null,"M","?","$","M","M","E","M","E","T","?","AVR","M","R","T","R","B",null,"M","$","M","?","M","R","M","E","T","M","AVR","R","?"],"character_chosen":"THE_DEFAULT","items_purchased":["Fruit Juice","hubris:SlimyHat","Whetstone","hubris:MobiusCoin"],"campfire_rested":1,"item_purchase_floors":[13,20,36,36],"current_hp_per_floor":[65,65,48,48,47,41,41,39,39,33,16,16,21,21,21,50,80,77,77,77,77,77,77,77,80,80,80,80,80,80,80,80,43,87,87,87,87,87,71,71,71,22,22,22,22,48,0,0],"gold":291,"neow_bonus":"RANDOM_EVENT","is_daily":false,"chose_seed":false,"campfire_upgraded":4,"win_rate":0.0,"timestamp":1613197994,"path_taken":["M","$","?","?","M","E","M","E","T","M","?","M","?","M","R","BOSS","M","?","$","M","M","E","M","E","T","?","AVR","M","R","?","R","BOSS","M","$","M","?","M","R","M","E","T","M","AVR","R","?"],"items_purchased_type":["Potion","Relic","Relic","Relic"],"build_version":"2020-12-22","purchased_purges":4,"victory":false,"max_hp_per_floor":[70,70,70,70,70,70,70,75,75,75,75,75,80,80,80,80,80,80,80,80,80,80,80,80,87,87,87,87,87,87,87,87,87,87,87,87,87,87,87,87,87,87,87,87,87,87,87,87],"card_choices":[{"not_picked":["theMarked:Standoff","theMarked:ChainLightning"],"picked":"theMarked:WardOff","floor":1},{"not_picked":["theMarked:ShockingTouch","theMarked:Aftermath"],"picked":"theMarked:WardOff","floor":5},{"not_picked":["theMarked:HeightenedSenses","theMarked:TunnelVision"],"picked":"theMarked:Memento","floor":6},{"not_picked":["theMarked:ResourceFulStrike","theMarked:ParalyzingBlade","theMarked:ElectricStrings"],"picked":"SKIP","floor":7},{"not_picked":["theMarked:Standoff","theMarked:AttractMetal","theMarked:MagusForm"],"picked":"SKIP","floor":8},{"not_picked":["theMarked:ChainLightning","theMarked:CreepingChasm","theMarked:ElectricStrings"],"picked":"SKIP","floor":10},{"not_picked":["theMarked:OneWithTheBlade","theMarked:Standoff","theMarked:EmpowerWeapon"],"picked":"SKIP","floor":12},{"not_picked":["theMarked:TheMission","theMarked:TwofoldDefense","theMarked:Standoff"],"picked":"SKIP","floor":14},{"not_picked":[],"picked":"theMarked:MysticalArsenal+1","floor":18},{"not_picked":["theMarked:ChainLightning+1"],"picked":"SKIP","floor":21},{"not_picked":["theMarked:ElectricStrings"],"picked":"SKIP","floor":22},{"not_picked":["theMarked:TwofoldDefense"],"picked":"SKIP","floor":23},{"not_picked":["theMarked:Aftermath"],"picked":"SKIP","floor":24},{"not_picked":["theMarked:Polarize"],"picked":"SKIP","floor":25},{"not_picked":["theMarked:Parkour"],"picked":"SKIP","floor":29},{"not_picked":["theMarked:OneWithTheBlade+1"],"picked":"SKIP","floor":35},{"not_picked":["theMarked:Improvise+1"],"picked":"SKIP","floor":37},{"not_picked":["theMarked:ChainLightning"],"picked":"SKIP","floor":39},{"not_picked":["theMarked:ChainLightning"],"picked":"SKIP","floor":41},{"not_picked":["theMarked:Frustration"],"picked":"SKIP","floor":42},{"not_picked":["theMarked:Electrify"],"picked":"SKIP","floor":44}],"player_experience":545770,"relics_obtained":[{"floor":6,"key":"Ancient Tea Set"},{"floor":8,"key":"Durian"},{"floor":9,"key":"bronze:DecasWashers"},{"floor":11,"key":"Happy Flower"},{"floor":23,"key":"PreservedInsect"},{"floor":25,"key":"Strawberry"},{"floor":26,"key":"MealTicket"},{"floor":31,"key":"Letter Opener"},{"floor":42,"key":"Replay:Wax Seal"},{"floor":43,"key":"reliquary:Boomerang"}],"event_choices":[{"damage_healed":0,"gold_gain":0,"player_choice":"Take Damage","damage_taken":17,"relics_obtained":["Golden Idol"],"max_hp_gain":0,"max_hp_loss":0,"event_name":"Golden Idol","floor":3,"gold_loss":0},{"damage_healed":0,"gold_gain":0,"player_choice":"Searched \u00271\u0027 times","damage_taken":0,"max_hp_gain":0,"max_hp_loss":0,"event_name":"Dead Adventurer","floor":11,"gold_loss":0},{"cards_removed":["theMarked:Defend"],"damage_healed":0,"gold_gain":0,"player_choice":"Purged","damage_taken":0,"max_hp_gain":0,"max_hp_loss":0,"event_name":"Purifier","floor":19,"gold_loss":0},{"cards_removed":["theMarked:MysticalArsenal"],"damage_healed":0,"gold_gain":0,"player_choice":"Give","damage_taken":0,"max_hp_gain":0,"max_hp_loss":0,"event_name":"betterNote:BetterNote","floor":27,"gold_loss":0,"cards_obtained":["None"]},{"damage_healed":0,"gold_gain":3,"player_choice":"3","damage_taken":0,"max_hp_gain":0,"max_hp_loss":0,"event_name":"betterStone:BetterStone","floor":38,"gold_loss":0,"cards_obtained":["theMarked:WardOff"]}],"is_beta":false,"boss_relics":[{"not_picked":["aspiration:DefectSkillbook","hubris:HollowSoul"],"picked":"Busted Crown"},{"not_picked":["Honey Jar","Ring of Chaos"],"picked":"hubris:Backtick"}],"items_purged_floors":[2,13,28,45],"is_endless":false,"potions_floor_spawned":[6,7,8,12,14,16,21,22,23,25,37,39,41,47],"killed_by":"Nightmare_Alpha","ascension_level":0}}