{"host":"l8j2eaviddq1qvzn","time":1613232871,"event":{"mods":["BaseMod","Curses Come First","Downfall","Evolution","Filter the Spire","Fox Events","Infinite Spire","Minty Spire (QoL Compilation)","Practice Mode","Reliquary","Replay The Spire","Shop Mod","StS++","StSLib","Wide Potions"],"gold_per_floor":[99,114,114,114,129,0,0,0,15,45,60,60,75,90,105,205,205,205,220,220,43,28,43,93,93,93,123,123,123,138,153,168,268,318,318,318,333,348,348,348],"floor_reached":39,"language":"ENG","playtime":3447,"items_purged":[],"score":453,"play_id":"6aafa857-69b1-424b-96d0-784c2a74a32a","local_time":"20210213171431","is_ascension_mode":false,"campfire_choices":[{"floor":1,"key":"RECALL"},{"data":"Defragment","floor":18,"key":"SMITH"},{"floor":25,"key":"REST"},{"floor":29,"key":"REST"}],"circlet_count":0,"master_deck":["Strike_B","Defend_B","Defend_B","Defend_B","Defend_B","Zap","Dualcast+1","infinitespire:Starlight+1","Compile Driver","Stack","Defragment+1","FTL","Cold Snap","Gash","Hologram","White Noise","Rainbow","Double Energy","Hologram","ReplayTheSpireMod:Omega Cannon","Beam Cell+1","Recycle+1","Sunder+1","Capacitor+1","Crystallizer","Mayhem","Melter","RitualDagger","Genetic Algorithm","infinitespire:Execution+1","ReplayTheSpireMod:Book of Names","Defragment+1","StSpp:Igniter","Loop+1","Seek","Capacitor","Static Discharge+1","StSpp:Pointer+1"],"relics":["Cracked Core","EVO:Axolotl","Geode","Lizard Tail","Nloth\u0027s Gift","reliquary:TuningFork","reliquary:PartyBalloon","expansioncontent:StudyCardRelic","infinitespire:Broken Mirror","Tiny House"],"acts_visited":["Exordium","TheCity","TheBeyond"],"potions_floor_usage":[10,22,22,31,32,33,39,39,39],"damage_taken":[{"damage":0,"enemies":"2 Louse","floor":2,"turns":3},{"damage":10,"enemies":"Jaw Worm","floor":5,"turns":4},{"damage":5,"enemies":"downfall:FleeingMerchant","floor":6,"turns":4},{"damage":10,"enemies":"downfall:FleeingMerchant","floor":8,"turns":4},{"damage":2,"enemies":"Small Slimes","floor":9,"turns":3},{"damage":6,"enemies":"3 Sentries","floor":10,"turns":8},{"damage":17,"enemies":"Exordium Thugs","floor":11,"turns":6},{"damage":5,"enemies":"Blue Slaver","floor":13,"turns":3},{"damage":12,"enemies":"Large Slime","floor":14,"turns":5},{"damage":7,"enemies":"Red Slaver","floor":15,"turns":3},{"damage":71,"enemies":"WA_ARCHETYPE_RETAIN","floor":16,"turns":11},{"damage":13,"enemies":"downfall:LooterAlt2","floor":19,"turns":3},{"damage":11,"enemies":"downfall:FleeingMerchant","floor":21,"turns":4},{"damage":23,"enemies":"downfall:FleeingMerchant","floor":22,"turns":4},{"damage":13,"enemies":"Spheric Guardian","floor":23,"turns":4},{"damage":34,"enemies":"Book of Stabbing","floor":27,"turns":7},{"damage":16,"enemies":"Snake Plant","floor":30,"turns":3},{"damage":11,"enemies":"Snecko","floor":31,"turns":4},{"damage":10,"enemies":"Chosen and Byrds","floor":32,"turns":4},{"damage":32,"enemies":"IC_MUSHROOM_ARCHETYPE","floor":33,"turns":7},{"damage":73,"enemies":"3 Darklings","floor":37,"turns":5},{"damage":19,"enemies":"3 Shapes","floor":38,"turns":4},{"damage":72,"enemies":"Transient","floor":39,"turns":3}],"seed_played":"-5873304369338351374","potions_obtained":[{"floor":2,"key":"Explosive Potion"},{"floor":9,"key":"Adrenaline Potion"},{"floor":10,"key":"Adrenaline Potion"},{"floor":16,"key":"GamblersBrew"},{"floor":30,"key":"Adrenaline Potion"},{"floor":31,"key":"ColorlessPotion"},{"floor":32,"key":"Elixir"},{"floor":34,"key":"EssenceOfDarkness"},{"floor":37,"key":"Swift Potion"}],"is_trial":false,"path_per_floor":["R","M","?","?","M","$","T","$","M","E","M","?","M","M","M","B",null,"R","M","?","$","$","M","T","R","?","E","AVR","R","M","M","M","B",null,"R","?","M","M","M"],"character_chosen":"DEFECT","items_purchased":["Defragment","FTL","Mayhem"],"campfire_rested":2,"item_purchase_floors":[6,6,21],"current_hp_per_floor":[75,75,75,56,56,61,61,61,69,72,65,65,70,68,71,20,75,75,62,62,61,48,45,45,67,61,37,37,59,43,32,32,10,80,80,80,22,3,0,0],"gold":348,"neow_bonus":"","is_daily":true,"chose_seed":false,"campfire_upgraded":1,"win_rate":0.0,"timestamp":1613232871,"path_taken":["R","M","?","?","M","?","T","$","M","E","M","?","M","M","M","BOSS","R","M","?","?","$","M","T","R","?","E","AVR","R","M","M","M","BOSS","R","?","?","M","M"],"items_purchased_type":["Card","Card","Card"],"build_version":"2020-12-22","purchased_purges":0,"victory":false,"max_hp_per_floor":[75,75,75,75,75,75,75,75,75,75,75,75,75,75,75,75,75,75,75,75,75,75,75,75,75,75,75,75,75,75,75,75,75,80,80,80,80,80,80,80],"card_choices":[{"not_picked":["Rebound","Hologram"],"picked":"Chaos","floor":2},{"not_picked":["infinitespire:FinalStrike","infinitespire:SealOfDarkness+"],"picked":"infinitespire:Starlight","floor":4},{"not_picked":["Redo","StSpp:Pointer"],"picked":"Compile Driver","floor":5},{"not_picked":["Barrage","FTL"],"picked":"Stack","floor":6},{"not_picked":["Streamline","Beam Cell"],"picked":"Cold Snap","floor":8},{"not_picked":["Lockon","Redo"],"picked":"Gash","floor":9},{"not_picked":["Barrage","ReplayTheSpireMod:GoodbyeWorld"],"picked":"Hologram","floor":10},{"not_picked":["Sweeping Beam","StSpp:Pointer"],"picked":"White Noise","floor":11},{"not_picked":["Static Discharge","Ball Lightning"],"picked":"Rainbow","floor":13},{"not_picked":["Turbo","Blizzard"],"picked":"Double Energy","floor":14},{"not_picked":["StSpp:Fierceness","Consume"],"picked":"Hologram","floor":15},{"not_picked":["Buffer","Biased Cognition"],"picked":"ReplayTheSpireMod:Omega Cannon","floor":16},{"not_picked":["Rebound","Lockon"],"picked":"Capacitor","floor":19},{"not_picked":["Cold Snap","Ball Lightning"],"picked":"Crystallizer","floor":21},{"not_picked":["Steam+1","Cold Snap","Coolheaded"],"picked":"SKIP","floor":22},{"not_picked":["ReplayTheSpireMod:GoodbyeWorld","StSpp:Converter"],"picked":"Melter","floor":23},{"not_picked":["Rip and Tear+1","Gash"],"picked":"Genetic Algorithm","floor":27},{"not_picked":["Steam Power","Melter"],"picked":"Defragment+1","floor":30},{"not_picked":["Turbo","Barrage"],"picked":"StSpp:Igniter","floor":31},{"not_picked":["StSpp:Mask","Electrodynamics"],"picked":"Loop+1","floor":32},{"not_picked":["Reboot","StSpp:Converter"],"picked":"Seek","floor":33},{"not_picked":["Turbo","Rebound"],"picked":"Capacitor","floor":34},{"not_picked":["Sweeping Beam","Ball Lightning"],"picked":"Static Discharge+1","floor":37},{"not_picked":["Buffer","Skim+1"],"picked":"StSpp:Pointer+1","floor":38}],"player_experience":66606,"relics_obtained":[{"floor":7,"key":"Geode"},{"floor":10,"key":"Lizard Tail"},{"floor":24,"key":"reliquary:TuningFork"},{"floor":27,"key":"reliquary:PartyBalloon"}],"event_choices":[{"damage_healed":0,"gold_gain":0,"player_choice":"Forge","damage_taken":0,"max_hp_gain":0,"max_hp_loss":0,"event_name":"Accursed Blacksmith","floor":36,"gold_loss":0,"cards_upgraded":["infinitespire:Starlight"]}],"is_beta":false,"boss_relics":[{"not_picked":["reliquary:Ember","bronze:MakeshiftBattery"],"picked":"Astrolabe"},{"not_picked":["reliquary:KinkedSpring","StSpp:FireArrow"],"picked":"Tiny House"}],"items_purged_floors":[],"is_endless":false,"potions_floor_spawned":[2,9,10,16,30,31,32,37],"killed_by":"Transient","ascension_level":0}}