{"host":"04hh9gplt9wkfmr1","time":1613204734,"event":{"mods":["AchievementEnabler","BaseMod","Colored Map","KOR Keyword Fix","Minty Spire (QoL Compilation)","Rare Cards Sparkle","SuperFastMode"],"gold_per_floor":[10,23,42,42,42,83,83,118,169,169,119,132,132,146,146,269,269,284,318,243,243,23,23,52,71,71,104,104,104,120,130,130,231,231,247,247,247,261,281,281,312,312,312,534,534,534,554,574,574,574,574],"floor_reached":50,"language":"KOR","playtime":1585,"items_purged":["Defend_P"],"score":649,"play_id":"715c34d7-e44a-4783-bf50-328a56066520","local_time":"20210213172534","is_ascension_mode":true,"campfire_choices":[{"floor":7.0,"key":"REST"},{"floor":10.0,"key":"REST"},{"data":"Fasting2","floor":13.0,"key":"SMITH"},{"data":"Eruption","floor":15.0,"key":"SMITH"},{"data":"Prostrate","floor":23.0,"key":"SMITH"},{"floor":29.0,"key":"REST"},{"data":"Blasphemy","floor":32.0,"key":"SMITH"},{"data":"Bandage Up","floor":40.0,"key":"SMITH"},{"data":"Brilliance","floor":42.0,"key":"SMITH"},{"data":"Prostrate","floor":46.0,"key":"SMITH"},{"data":"Brilliance","floor":49.0,"key":"SMITH"}],"circlet_count":0,"master_deck":["Strike_P","Strike_P","Strike_P","Strike_P","Eruption+1","Vigilance","Protect","Prostrate+1","Fasting2+1","SandsOfTime","Brilliance+1","Fasting2+1","Protect+1","Pray","Ghostly","Ghostly","Ghostly","Ghostly","Ghostly","Blasphemy+1","Brilliance+1","ForeignInfluence+1","Bandage Up+1","Dark Shackles","Master of Strategy","Prostrate+1"],"relics":["PureWater","CaptainsWheel","Bloody Idol","Yang","PreservedInsect","Bronze Scales","SlaversCollar","Red Mask","Happy Flower","Shuriken","Bottled Flame","Art of War","Velvet Choker","Mummified Hand","Eternal Feather"],"acts_visited":["Exordium","TheCity","TheBeyond"],"potions_floor_usage":[50],"damage_taken":[{"damage":1.0,"enemies":"Small Slimes","floor":1.0,"turns":3.0},{"damage":0.0,"enemies":"Jaw Worm","floor":2.0,"turns":3.0},{"damage":1.0,"enemies":"2 Louse","floor":3.0,"turns":4.0},{"damage":20.0,"enemies":"3 Sentries","floor":6.0,"turns":9.0},{"damage":22.0,"enemies":"Lagavulin","floor":8.0,"turns":8.0},{"damage":5.0,"enemies":"Exordium Wildlife","floor":12.0,"turns":6.0},{"damage":2.0,"enemies":"Looter","floor":14.0,"turns":4.0},{"damage":21.0,"enemies":"The Guardian","floor":16.0,"turns":9.0},{"damage":6.0,"enemies":"Spheric Guardian","floor":18.0,"turns":3.0},{"damage":1.0,"enemies":"Masked Bandits","floor":19.0,"turns":4.0},{"damage":9.0,"enemies":"Book of Stabbing","floor":24.0,"turns":4.0},{"damage":19.0,"enemies":"2 Thieves","floor":25.0,"turns":3.0},{"damage":33.0,"enemies":"Slavers","floor":27.0,"turns":4.0},{"damage":8.0,"enemies":"Chosen and Byrds","floor":30.0,"turns":4.0},{"damage":1.0,"enemies":"Snecko","floor":31.0,"turns":4.0},{"damage":1.0,"enemies":"Champ","floor":33.0,"turns":7.0},{"damage":2.0,"enemies":"3 Shapes","floor":35.0,"turns":3.0},{"damage":1.0,"enemies":"3 Darklings","floor":38.0,"turns":3.0},{"damage":1.0,"enemies":"Maw","floor":39.0,"turns":7.0},{"damage":0.0,"enemies":"Reptomancer","floor":41.0,"turns":6.0},{"damage":1.0,"enemies":"Transient","floor":47.0,"turns":5.0},{"damage":4.0,"enemies":"4 Shapes","floor":48.0,"turns":5.0},{"damage":43,"enemies":"Time Eater","floor":50,"turns":4}],"seed_played":"3369043013124450834","potions_obtained":[{"floor":6.0,"key":"Fire Potion"},{"floor":8.0,"key":"BottledMiracle"},{"floor":14.0,"key":"PowerPotion"},{"floor":16.0,"key":"BottledMiracle"},{"floor":24.0,"key":"Dexterity Potion"},{"floor":31.0,"key":"BlessingOfTheForge"},{"floor":35.0,"key":"BlessingOfTheForge"},{"floor":47.0,"key":"Regen Potion"}],"is_trial":false,"path_per_floor":["M","M","M","?","?","E","R","E","T","R","?","M","R","M","R","B",null,"M","?","?","?","$","R","E","M","T","E","?","R","M","M","R","B",null,"M","?","?","M","M","R","E","R","T","?","?","R","M","M","R","B"],"character_chosen":"WATCHER","items_purchased":["Happy Flower"],"campfire_rested":3,"item_purchase_floors":[22],"current_hp_per_floor":[71,71,70,63,45,25,46,24,24,45,45,40,40,38,38,17,72,66,65,65,65,65,65,61,52,52,24,24,34,31,35,35,36,36,36,26,26,34,36,36,36,36,36,36,36,36,36,36,36,0,0],"gold":574,"neow_bonus":"ONE_RARE_RELIC","is_daily":false,"chose_seed":false,"campfire_upgraded":8,"win_rate":0.0,"timestamp":1613204734,"path_taken":["M","M","M","?","?","E","R","E","T","R","?","M","R","M","R","BOSS","M","?","?","?","$","R","E","M","T","E","?","R","M","M","R","BOSS","BOSS","M","?","?","M","?","R","E","R","T","?","?","R","?","M","R","BOSS"],"items_purchased_type":["Relic"],"build_version":"2020-12-22","purchased_purges":1,"victory":false,"max_hp_per_floor":[72,72,72,72,72,72,72,72,72,72,72,72,72,72,72,72,72,72,72,72,72,72,72,72,72,72,72,36,36,36,36,36,36,36,36,36,36,36,36,36,36,36,36,36,36,36,36,36,36,36,36],"card_choices":[{"not_picked":["BowlingBash","SashWhip"],"picked":"Protect","floor":1.0},{"not_picked":["FlurryOfBlows","SignatureMove","CrushJoints"],"picked":"SKIP","floor":2.0},{"not_picked":["Meditate","ClearTheMind"],"picked":"Prostrate","floor":3.0},{"not_picked":["Omniscience","Halt","PathToVictory"],"picked":"SKIP","floor":6.0},{"not_picked":["Halt","Prostrate"],"picked":"Fasting2","floor":8.0},{"not_picked":["SashWhip","BowlingBash"],"picked":"SandsOfTime","floor":12.0},{"not_picked":["SashWhip","ThirdEye","Evaluate"],"picked":"SKIP","floor":14.0},{"not_picked":["ConjureBlade","SpiritShield"],"picked":"Brilliance","floor":16.0},{"not_picked":["Sanctity","EmptyBody"],"picked":"Fasting2+1","floor":18.0},{"not_picked":["Conclude+1","EmptyFist"],"picked":"Protect+1","floor":24.0},{"not_picked":["WaveOfTheHand+1","CarveReality"],"picked":"Pray","floor":25.0},{"not_picked":["Tantrum","Fasting2","JustLucky+1"],"picked":"SKIP","floor":27.0},{"not_picked":["Consecrate+1","Evaluate+1"],"picked":"Blasphemy","floor":30.0},{"not_picked":["Indignation","ThirdEye+1","CutThroughFate"],"picked":"SKIP","floor":31.0},{"not_picked":["Ragnarok","DeusExMachina"],"picked":"Brilliance","floor":33.0},{"not_picked":["BowlingBash+1","InnerPeace"],"picked":"ForeignInfluence+1","floor":35.0},{"not_picked":["Deep Breath","Flash of Steel"],"picked":"Dramatic Entrance","floor":36.0},{"not_picked":["Deep Breath","Good Instincts"],"picked":"Bandage Up","floor":36.0},{"not_picked":["Mind Blast","Enlightenment"],"picked":"Dark Shackles","floor":36.0},{"not_picked":["EmptyBody","WreathOfFlame","FollowUp"],"picked":"SKIP","floor":38.0},{"not_picked":["Halt","SpiritShield"],"picked":"Prostrate","floor":39.0},{"not_picked":["TalkToTheHand+1","PathToVictory","Nirvana"],"picked":"SKIP","floor":41.0},{"not_picked":["Vengeance","Crescendo","CutThroughFate"],"picked":"SKIP","floor":47.0},{"not_picked":["ClearTheMind","ForeignInfluence","Adaptation"],"picked":"SKIP","floor":48.0}],"player_experience":153691,"relics_obtained":[{"floor":6.0,"key":"Yang"},{"floor":8.0,"key":"PreservedInsect"},{"floor":9.0,"key":"Bronze Scales"},{"floor":19.0,"key":"Red Mask"},{"floor":24.0,"key":"Shuriken"},{"floor":26.0,"key":"Bottled Flame"},{"floor":27.0,"key":"Art of War"},{"floor":41.0,"key":"Mummified Hand"},{"floor":43.0,"key":"Eternal Feather"}],"event_choices":[{"cards_removed":["Defend_P"],"damage_healed":0.0,"max_hp_gain":0.0,"max_hp_loss":0.0,"gold_gain":0.0,"event_name":"Golden Wing","player_choice":"Card Removal","floor":4.0,"gold_loss":0.0,"damage_taken":7.0},{"damage_healed":0.0,"max_hp_gain":0.0,"max_hp_loss":0.0,"gold_gain":0.0,"event_name":"Golden Idol","player_choice":"Take Damage","floor":5.0,"gold_loss":0.0,"damage_taken":18.0,"relics_obtained":["Golden Idol"]},{"cards_removed":["Defend_P"],"damage_healed":0.0,"max_hp_gain":0.0,"max_hp_loss":0.0,"gold_gain":0.0,"event_name":"The Cleric","player_choice":"Card Removal","floor":11.0,"gold_loss":50.0,"damage_taken":0.0},{"damage_healed":0.0,"max_hp_gain":0.0,"max_hp_loss":0.0,"gold_gain":0.0,"event_name":"Masked Bandits","player_choice":"Fought Bandits","floor":19.0,"gold_loss":0.0,"damage_taken":0.0},{"cards_removed":["Defend_P"],"damage_healed":0.0,"max_hp_gain":0.0,"max_hp_loss":0.0,"gold_gain":0.0,"event_name":"Beggar","player_choice":"Gave Gold","floor":20.0,"gold_loss":75.0,"damage_taken":0.0},{"damage_healed":0.0,"max_hp_gain":0.0,"max_hp_loss":0.0,"gold_gain":0.0,"event_name":"Forgotten Altar","player_choice":"Gave Idol","floor":21.0,"relics_lost":["Golden Idol"],"gold_loss":0.0,"damage_taken":0.0,"relics_obtained":["Bloody Idol"]},{"damage_healed":0.0,"max_hp_gain":0.0,"max_hp_loss":36.0,"gold_gain":0.0,"event_name":"Ghosts","player_choice":"Became a Ghost","floor":28.0,"gold_loss":0.0,"damage_taken":0.0,"cards_obtained":["Ghostly","Ghostly","Ghostly","Ghostly","Ghostly"]},{"damage_healed":0.0,"max_hp_gain":0.0,"max_hp_loss":0.0,"gold_gain":0.0,"event_name":"SensoryStone","player_choice":"Memory 3","floor":36.0,"gold_loss":0.0,"damage_taken":10.0},{"damage_healed":0.0,"max_hp_gain":0.0,"max_hp_loss":0.0,"gold_gain":0.0,"cards_transformed":["Dramatic Entrance"],"event_name":"Transmorgrifier","player_choice":"Transformed","floor":37.0,"gold_loss":0.0,"damage_taken":0.0,"cards_obtained":["Master of Strategy"]},{"damage_healed":0.0,"max_hp_gain":0.0,"max_hp_loss":0.0,"gold_gain":222.0,"event_name":"Tomb of Lord Red Mask","player_choice":"Wore Mask","floor":44.0,"gold_loss":0.0,"damage_taken":0.0},{"damage_healed":0.0,"max_hp_gain":0.0,"max_hp_loss":0.0,"gold_gain":0.0,"event_name":"The Woman in Blue","player_choice":"Bought 0 Potions","floor":45.0,"gold_loss":0.0,"damage_taken":0.0}],"is_beta":false,"boss_relics":[{"not_picked":["Calling Bell","Runic Dome"],"picked":"SlaversCollar"},{"not_picked":["Black Star","Astrolabe"],"picked":"Velvet Choker"}],"items_purged_floors":[22],"is_endless":false,"potions_floor_spawned":[6,8,14,16,18,24,31,35,39,47],"killed_by":"Time Eater","ascension_level":3}}