{"host":"v9oq5ccz01n9mezq","time":1613228082,"event":{"mods":["BaseMod","Colored Map","Minty Spire (QoL Compilation)","Relic Stats"],"gold_per_floor":[111,121,121,71,71,71,107,107,107,107,142,165,187,206,206,319,346,366,59,19,41,61,103,103,142,217,252,252,262,304,340,340,446,446,473,299,399,417,445,445,472,499,499,213,173,201,74,94,94,94],"floor_reached":51,"language":"ENG","playtime":2881,"items_purged":["Strike_R","Defend_R"],"score":1242,"play_id":"25f519b2-bdaa-486e-8288-4c7ff53bb9bb","local_time":"20210213095442","is_ascension_mode":true,"campfire_choices":[{"data":"Bash","floor":6.0,"key":"SMITH"},{"data":"Sword Boomerang","floor":8.0,"key":"SMITH"},{"data":"Flex","floor":10.0,"key":"SMITH"},{"floor":15.0,"key":"RECALL"},{"data":"Barricade","floor":24.0,"key":"SMITH"},{"data":"Shrug It Off","floor":28.0,"key":"SMITH"},{"floor":32.0,"key":"REST"},{"data":"True Grit","floor":40.0,"key":"SMITH"},{"floor":49,"key":"REST"}],"circlet_count":0,"master_deck":["Defend_R","Defend_R+1","Bash+1","Cleave+1","Sword Boomerang+1","Flex+1","Sword Boomerang+1","Barricade+1","Body Slam+1","Rage+1","Headbutt+1","Shrug It Off+1","Entrench+1","Immolate+1","True Grit+1","Offering","Shrug It Off","Inflame+1","Armaments","Shrug It Off+1","Disarm","Spot Weakness","Impervious","Power Through+1","Fire Breathing+1","Entrench","Body Slam+1","True Grit+1","Apotheosis"],"relics":["Burning Blood","NeowsBlessing","CeramicFish","Kunai","Centennial Puzzle","Orichalcum","Astrolabe","Happy Flower","Toy Ornithopter","Prayer Wheel","The Courier","Boot","Cursed Key","Medical Kit","Whetstone","Bottled Tornado"],"acts_visited":["Exordium","TheCity","TheBeyond"],"potions_floor_usage":[50],"damage_taken":[{"damage":0.0,"enemies":"2 Louse","floor":1.0,"turns":1.0},{"damage":0.0,"enemies":"Jaw Worm","floor":2.0,"turns":1.0},{"damage":0.0,"enemies":"3 Sentries","floor":7.0,"turns":1.0},{"damage":20.0,"enemies":"Lagavulin","floor":11.0,"turns":5.0},{"damage":0.0,"enemies":"Cultist","floor":13.0,"turns":2.0},{"damage":0.0,"enemies":"Large Slime","floor":14.0,"turns":3.0},{"damage":56.0,"enemies":"Hexaghost","floor":16.0,"turns":10.0},{"damage":6.0,"enemies":"Shell Parasite","floor":18.0,"turns":2.0},{"damage":6.0,"enemies":"3 Byrds","floor":21.0,"turns":4.0},{"damage":14.0,"enemies":"3 Cultists","floor":22.0,"turns":4.0},{"damage":0.0,"enemies":"Slavers","floor":23.0,"turns":1.0},{"damage":20.0,"enemies":"Gremlin Leader","floor":25.0,"turns":10.0},{"damage":6.0,"enemies":"Centurion and Healer","floor":27.0,"turns":8.0},{"damage":24.0,"enemies":"Snake Plant","floor":29.0,"turns":3.0},{"damage":21.0,"enemies":"Book of Stabbing","floor":30.0,"turns":4.0},{"damage":6.0,"enemies":"3 Cultists","floor":31.0,"turns":2.0},{"damage":16.0,"enemies":"Automaton","floor":33.0,"turns":10.0},{"damage":0.0,"enemies":"Orb Walker","floor":35.0,"turns":2.0},{"damage":6.0,"enemies":"3 Darklings","floor":38.0,"turns":3.0},{"damage":6.0,"enemies":"Spire Growth","floor":39.0,"turns":4.0},{"damage":43.0,"enemies":"Giant Head","floor":41.0,"turns":10.0},{"damage":0.0,"enemies":"Maw","floor":42.0,"turns":7.0},{"damage":18.0,"enemies":"3 Darklings","floor":46.0,"turns":6.0},{"damage":6.0,"enemies":"Spire Growth","floor":48.0,"turns":4.0},{"damage":6,"enemies":"Donu and Deca","floor":50,"turns":6}],"seed_played":"-5723757769992793118","potions_obtained":[{"floor":2.0,"key":"FearPotion"},{"floor":11.0,"key":"Block Potion"},{"floor":13.0,"key":"Weak Potion"},{"floor":20.0,"key":"Ancient Potion"},{"floor":20.0,"key":"DuplicationPotion"},{"floor":20.0,"key":"FairyPotion"},{"floor":23.0,"key":"Ancient Potion"},{"floor":31.0,"key":"BlessingOfTheForge"},{"floor":41.0,"key":"SkillPotion"},{"floor":48.0,"key":"DuplicationPotion"}],"is_trial":false,"path_per_floor":["M","M","?","?","?","R","E","R","T","R","E","T","M","M","R","B",null,"M","$","?","M","M","E","R","E","T","M","R","M","E","M","R","B",null,"M","$","?","M","M","R","E","M","T","$","?","M","$","M","R","B",null],"character_chosen":"IRONCLAD","items_purchased":["Entrench","Immolate","Happy Flower","Medical Kit","Bottled Tornado","Apotheosis"],"campfire_rested":2,"item_purchase_floors":[19,19,19,36,44,47],"current_hp_per_floor":[78,80,80,80,73,73,79,79,79,79,65,65,71,77,77,27,67,67,67,67,67,59,65,65,51,51,51,51,33,18,18,42,32,68,74,74,74,74,74,74,42,48,48,48,48,36,36,36,60,65],"gold":94,"neow_bonus":"THREE_ENEMY_KILL","is_daily":false,"chose_seed":false,"campfire_upgraded":6,"win_rate":0.0,"timestamp":1613228082,"path_taken":["M","M","?","?","?","R","E","R","T","R","E","?","?","M","R","BOSS","M","$","?","M","M","E","R","E","T","?","R","M","E","M","R","BOSS","M","$","?","?","?","R","E","M","T","$","?","?","$","?","R","BOSS"],"items_purchased_type":["Card","Card","Relic","Relic","Relic","Card"],"build_version":"2020-12-22","purchased_purges":2,"victory":true,"max_hp_per_floor":[80,80,80,80,80,80,80,80,80,80,80,80,80,80,80,80,80,80,80,80,80,80,80,80,80,80,80,80,80,80,80,80,80,80,80,80,80,80,80,80,80,80,80,80,80,80,80,80,80,80],"relic_stats":{"Happy Flower":[29],"counters":[25,113],"CeramicFish":216,"Astrolabe":["Body Slam","Rage","Headbutt"],"Whetstone":["Sword Boomerang","Immolate"],"Orichalcum":[114],"Boot":[32],"Cursed Key":0,"Medical Kit":[0],"Burning Blood":146,"Centennial Puzzle":[48],"Prayer Wheel":10,"Kunai":[17],"obtain_stats":[{"NeowsBlessing":0,"Happy Flower":19,"CeramicFish":7,"Astrolabe":17,"The Courier":26,"Whetstone":41,"Orichalcum":12,"Bottled Tornado":44,"Boot":30,"Cursed Key":34,"Medical Kit":36,"Burning Blood":0,"Centennial Puzzle":11,"Prayer Wheel":25,"Kunai":9,"Toy Ornithopter":23},{"NeowsBlessing":0,"Happy Flower":8,"CeramicFish":3,"Astrolabe":7,"The Courier":12,"Whetstone":21,"Orichalcum":4,"Bottled Tornado":22,"Boot":15,"Cursed Key":17,"Medical Kit":18,"Burning Blood":0,"Centennial Puzzle":4,"Prayer Wheel":12,"Kunai":3,"Toy Ornithopter":11},{"NeowsBlessing":0,"Happy Flower":25,"CeramicFish":3,"Astrolabe":23,"The Courier":44,"Whetstone":90,"Orichalcum":8,"Bottled Tornado":97,"Boot":59,"Cursed Key":71,"Medical Kit":73,"Burning Blood":0,"Centennial Puzzle":8,"Prayer Wheel":44,"Kunai":3,"Toy Ornithopter":34}],"Toy Ornithopter":10},"card_choices":[{"not_picked":["Armaments","Iron Wave"],"picked":"Cleave","floor":1.0},{"not_picked":["Sentinel","Power Through"],"picked":"Sword Boomerang","floor":2.0},{"not_picked":["Pummel","Feel No Pain"],"picked":"Flex","floor":7.0},{"not_picked":["Cleave","Ghostly Armor","Burning Pact"],"picked":"SKIP","floor":11.0},{"not_picked":["Body Slam","Corruption"],"picked":"Sword Boomerang","floor":13.0},{"not_picked":["Clash","Wild Strike","Sentinel"],"picked":"SKIP","floor":14.0},{"not_picked":["Reaper","Feed"],"picked":"Barricade","floor":16.0},{"not_picked":["Iron Wave","Thunderclap+1"],"picked":"Shrug It Off","floor":18.0},{"not_picked":["Warcry","Heavy Blade"],"picked":"True Grit","floor":21.0},{"not_picked":["Blood for Blood","Headbutt","Whirlwind+1"],"picked":"SKIP","floor":22.0},{"not_picked":["Double Tap","Iron Wave+1"],"picked":"Offering","floor":23.0},{"not_picked":["Clash","Sword Boomerang"],"picked":"Shrug It Off","floor":25.0},{"not_picked":["Sentinel","Rupture+1"],"picked":"Inflame+1","floor":27.0},{"not_picked":["Wild Strike","Uppercut"],"picked":"Armaments","floor":27.0},{"not_picked":["Dual Wield+1","Headbutt","Havoc"],"picked":"SKIP","floor":29.0},{"not_picked":["Blood for Blood","Thunderclap+1","Wild Strike"],"picked":"SKIP","floor":29.0},{"not_picked":["Second Wind","Cleave"],"picked":"Shrug It Off+1","floor":30.0},{"not_picked":["Blood for Blood+1","Flex"],"picked":"Disarm","floor":31.0},{"not_picked":["Immolate","Iron Wave"],"picked":"Spot Weakness","floor":31.0},{"not_picked":["Berserk","Corruption"],"picked":"Impervious","floor":33.0},{"not_picked":["Fire Breathing+1","Warcry+1"],"picked":"Power Through+1","floor":35.0},{"not_picked":["Perfected Strike","Anger+1","Dropkick"],"picked":"SKIP","floor":35.0},{"not_picked":["Twin Strike","Pummel+1","Havoc+1"],"picked":"SKIP","floor":38.0},{"not_picked":["Dark Embrace","True Grit","Double Tap"],"picked":"SKIP","floor":38.0},{"not_picked":["Clothesline","Sentinel+1"],"picked":"Fire Breathing+1","floor":39.0},{"not_picked":["Infernal Blade","Warcry+1","Searing Blow+1"],"picked":"SKIP","floor":39.0},{"not_picked":["Anger+1","Feel No Pain","Sword Boomerang+1"],"picked":"SKIP","floor":41.0},{"not_picked":["Anger+1","Seeing Red+1"],"picked":"Entrench","floor":42.0},{"not_picked":["Twin Strike+1","Headbutt+1","Ghostly Armor"],"picked":"SKIP","floor":42.0},{"not_picked":["Whirlwind","Flex+1"],"picked":"Body Slam+1","floor":46.0},{"not_picked":["Pummel","Warcry"],"picked":"True Grit+1","floor":46.0},{"not_picked":["Shockwave","Pommel Strike","Sword Boomerang"],"picked":"SKIP","floor":48.0},{"not_picked":["Dropkick","Body Slam","Combust"],"picked":"SKIP","floor":48.0}],"player_experience":137347,"relics_obtained":[{"floor":7.0,"key":"CeramicFish"},{"floor":9.0,"key":"Kunai"},{"floor":11.0,"key":"Centennial Puzzle"},{"floor":12.0,"key":"Orichalcum"},{"floor":23.0,"key":"Toy Ornithopter"},{"floor":25.0,"key":"Prayer Wheel"},{"floor":26.0,"key":"The Courier"},{"floor":30.0,"key":"Boot"},{"floor":41.0,"key":"Whetstone"}],"event_choices":[{"damage_healed":0.0,"max_hp_gain":0.0,"max_hp_loss":0.0,"gold_gain":0.0,"event_name":"Living Wall","player_choice":"Grow","floor":3.0,"gold_loss":0.0,"damage_taken":0.0,"cards_upgraded":["Cleave"]},{"cards_removed":["Strike_R"],"damage_healed":0.0,"max_hp_gain":0.0,"max_hp_loss":0.0,"gold_gain":0.0,"event_name":"The Cleric","player_choice":"Card Removal","floor":4.0,"gold_loss":50.0,"damage_taken":0.0},{"cards_removed":["Strike_R"],"damage_healed":0.0,"max_hp_gain":0.0,"max_hp_loss":0.0,"gold_gain":0.0,"event_name":"Golden Wing","player_choice":"Card Removal","floor":5.0,"gold_loss":0.0,"damage_taken":7.0},{"damage_healed":0.0,"max_hp_gain":0.0,"max_hp_loss":0.0,"gold_gain":0.0,"event_name":"The Woman in Blue","player_choice":"Bought 3 Potions","floor":20.0,"gold_loss":0.0,"damage_taken":0.0},{"damage_healed":0.0,"max_hp_gain":0.0,"max_hp_loss":0.0,"gold_gain":100.0,"event_name":"Golden Shrine","player_choice":"Pray","floor":37.0,"gold_loss":0.0,"damage_taken":0.0},{"damage_healed":0.0,"max_hp_gain":0.0,"max_hp_loss":0.0,"gold_gain":0.0,"event_name":"Designer","player_choice":"Upgraded Two","floor":45.0,"gold_loss":40.0,"damage_taken":0.0,"cards_upgraded":["Defend_R","Entrench"]}],"is_beta":false,"boss_relics":[{"not_picked":["Fusion Hammer","Calling Bell"],"picked":"Astrolabe"},{"not_picked":["SacredBark","Runic Cube"],"picked":"Cursed Key"}],"items_purged_floors":[36,44],"is_endless":false,"potions_floor_spawned":[2,11,13,21,22,23,27,29,31,33,41,42,48],"ascension_level":9}}