{"host":"5f3w3xqo483bhjcu","time":1613215551,"event":{"mods":["Act Like it!","BaseMod","KinomotoSakuraMod(ƒæ÷Æ±æ”£)","Koishi","Marisa£®ÏF”Í°°ƒß¿Ì…≥£©","Minty Spire (QoL Compilation)","Reimu£®≤©¿ˆ¡È√Œ£©","Remilia£®¿Ÿ√◊¿Ú—«£©","StSLib","The Servant 0.9.4","Waifu the Spire","WarShipGirlsR/’ΩΩ¢…Ÿ≈ÆR mod","Yakumo Yukari mod","Youmu£®ªÍ∆«—˝√Œ£©","Yuyuko","[IsaacMod]“‘»ˆº‚À˛","°æ“≈ŒÔø®≈∆°øREMEMod"],"gold_per_floor":[123,48,68,68,68,96,96,140,140,157,2,2,44,70,70,151,151,177,277,30,30,30,30,64,64,64,64,93,93,143,18,18,18,18],"floor_reached":33,"language":"ZHS","playtime":923,"items_purged":["Defend_R","Strike_R","Strike_R"],"score":516,"play_id":"c13ba859-c6e6-4b71-a11f-f1e35cb1a94b","local_time":"20210213192551","is_ascension_mode":true,"campfire_choices":[{"data":"EpicFetus","floor":7,"key":"SMITH"},{"data":"Bash","floor":12,"key":"SMITH"},{"data":"Twin Strike","floor":15,"key":"SMITH"},{"data":"REME_Fury","floor":23,"key":"SMITH"},{"data":"Inflame","floor":29,"key":"SMITH"},{"floor":32,"key":"REST"}],"circlet_count":0,"master_deck":["AscendersBane","Strike_R","Strike_R","Defend_R","Defend_R","Defend_R","Bash+1","EpicFetus+1","Shrug It Off","Sword Boomerang","Twin Strike+1","REME_Fury+1","Inflame+1"],"relics":["Burning Blood","HushsDoor","Void","CeramicFish","Juzu Bracelet","ScarletDevilRocket","CrazyTorch:ReiMu","REME_CardOfGreed","Nilry\u0027s Codex","Blue Candle","Happy Flower","PillsDrop","Darkstone Periapt"],"acts_visited":["Exordium","TheCity"],"potions_floor_usage":[14,16,18,24],"damage_taken":[{"damage":1,"enemies":"Cultist","floor":1,"turns":3},{"damage":4,"enemies":"Small Slimes","floor":3,"turns":4},{"damage":39,"enemies":"3 Sentries","floor":6,"turns":8},{"damage":2,"enemies":"Lagavulin","floor":8,"turns":4},{"damage":0,"enemies":"Jaw Worm","floor":10,"turns":1},{"damage":15,"enemies":"3 Sentries","floor":13,"turns":4},{"damage":0,"enemies":"Exordium Thugs","floor":14,"turns":3},{"damage":13,"enemies":"The Guardian","floor":16,"turns":6},{"damage":0,"enemies":"Spheric Guardian","floor":18,"turns":3},{"damage":22,"enemies":"REME_1_Revenger","floor":24,"turns":5},{"damage":21,"enemies":"Slavers","floor":28,"turns":3},{"damage":59,"enemies":"Automaton","floor":33,"turns":6}],"seed_played":"3280698290893333129","potions_obtained":[{"floor":6,"key":"DistilledChaos"},{"floor":10,"key":"PowerPotion"},{"floor":14,"key":"Regen Potion"},{"floor":18,"key":"SteroidPotion"}],"is_trial":false,"path_per_floor":["M","$","M","?","?","E","R","E","T","M","$","R","E","M","R","B",null,"M","?","$","?","?","R","E","?","T","$","E","R","?","$","R","B"],"character_chosen":"IRONCLAD","items_purchased":["Omamori","REME_CardOfGreed"],"campfire_rested":1,"item_purchase_floors":[11,20],"current_hp_per_floor":[73,73,75,68,68,35,35,39,39,45,45,45,36,42,42,44,67,73,73,73,52,52,52,36,36,36,36,21,21,21,21,43,0,0],"gold":18,"neow_bonus":"RANDOM_COMMON_RELIC","is_daily":false,"chose_seed":false,"campfire_upgraded":5,"win_rate":0.0,"timestamp":1613215551,"path_taken":["M","$","M","?","?","E","R","E","T","M","$","R","E","M","R","BOSS","M","?","$","?","?","R","E","?","T","?","E","R","?","$","R","BOSS"],"items_purchased_type":["Relic","Relic"],"build_version":"2020-12-22","purchased_purges":3,"victory":false,"max_hp_per_floor":[75,75,75,75,75,75,75,75,75,75,75,75,75,75,75,75,75,75,75,75,75,75,75,75,75,75,75,75,75,75,75,75,75,75],"card_choices":[{"not_picked":[],"picked":"EpicFetus","floor":0},{"not_picked":["Evolve","Clothesline"],"picked":"Shrug It Off","floor":1},{"not_picked":["REME_FearOfPain","Exhume","Sentinel"],"picked":"SKIP","floor":3},{"not_picked":["Warcry","Brutality","True Grit"],"picked":"SKIP","floor":6},{"not_picked":["Clothesline","Wild Strike"],"picked":"Bomb","floor":8},{"not_picked":["Iron Wave","REME_SingleHolding","True Grit"],"picked":"SKIP","floor":10},{"not_picked":["Shockwave","Armaments"],"picked":"Sword Boomerang","floor":13},{"not_picked":["Ghostly Armor","Armaments"],"picked":"Twin Strike","floor":14},{"not_picked":["Impervious","Juggernaut"],"picked":"REME_Fury","floor":16},{"not_picked":["Armaments","Carnage"],"picked":"Inflame","floor":18},{"not_picked":["REME_TheLastStrike","Perfected Strike","Cleave"],"picked":"SKIP","floor":24},{"not_picked":["Reckless Charge","Rupture","Rampage"],"picked":"SKIP","floor":28}],"player_experience":402519,"relics_obtained":[{"floor":6,"key":"DeadEye"},{"floor":8,"key":"Juzu Bracelet"},{"floor":9,"key":"SatanicBible"},{"floor":13,"key":"ScarletDevilRocket"},{"floor":17,"key":"Art of War"},{"floor":17,"key":"CrazyTorch:ReiMu"},{"floor":17,"key":"Damocles"},{"floor":21,"key":"Nilry\u0027s Codex"},{"floor":24,"key":"Happy Flower"},{"floor":26,"key":"PillsDrop"},{"floor":28,"key":"Darkstone Periapt"}],"event_choices":[{"cards_removed":["Strike_R"],"damage_healed":0,"gold_gain":0,"player_choice":"Card Removal","damage_taken":7,"max_hp_gain":0,"max_hp_loss":0,"event_name":"Golden Wing","floor":4,"gold_loss":0},{"damage_healed":0,"gold_gain":0,"player_choice":"Obtained Book","damage_taken":21,"max_hp_gain":0,"max_hp_loss":0,"event_name":"Cursed Tome","floor":21,"gold_loss":0},{"damage_healed":0,"gold_gain":0,"player_choice":"Stole Relic","damage_taken":0,"relics_obtained":["Blue Candle"],"max_hp_gain":0,"max_hp_loss":0,"event_name":"Addict","floor":22,"gold_loss":0,"cards_obtained":["Shame"]},{"damage_healed":0,"gold_gain":0,"player_choice":"Ignored","damage_taken":0,"max_hp_gain":0,"max_hp_loss":0,"event_name":"Ghosts","floor":25,"gold_loss":0},{"damage_healed":0,"gold_gain":50,"player_choice":"Stole From Cult","damage_taken":0,"max_hp_gain":0,"max_hp_loss":0,"event_name":"Nest","floor":30,"gold_loss":0}],"is_beta":false,"boss_relics":[{"not_picked":["Runic Dome","Fusion Hammer"],"picked":"Calling Bell"},{"not_picked":[]}],"items_purged_floors":[2,20,31],"is_endless":false,"potions_floor_spawned":[6,10,14,18],"killed_by":"Automaton","ascension_level":15}}