{"host":"m0a8wxl9o3yrknox","time":1613244096,"event":{"mods":["BaseMod","Bossed Relics","Energized Spire","Minty Spire (QoL Compilation)","Relic Filter Mod","Relic Stats","Robot Space Explorer","Spicy Shops","StSLib","¡¾ÒÅÎï¿¨ÅÆ¡¿REMEMod"],"gold_per_floor":[110,120,42,55,70,70,70,70,70,94,123,123,123],"floor_reached":12,"language":"ZHS","playtime":779,"items_purged":[],"score":70,"play_id":"1fc80c28-6d96-4111-b5fe-b9795d191a80","local_time":"20210213142136","is_ascension_mode":false,"campfire_choices":[{"data":"Eruption","floor":6,"key":"SMITH"},{"data":"PathToVictory","floor":8,"key":"SMITH"}],"circlet_count":0,"master_deck":["Strike_P","Strike_P","Strike_P","Strike_P","Defend_P","Defend_P","Defend_P","Defend_P","Eruption+1","Vigilance","Reboot","Tantrum","PathToVictory+1","CutThroughFate","Prostrate","MasterReality"],"relics":["PureWater","REME_ComplimentaryCards","NeowsBlessing","Bag of Preparation","Golden Idol","CaptainsWheel","Odd Mushroom"],"acts_visited":["Exordium"],"potions_floor_usage":[11,12],"damage_taken":[{"damage":0,"enemies":"Small Slimes","floor":1,"turns":1},{"damage":0,"enemies":"2 Louse","floor":2,"turns":1},{"damage":0,"enemies":"Cultist","floor":4,"turns":1},{"damage":12,"enemies":"Looter","floor":5,"turns":3},{"damage":14,"enemies":"Blue Slaver","floor":10,"turns":3},{"damage":15,"enemies":"The Mushroom Lair","floor":11,"turns":3},{"damage":11,"enemies":"Lagavulin","floor":12,"turns":5}],"seed_played":"-7342453391287622239","potions_obtained":[{"floor":4,"key":"SmokeBomb"},{"floor":5,"key":"Dexterity Potion"},{"floor":10,"key":"Weak Potion"}],"is_trial":false,"path_per_floor":["M","M","$","M","M","R","?","R","T","M","?","E"],"character_chosen":"WATCHER","items_purchased":["Bag of Preparation"],"campfire_rested":0,"item_purchase_floors":[3],"current_hp_per_floor":[72,72,72,72,60,60,42,42,42,28,13,2,2],"gold":123,"neow_bonus":"THREE_ENEMY_KILL","is_daily":false,"chose_seed":false,"campfire_upgraded":2,"win_rate":0.0,"timestamp":1613244096,"path_taken":["M","M","$","M","M","R","?","R","T","M","?","E"],"items_purchased_type":["Relic"],"build_version":"2020-12-22","purchased_purges":0,"victory":false,"max_hp_per_floor":[72,72,72,72,72,72,72,72,72,72,72,72,72],"relic_stats":{"counters":[7,17],"Golden Idol":11,"Bag of Preparation":[10],"obtain_stats":[{"CaptainsWheel":9,"NeowsBlessing":0,"Golden Idol":7,"Bag of Preparation":3,"PureWater":0,"Odd Mushroom":11,"REME_ComplimentaryCards":0},{"CaptainsWheel":4,"NeowsBlessing":0,"Golden Idol":4,"Bag of Preparation":2,"PureWater":0,"Odd Mushroom":6,"REME_ComplimentaryCards":0},{"CaptainsWheel":6,"NeowsBlessing":0,"Golden Idol":6,"Bag of Preparation":2,"PureWater":0,"Odd Mushroom":12,"REME_ComplimentaryCards":0}]},"card_choices":[{"not_picked":["BowlingBash","WheelKick"],"picked":"Tantrum","floor":1},{"not_picked":["FollowUp","Fasting2"],"picked":"PathToVictory","floor":2},{"not_picked":["ClearTheMind","JustLucky"],"picked":"CutThroughFate","floor":4},{"not_picked":["Crescendo","SashWhip","BowlingBash"],"picked":"SKIP","floor":5},{"not_picked":["JustLucky","CrushJoints"],"picked":"Prostrate","floor":10},{"not_picked":["CutThroughFate","Consecrate"],"picked":"MasterReality","floor":11}],"player_experience":771129,"relics_obtained":[{"floor":9,"key":"CaptainsWheel"},{"floor":11,"key":"Odd Mushroom"}],"event_choices":[{"damage_healed":0,"gold_gain":0,"player_choice":"Take Damage","damage_taken":18,"relics_obtained":["Golden Idol"],"max_hp_gain":0,"max_hp_loss":0,"event_name":"Golden Idol","floor":7,"gold_loss":0},{"damage_healed":0,"gold_gain":0,"player_choice":"Fought Mushrooms","damage_taken":0,"max_hp_gain":0,"max_hp_loss":0,"event_name":"Mushrooms","floor":11,"gold_loss":0}],"is_beta":false,"boss_relics":[],"items_purged_floors":[],"is_endless":false,"potions_floor_spawned":[4,5,10],"killed_by":"Lagavulin","ascension_level":0}}