{"host":"u0qetpmu4y58k1tf","time":1613215782,"event":{"mods":["100% Spire Juice","AchievementEnabler","Act Like it!","BaseMod","CapriCore","Colored Map","Colored Powertips","Hermit","Koishi","Marisa£¨Ùöéë¡¡Øª×âÞÞ£©","Minty Spire (QoL Compilation)","Quick Restart","Reliquary","Replay The Spire","StSLib","SuperFastMode","Td1madao Mod","The Bug Knight","The Cursed","The Gatherer","The Hierophant","The Immortal","The Jungle","The Runesmith"],"gold_per_floor":[119,119,119,119,119,119,163,184,184,34,34,78,78,109,109,240,240,265,265,265,265],"floor_reached":20,"language":"KOR","playtime":748,"items_purged":[],"score":295,"play_id":"f9b1a988-e9f9-4447-8d59-36582b8c9c0e","local_time":"20210213202942","is_ascension_mode":true,"campfire_choices":[{"data":"Dualcast","floor":6,"key":"SMITH"},{"data":"Streamline","floor":11,"key":"SMITH"},{"data":"Gash","floor":13,"key":"SMITH"}],"circlet_count":0,"master_deck":["Strike_B+1","Strike_B+1","Strike_B+1","Strike_B+1","Defend_B","Defend_B","Defend_B","Defend_B","Zap+1","Dualcast+1","Streamline+1","Regret","Gash+1","Hologram","All For One"],"relics":["Cracked Core","NeowsBlessing","Replay:Ringing Soul","Ring of Hypnosis","ReplayTheSpireMod:Ring of Addiction","Toy Ornithopter","White Beast Statue","Golden Idol","reliquary:LoveEmittingDiode","Letter Opener","Bag of Marbles","reliquary:RedPaperclip"],"acts_visited":["Exordium","Exordium"],"potions_floor_usage":[7,12,14,14,16,18,20,20],"damage_taken":[{"damage":0,"enemies":"Jaw Worm","floor":1,"turns":1},{"damage":0,"enemies":"Lagavulin","floor":7,"turns":1},{"damage":0,"enemies":"Small Slimes","floor":8,"turns":1},{"damage":22,"enemies":"3 Sentries","floor":12,"turns":5},{"damage":1,"enemies":"Gremlin Nob","floor":14,"turns":3},{"damage":43,"enemies":"The Guardian","floor":16,"turns":8},{"damage":15,"enemies":"theJungle:Flameango_and_Byrd","floor":18,"turns":4},{"damage":68,"enemies":"JungleHuntersEvent","floor":20,"turns":5}],"seed_played":"-8134377808848263732","potions_obtained":[{"floor":1,"key":"SkillPotion"},{"floor":4,"key":"Fire Potion"},{"floor":4,"key":"ColorlessPotion"},{"floor":7,"key":"SteroidPotion"},{"floor":12,"key":"Flashbang"},{"floor":14,"key":"GamblersBrew"},{"floor":16,"key":"ColorlessPotion"},{"floor":18,"key":"EssenceOfSteel"}],"is_trial":false,"path_per_floor":["M","?","?","?","?","R","E","M","T","$","R","E","R","E","R_BF","B",null,"M","?","?"],"character_chosen":"DEFECT","items_purchased":["Geode"],"campfire_rested":0,"item_purchase_floors":[10],"current_hp_per_floor":[75,75,78,78,59,59,64,64,64,64,64,50,50,62,46,11,67,57,57,0,0],"gold":265,"neow_bonus":"THREE_ENEMY_KILL","is_daily":false,"chose_seed":false,"campfire_upgraded":3,"win_rate":0.0,"timestamp":1613215782,"path_taken":["M","?","?","?","?","R","E","M","T","$","R","E","R","E","R_BF","BOSS","M","?","?"],"items_purchased_type":["Relic"],"build_version":"2020-12-22","purchased_purges":0,"victory":false,"max_hp_per_floor":[75,75,78,78,78,78,78,78,78,78,76,79,79,82,82,85,85,85,85,85,85],"card_choices":[{"not_picked":["Reinforced Body","Turbo"],"picked":"Streamline","floor":1},{"not_picked":["Capacitor","Reinforced Body","Undo"],"picked":"SKIP","floor":7},{"not_picked":["Static Discharge","ReplayTheSpireMod:System Scan","Leap"],"picked":"SKIP","floor":8},{"not_picked":["Coolheaded","ReplayGash"],"picked":"Gash","floor":12},{"not_picked":["Static Discharge","Stack"],"picked":"Hologram","floor":14},{"not_picked":["Creative AI","Thunder Strike"],"picked":"All For One","floor":16},{"not_picked":["Fusion","Coolheaded","Sweeping Beam"],"picked":"SKIP","floor":18}],"player_experience":111192,"relics_obtained":[{"floor":4,"key":"Ring of Hypnosis"},{"floor":4,"key":"ReplayTheSpireMod:Ring of Addiction"},{"floor":4,"key":"Toy Ornithopter"},{"floor":4,"key":"White Beast Statue"},{"floor":7,"key":"Simple Rune"},{"floor":9,"key":"reliquary:LoveEmittingDiode"},{"floor":12,"key":"Letter Opener"},{"floor":14,"key":"Bag of Marbles"}],"event_choices":[{"damage_healed":0,"gold_gain":0,"player_choice":"Grow","damage_taken":0,"max_hp_gain":0,"max_hp_loss":0,"event_name":"Living Wall","floor":2,"gold_loss":0,"cards_upgraded":["Zap"]},{"damage_healed":0,"gold_gain":0,"player_choice":"Box","damage_taken":0,"relics_obtained":["Replay:Ringing Soul"],"max_hp_gain":0,"max_hp_loss":0,"event_name":"Big Fish","floor":3,"gold_loss":0,"cards_obtained":["Regret"]},{"damage_healed":0,"gold_gain":0,"player_choice":"Take Damage","damage_taken":19,"relics_obtained":["Golden Idol"],"max_hp_gain":0,"max_hp_loss":0,"event_name":"Golden Idol","floor":5,"gold_loss":0},{"damage_healed":0,"gold_gain":0,"player_choice":"Entered Light","damage_taken":16,"max_hp_gain":0,"max_hp_loss":0,"event_name":"Shining Light","floor":15,"gold_loss":0,"cards_upgraded":["Strike_B","Strike_B"]}],"is_beta":false,"boss_relics":[{"not_picked":["Runic Pyramid","Ectoplasm"],"picked":"reliquary:RedPaperclip"}],"items_purged_floors":[],"is_endless":false,"potions_floor_spawned":[1,7,8,12,14,16,18],"killed_by":"JungleHuntersEvent","ascension_level":5}}