{"host":"kh6fvhxn285ncg0o","time":1613185208,"event":{"mods":["Act Like it!","BaseMod","Colored Map","Friendly Minions","Keyboard Shortcuts","Minty Spire (QoL Compilation)","Quick Restart","Relic Stats","StSLib","SuperFastMode","UnlockEverythingMod"],"gold_per_floor":[119,139,155,168,93,104,104,128,154,171,171,181,181,207,207,207,207],"floor_reached":16,"language":"KOR","playtime":261,"items_purged":[],"score":208,"play_id":"0c71d30b-4a54-4db4-9937-186b339e90de","local_time":"20210213120008","is_ascension_mode":true,"campfire_choices":[{"data":"Uppercut","floor":7,"key":"SMITH"},{"floor":13,"key":"REST"},{"floor":15,"key":"REST"}],"circlet_count":0,"master_deck":["AscendersBane","Strike_R","Strike_R","Strike_R","Strike_R","Defend_R","Defend_R","Defend_R","Defend_R","Bash","Body Slam","Uppercut+1","Pommel Strike","Flame Barrier"],"relics":["Mark of Pain","Anchor","Omamori","WarpedTongs","Potion Belt"],"acts_visited":["Exordium"],"potions_floor_usage":[14],"damage_taken":[{"damage":2.0,"enemies":"Jaw Worm","floor":1.0,"turns":4.0},{"damage":0.0,"enemies":"Cultist","floor":2.0,"turns":2.0},{"damage":10.0,"enemies":"Small Slimes","floor":3.0,"turns":4.0},{"damage":41.0,"enemies":"Gremlin Gang","floor":4.0,"turns":6.0},{"damage":6,"enemies":"2 Fungi Beasts","floor":6,"turns":3},{"damage":19,"enemies":"Exordium Thugs","floor":10,"turns":5},{"damage":4,"enemies":"Large Slime","floor":12,"turns":5},{"damage":15,"enemies":"3 Sentries","floor":14,"turns":9},{"damage":35,"enemies":"The Guardian","floor":16,"turns":5}],"seed_played":"1706680645089154156","potions_obtained":[{"floor":1.0,"key":"Regen Potion"},{"floor":2.0,"key":"FearPotion"},{"floor":12,"key":"GamblersBrew"}],"is_trial":false,"path_per_floor":["M","M","M","M","?","M","R","T","T","M","?","M","R","E","R","B"],"character_chosen":"IRONCLAD","items_purchased":[],"campfire_rested":2,"item_purchase_floors":[],"current_hp_per_floor":[66,66,56,30,30,24,24,24,24,5,5,1,23,8,30,0,0],"gold":207,"neow_bonus":"BOSS_RELIC","is_daily":false,"chose_seed":false,"campfire_upgraded":1,"win_rate":0.0,"timestamp":1613185208,"path_taken":["M","M","M","M","?","M","R","?","T","?","?","?","R","E","R","BOSS"],"items_purchased_type":[],"build_version":"2020-12-22","purchased_purges":0,"victory":false,"max_hp_per_floor":[75,75,75,75,75,75,75,75,75,75,75,75,75,75,75,75,75],"relic_stats":{"counters":[9,43],"obtain_stats":[{"Potion Belt":14,"Anchor":8,"Mark of Pain":0,"Omamori":9,"Burning Blood":0,"WarpedTongs":11},{"Potion Belt":8,"Anchor":5,"Mark of Pain":0,"Omamori":5,"Burning Blood":0,"WarpedTongs":6},{"Potion Belt":38,"Anchor":19,"Mark of Pain":0,"Omamori":19,"Burning Blood":0,"WarpedTongs":24}],"WarpedTongs":[19]},"card_choices":[{"not_picked":["Havoc","Wild Strike"],"picked":"Body Slam","floor":2.0},{"not_picked":["Body Slam","Sword Boomerang"],"picked":"Uppercut","floor":3.0},{"not_picked":["Seeing Red","Anger"],"picked":"Pommel Strike","floor":6},{"not_picked":["Havoc","Carnage"],"picked":"Flame Barrier","floor":12}],"player_experience":1378817,"relics_obtained":[{"floor":8,"key":"Anchor"},{"floor":9,"key":"Omamori"},{"floor":14,"key":"Potion Belt"}],"event_choices":[{"cards_removed":["Strike_R"],"damage_healed":0.0,"max_hp_gain":0.0,"max_hp_loss":0.0,"gold_gain":0.0,"event_name":"The Cleric","player_choice":"Card Removal","floor":5.0,"gold_loss":75.0,"damage_taken":0.0},{"damage_healed":0,"gold_gain":0,"player_choice":"Rummage","damage_taken":0,"relics_obtained":["WarpedTongs"],"max_hp_gain":0,"max_hp_loss":0,"event_name":"Accursed Blacksmith","floor":11,"gold_loss":0,"cards_obtained":["Pain"]}],"is_beta":false,"boss_relics":[],"items_purged_floors":[],"is_endless":false,"potions_floor_spawned":[1,2,12],"killed_by":"The Guardian","ascension_level":20}}