{"host":"eaiphzh066bwqdh7","time":1613179962,"event":{"mods":["BaseMod","Better Note","Halation","Hubris","Minty Spire (QoL Compilation)","Reliquary","Replay The Spire","StSLib"],"gold_per_floor":[119,119,119,138,138,138,151,168,194,224,236,264,276,305,317,424,436,463,475,210,16,16,16,16,16],"floor_reached":24,"language":"ENG","playtime":597,"items_purged":["Defend_R"],"score":223,"play_id":"7de82ba4-cb7b-40e8-87e4-871bd1fa6c77","local_time":"20210212203242","is_ascension_mode":true,"campfire_choices":[{"data":"Spot Weakness","floor":6,"key":"SMITH"},{"floor":11,"key":"REST"},{"floor":13,"key":"REST"},{"floor":23,"key":"REST"}],"circlet_count":0,"master_deck":["Strike_R","Strike_R","Strike_R","Strike_R","Strike_R","Defend_R","Defend_R","Spot Weakness+1","Demonic Infusion+1","Demon Form+1","Disarm","Metallicize","Metallicize","ReplayTheSpireMod:Strike From Hell"],"relics":["Burning Blood","hubris:Towel","halation:EternalFortune","MawBank","Mark of Pain","Centennial Puzzle","Strange Spoon"],"acts_visited":["Exordium","TheCity"],"potions_floor_usage":[16],"damage_taken":[{"damage":7,"enemies":"Small Slimes","floor":1,"turns":4},{"damage":18,"enemies":"Jaw Worm","floor":4,"turns":6},{"damage":1,"enemies":"Cultist","floor":7,"turns":3},{"damage":20,"enemies":"Large Slime","floor":8,"turns":10},{"damage":21,"enemies":"Blue Slaver","floor":10,"turns":3},{"damage":11,"enemies":"3 Louse","floor":12,"turns":4},{"damage":17,"enemies":"Looter","floor":14,"turns":3},{"damage":61,"enemies":"The Guardian","floor":16,"turns":11},{"damage":77,"enemies":"3 Byrds","floor":18,"turns":7},{"damage":47,"enemies":"Slavers","floor":24,"turns":2}],"seed_played":"-5802027878466907684","potions_obtained":[{"floor":7,"key":"LifebloodPotion"},{"floor":8,"key":"Swift Potion"},{"floor":12,"key":"SpeedPotion"},{"floor":18,"key":"Flashbang"}],"is_trial":false,"path_per_floor":["M","?","?","M","?","R","M","M","T","M","R","M","R","M","R","B",null,"M","?","$","$","?","R","E"],"character_chosen":"IRONCLAD","items_purchased":["Metallicize","Centennial Puzzle","Strange Spoon","ReplayTheSpireMod:Strike From Hell"],"campfire_rested":3,"item_purchase_floors":[20,20,21,21],"current_hp_per_floor":[79,79,82,70,70,70,78,64,64,49,74,69,86,75,86,31,86,15,15,15,15,15,40,0,0],"gold":16,"neow_bonus":"RANDOM_EVENT","is_daily":false,"chose_seed":false,"campfire_upgraded":1,"win_rate":0.0,"timestamp":1613179962,"path_taken":["M","?","?","M","?","R","M","?","T","M","R","M","R","M","R","BOSS","M","?","?","$","?","R","E"],"items_purchased_type":["Card","Relic","Relic","Card"],"build_version":"2020-12-22","purchased_purges":1,"victory":false,"max_hp_per_floor":[80,80,83,83,83,83,86,86,86,86,86,86,86,86,86,86,86,86,86,86,86,86,86,86,86],"card_choices":[{"not_picked":["Iron Wave","hubris:CleavingFinish"],"picked":"Spot Weakness","floor":1},{"not_picked":["Headbutt","Armaments","Clothesline"],"picked":"SKIP","floor":4},{"not_picked":["ReplayTheSpireMod:Stacked","Run Through"],"picked":"Demonic Infusion","floor":7},{"not_picked":["Sword Boomerang","Body Slam","hubris:ReadiedAction"],"picked":"SKIP","floor":8},{"not_picked":["Wild Strike","Clash","Anger"],"picked":"SKIP","floor":10},{"not_picked":["Perfected Strike","Replay:Undeath\u0027s Touch","Headbutt"],"picked":"SKIP","floor":12},{"not_picked":["True Grit","Wild Strike","Headbutt"],"picked":"SKIP","floor":14},{"not_picked":["Fiend Fire","Limit Break"],"picked":"Demon Form","floor":16},{"not_picked":["Run Through","Anger"],"picked":"Disarm","floor":18}],"player_experience":300742,"relics_obtained":[{"floor":7,"key":"halation:EternalFortune"},{"floor":9,"key":"MawBank"}],"event_choices":[{"cards_removed":["Defend_R"],"damage_healed":0,"gold_gain":0,"player_choice":"Forget","damage_taken":0,"max_hp_gain":0,"max_hp_loss":0,"event_name":"Living Wall","floor":5,"gold_loss":0},{"damage_healed":0,"gold_gain":0,"player_choice":"Upgraded","damage_taken":0,"max_hp_gain":0,"max_hp_loss":0,"event_name":"Upgrade Shrine","floor":19,"gold_loss":0,"cards_upgraded":["Demon Form"]},{"damage_healed":0,"gold_gain":0,"player_choice":"Ignored","damage_taken":0,"max_hp_gain":0,"max_hp_loss":0,"event_name":"Ghosts","floor":22,"gold_loss":0}],"is_beta":false,"boss_relics":[{"not_picked":["ReplayTheSpireMod:DimensionalGlitch","halation:Risk"],"picked":"Mark of Pain"}],"items_purged_floors":[20],"is_endless":false,"potions_floor_spawned":[7,8,12,18],"killed_by":"Slavers","ascension_level":4}}