{"host":"mb4j77vqrnqglrk8","time":1613207567,"event":{"mods":["BaseMod","Downfall","Googly Eyes","Minty Spire (QoL Compilation)","StSLib"],"gold_per_floor":[99,116,116,136,46,65,89,104,137,137,1,1,1,29,42,42,42,42],"floor_reached":16,"language":"ENG","playtime":3021,"items_purged":["bronze:Replicate"],"score":135,"play_id":"85a61d66-6b2d-4427-8384-a764643134f9","local_time":"20210213201247","is_ascension_mode":false,"campfire_choices":[{"data":"bronze:Goto","floor":1.0,"key":"SMITH"},{"data":"bronze:ClassDefault","floor":13.0,"key":"SMITH"}],"circlet_count":0,"master_deck":["bronze:Strike","bronze:Strike","bronze:Strike","bronze:Strike","bronze:Defend","bronze:Defend","bronze:Defend","bronze:Defend","bronze:Goto+1","bronze:ChildClass","bronze:Return","bronze:ChosenStrike","bronze:CloningBeam","bronze:WhirlingStrike","bronze:DelayedSlice","bronze:CloningBeam","bronze:ClassDefault+1","bronze:Branch","bronze:FineTuning"],"relics":["bronze:BronzeCore","Bronze Scales","Vajra","downfall:BrokenWingStatue","WingedGreaves"],"acts_visited":["Exordium"],"potions_floor_usage":[16],"damage_taken":[{"damage":5.0,"enemies":"Jaw Worm","floor":2.0,"turns":5.0},{"damage":1.0,"enemies":"Cultist","floor":4.0,"turns":4.0},{"damage":4.0,"enemies":"downfall:FleeingMerchant","floor":5.0,"turns":4.0},{"damage":0.0,"enemies":"Small Slimes","floor":6.0,"turns":4.0},{"damage":6.0,"enemies":"2 Fungi Beasts","floor":8.0,"turns":3.0},{"damage":24.0,"enemies":"Gremlin Nob","floor":9.0,"turns":5.0},{"damage":7.0,"enemies":"downfall:FleeingMerchant","floor":11.0,"turns":4.0},{"damage":28.0,"enemies":"Lagavulin","floor":14.0,"turns":5.0},{"damage":13.0,"enemies":"Exordium Wildlife","floor":15.0,"turns":3.0},{"damage":57,"enemies":"WA_ARCHETYPE_RETAIN","floor":16,"turns":10}],"seed_played":"-5032240897640905678","potions_obtained":[{"floor":6.0,"key":"SpeedPotion"},{"floor":9.0,"key":"sneckomod:MuddlingPotion"}],"is_trial":false,"path_per_floor":["R","M","?","M","$","M","T","M","E","?","$","?","R","E","M","B"],"character_chosen":"THE_AUTOMATON","items_purchased":["bronze:CloningBeam","bronze:ClassDefault"],"campfire_rested":0,"item_purchase_floors":[11,11],"current_hp_per_floor":[77,72,72,71,67,67,67,61,37,37,30,87,87,59,46,0,0,0],"gold":42,"neow_bonus":"TEN_PERCENT_HP_BONUS","is_daily":false,"chose_seed":false,"campfire_upgraded":2,"win_rate":0.0,"timestamp":1613207567,"path_taken":["R","M","?","M","?","M","T","?","E","?","$","?","R","E","M","BOSS"],"items_purchased_type":["Card","Card"],"build_version":"2020-12-22","purchased_purges":1,"victory":false,"max_hp_per_floor":[77,77,77,77,77,77,77,77,77,77,77,87,87,87,87,87,87,87],"card_choices":[{"not_picked":["bronze:OilSpill","bronze:Philosophize"],"picked":"bronze:ChildClass","floor":2.0},{"not_picked":["bronze:Turbo","bronze:BitShift"],"picked":"bronze:Return","floor":4.0},{"not_picked":["bronze:ForLoop","bronze:Safeguard"],"picked":"bronze:Format","floor":5.0},{"not_picked":["bronze:Shell","bronze:OilSpill"],"picked":"bronze:ChosenStrike","floor":6.0},{"not_picked":["bronze:Shield","bronze:Overheat"],"picked":"bronze:CloningBeam","floor":8.0},{"not_picked":["bronze:Format","bronze:Deprecate"],"picked":"bronze:WhirlingStrike","floor":9.0},{"not_picked":["bronze:Shield","bronze:DelayedGuard"],"picked":"bronze:DelayedSlice","floor":11.0},{"not_picked":["bronze:CutThrough","bronze:ItsAFeature"],"picked":"bronze:Branch","floor":14.0},{"not_picked":["bronze:MaxOutput","bronze:ClassDefault"],"picked":"bronze:FineTuning","floor":15.0}],"player_experience":10387,"relics_obtained":[{"floor":7.0,"key":"Bronze Scales"},{"floor":9.0,"key":"Vajra"},{"floor":14.0,"key":"WingedGreaves"}],"event_choices":[],"is_beta":false,"boss_relics":[],"items_purged_floors":[5],"is_endless":false,"potions_floor_spawned":[6,9],"killed_by":"WA_ARCHETYPE_RETAIN","ascension_level":0}}