{"host":"m4pe905ae9bldoe7","time":1613248648,"event":{"mods":["BaseMod","Bestiary","Block Reminder","Downfall","Minty Spire (QoL Compilation)","StSLib"],"gold_per_floor":[113,113,131,56,56,56,87,87,87,106,131,178,197,141,141,141,141],"floor_reached":16,"language":"ENG","playtime":342,"items_purged":[],"score":253,"play_id":"f582229e-1d01-4c37-82ab-800fed806f1a","local_time":"20210213213728","is_ascension_mode":true,"campfire_choices":[{"data":"Bash","floor":6,"key":"SMITH"},{"data":"Metallicize","floor":8,"key":"SMITH"},{"data":"Corruption","floor":15,"key":"SMITH"}],"circlet_count":0,"master_deck":["AscendersBane","Strike_R","Strike_R","Strike_R","Strike_R","Defend_R","Defend_R","Defend_R","Defend_R","Bash+1","Metallicize+1","Thunderclap","Perfected Strike","Corruption+1","Dual Wield","Shrug It Off"],"relics":["Burning Blood","NeowsBlessing","Toy Ornithopter","Vajra","Gremlin Horn","Paper Frog","Lantern"],"acts_visited":["Exordium"],"potions_floor_usage":[11,11],"damage_taken":[{"damage":0,"enemies":"Cultist","floor":1,"turns":1},{"damage":0,"enemies":"Jaw Worm","floor":3,"turns":1},{"damage":0,"enemies":"Lagavulin","floor":7,"turns":2},{"damage":18,"enemies":"2 Louse","floor":10,"turns":3},{"damage":40,"enemies":"3 Sentries","floor":11,"turns":5},{"damage":6,"enemies":"Gremlin Gang","floor":13,"turns":3},{"damage":41,"enemies":"Slime Boss","floor":16,"turns":7}],"seed_played":"-2185851152182505508","potions_obtained":[{"floor":3,"key":"GamblersBrew"},{"floor":5,"key":"champ:CounterPotion"},{"floor":10,"key":"bronze:BurnAndBuffPotion"}],"is_trial":false,"path_per_floor":["M","?","M","?","?","R","E","R","T","M","E","T","M","$","R","B"],"character_chosen":"IRONCLAD","items_purchased":["Shrug It Off"],"campfire_rested":0,"item_purchase_floors":[14],"current_hp_per_floor":[74,74,75,75,75,75,75,75,75,63,39,39,39,39,39,0,0],"gold":141,"neow_bonus":"THREE_ENEMY_KILL","is_daily":false,"chose_seed":false,"campfire_upgraded":3,"win_rate":0.0,"timestamp":1613248648,"path_taken":["M","?","?","?","?","R","E","R","T","?","E","?","M","?","R","BOSS"],"items_purchased_type":["Card"],"build_version":"2020-12-22","purchased_purges":0,"victory":false,"max_hp_per_floor":[75,75,75,75,75,75,75,75,75,75,75,75,75,75,75,75,75],"card_choices":[{"not_picked":["Twin Strike","Armaments"],"picked":"Perfected Strike","floor":1},{"not_picked":["Armaments","Reckless Charge"],"picked":"Metallicize","floor":3},{"not_picked":["Twin Strike","Uppercut"],"picked":"Thunderclap","floor":7},{"not_picked":["Combust","Anger"],"picked":"Perfected Strike","floor":10},{"not_picked":["Sentinel","Feel No Pain"],"picked":"Corruption","floor":11},{"not_picked":["Perfected Strike","Reckless Charge"],"picked":"Dual Wield","floor":13}],"player_experience":597049,"relics_obtained":[{"floor":7,"key":"Vajra"},{"floor":9,"key":"Gremlin Horn"},{"floor":11,"key":"Paper Frog"},{"floor":12,"key":"Lantern"}],"event_choices":[{"cards_removed":["Perfected Strike"],"damage_healed":0,"gold_gain":0,"player_choice":"Gave Card","damage_taken":0,"relics_obtained":["Toy Ornithopter"],"max_hp_gain":0,"max_hp_loss":0,"event_name":"WeMeetAgain","floor":2,"gold_loss":0},{"cards_removed":["Strike_R"],"damage_healed":0,"gold_gain":0,"player_choice":"Card Removal","damage_taken":0,"max_hp_gain":0,"max_hp_loss":0,"event_name":"The Cleric","floor":4,"gold_loss":75},{"damage_healed":0,"gold_gain":0,"player_choice":"Got Potions","damage_taken":0,"max_hp_gain":0,"max_hp_loss":0,"event_name":"Lab","floor":5,"gold_loss":0}],"is_beta":false,"boss_relics":[],"items_purged_floors":[],"is_endless":false,"potions_floor_spawned":[3,10],"killed_by":"Slime Boss","ascension_level":18}}