{"host":"p5axfb00mxhraew6","time":1613195862,"event":{"mods":["100% Spire Juice","Abigail Mod","Act Like it!","BaseMod","CapriCore","Friendly Minions","GifTheSpireLib","Jedi Mod","KomeijiMod","Lobotomy","MarisaÅiñ∂âJÅ@ñÇóùçπÅj","Minty Spire (QoL Compilation)","Prisma Mod","ReimuÅiîé??öÎÅj","RemiliaÅiÂQïƒ‰ª?Åj","SOSÅiézîb?îVéqÅj","StSLib","Td1madao Mod","The Alterego","The Immortal","The Problem Sleuth","Yakumo Yukari mod"],"gold_per_floor":[244,300,300,11,68,68,95,120,120,120,120,20,20,57,57,173,173,70,117,117,157,22,74,74,74,127,163,85,141,213,263,263,199,199,265,305,356,405,425,312,50,110,110,172,236,279,334,334,334,383,408,408,408,408,92,174,40],"floor_reached":58,"language":"ENG","playtime":2341,"items_purged":["Shoot","Shoot","Defend_Dante"],"score":3668,"play_id":"1b1546ab-6de8-4c66-b77b-e0812d406490","local_time":"20210213145742","is_ascension_mode":true,"campfire_choices":[{"data":"Swordmaster","floor":6.0,"key":"SMITH"},{"data":"Weaponchange","floor":10,"key":"SMITH"},{"data":"Redorb","floor":13,"key":"SMITH"},{"floor":15,"key":"REST"},{"data":"Attack_b","floor":24,"key":"SMITH"},{"data":"Swordcombo","floor":32,"key":"SMITH"},{"floor":49,"key":"RECALL"},{"data":"Hightime","floor":54,"key":"SMITH"}],"circlet_count":0,"master_deck":["AscendersBane","Attack_a+1","Attack_a","Attack_b+1","Provocation","Defend_Dante","Defend_Dante","Defend_Dante","Redorb+1","Rebellion+1","Swordmaster+1","Hightime+1","Weaponchange+1","Purpleorb","Stinger+1","SSScard+1","Royaldefend","Dash1","Hightime","Swordcombo+1","Dash2","Royaldefend","Dash2+1","Millionkick+1","Hightime","Demonreform"],"relics":["SSS","Combocheck","ThirstyCross","Bag of Marbles","Letter Opener","Meat on the Bone","Black Star","Red Mask","MutagenicStrength","Eternal Feather","Tea:ReiMu","Centennial Puzzle","Boot","Ancient Tea Set","jedi:crownofsimplicity","jedi:arcanewood","Coffee Dripper","jedi:shrinkray","jedi:heavyjacket","Pear","Ginger","Du-Vu Doll","Lantern","Unceasing Top","theSleuth:Tectrixcalibur","Whetstone","jedi:HeartOfTheCards","Pen Nib"],"acts_visited":["Exordium","TheCity","TheBeyond","TheEnding"],"potions_floor_usage":[16,22,39],"damage_taken":[{"damage":8.0,"enemies":"2 Louse","floor":1.0,"turns":3.0},{"damage":17.0,"enemies":"Cultist","floor":2.0,"turns":6.0},{"damage":0.0,"enemies":"Jaw Worm","floor":5.0,"turns":1.0},{"damage":18.0,"enemies":"Blue Slaver","floor":7.0,"turns":4.0},{"damage":9,"enemies":"3 Sentries","floor":8,"turns":4},{"damage":0,"enemies":"3 Louse","floor":14,"turns":1},{"damage":23,"enemies":"Slime Boss","floor":16,"turns":6},{"damage":0,"enemies":"3 Byrds","floor":18,"turns":1},{"damage":0,"enemies":"Masked Bandits","floor":19,"turns":1},{"damage":0,"enemies":"Chosen","floor":21,"turns":1},{"damage":3,"enemies":"Snecko","floor":22,"turns":2},{"damage":0,"enemies":"Slavers","floor":23,"turns":1},{"damage":0,"enemies":"Centurion and Healer","floor":27,"turns":2},{"damage":0,"enemies":"Gremlin Leader","floor":28,"turns":1},{"damage":3,"enemies":"Snake Plant","floor":29,"turns":2},{"damage":3,"enemies":"Book of Stabbing","floor":30,"turns":3},{"damage":0,"enemies":"Automaton","floor":33,"turns":1},{"damage":0,"enemies":"3 Darklings","floor":35,"turns":1},{"damage":0,"enemies":"Orb Walker","floor":36,"turns":1},{"damage":0,"enemies":"Writhing Mass","floor":37,"turns":1},{"damage":0,"enemies":"Maw","floor":38,"turns":1},{"damage":0,"enemies":"Spire Growth","floor":39,"turns":2},{"damage":3,"enemies":"Nemesis","floor":40,"turns":2},{"damage":0,"enemies":"Giant Head","floor":42,"turns":1},{"damage":0,"enemies":"Reptomancer","floor":44,"turns":1},{"damage":0,"enemies":"Writhing Mass","floor":45,"turns":1},{"damage":0,"enemies":"Maw","floor":46,"turns":1},{"damage":0,"enemies":"Mind Bloom Boss Battle","floor":47,"turns":1},{"damage":0,"enemies":"Awakened One","floor":50,"turns":2},{"damage":0,"enemies":"Time Eater","floor":51,"turns":1},{"damage":0,"enemies":"Shield and Spear","floor":56,"turns":1},{"damage":36,"enemies":"The Heart","floor":57,"turns":4}],"seed_played":"5529575875025544691","potions_obtained":[{"floor":14,"key":"EssenceOfSteel"},{"floor":16,"key":"AttackPotion"},{"floor":19,"key":"ColorlessPotion"},{"floor":22,"key":"EssenceOfSteel"},{"floor":27,"key":"AttackPotion"},{"floor":29,"key":"Swift Potion"},{"floor":40,"key":"Regen Potion"}],"is_trial":false,"path_per_floor":["M","M","?","$","M","R","M","E","T","R","?","$","R","M","R","B",null,"M","?","?","M","M","E","R","$","T","M","E","M","E","?","R","B",null,"M","M","M","M","M","E","$","E","T","E","M","M","?","?","R","B","B",null,null,"R","$","E","B",null],"character_chosen":"DANTE","items_purchased":["Hightime","Bag of Marbles","jedi:heavyjacket","Whetstone","Hightime"],"campfire_rested":1,"item_purchase_floors":[4,4,41,55,55],"current_hp_per_floor":[60,43,43,43,43,43,25,16,16,16,16,16,16,28,50,39,66,66,66,66,66,63,63,72,72,72,72,72,69,66,66,75,75,75,75,75,75,75,75,72,72,82,82,82,82,82,82,82,85,85,85,85,85,85,85,85,67],"gold":40,"neow_bonus":"HUNDRED_GOLD","is_daily":false,"chose_seed":false,"campfire_upgraded":6,"win_rate":0.0,"timestamp":1613195862,"path_taken":["M","M","?","$","M","R","M","E","T","R","?","$","R","?","R","BOSS","M","?","?","M","M","E","R","?","T","M","E","M","E","?","R","BOSS","M","M","M","?","M","E","$","E","T","E","M","M","?","?","R","BOSS","BOSS","R","$","E","BOSS"],"items_purchased_type":["Card","Relic","Relic","Relic","Card"],"build_version":"2020-12-22","purchased_purges":3,"victory":true,"max_hp_per_floor":[75,75,75,75,75,75,75,75,75,75,75,75,75,75,75,75,75,75,75,75,75,75,75,75,75,75,75,75,75,75,75,75,75,75,75,75,75,75,75,75,75,85,85,85,85,85,85,85,85,85,85,85,85,85,85,85,85],"card_choices":[{"not_picked":["LucifercomboC","Shock"],"picked":"Rebellion","floor":1.0},{"not_picked":["Gilgamesh","DT"],"picked":"Swordmaster","floor":2.0},{"not_picked":["Pandora","GilgameshcomboA","Holywater"],"picked":"SKIP","floor":5.0},{"not_picked":["DevilstarS","Airhike","Millionkick"],"picked":"SKIP","floor":7.0},{"not_picked":["LucifercomboD","Swordmaster"],"picked":"Weaponchange","floor":8},{"not_picked":["Gilgamesh","BeastUppercut","Fullhouse"],"picked":"SKIP","floor":14},{"not_picked":["Weaponreturn","Stylechange"],"picked":"Purpleorb","floor":16},{"not_picked":["Gilgamesh","Shock+1","Greenorb"],"picked":"SKIP","floor":18},{"not_picked":["Greenorb","Holywater"],"picked":"Stinger","floor":19},{"not_picked":["Dash2","Doubleshoot"],"picked":"SSScard+1","floor":21},{"not_picked":["Gunstinger","Doubleshoot","Rebellion"],"picked":"SKIP","floor":22},{"not_picked":["Greenorb+1","CoyoteA","VitalstarS"],"picked":"SKIP","floor":23},{"not_picked":["Weaponreturn","Weaponchange"],"picked":"Royaldefend","floor":27},{"not_picked":["Gunslinger","GilgameshcomboA"],"picked":"Dash1","floor":28},{"not_picked":["Fullhouse","Greenorb"],"picked":"Hightime","floor":29},{"not_picked":["Kick13","Straight"],"picked":"Swordcombo","floor":30},{"not_picked":["Gunstinger","LucifercomboB+1"],"picked":"Dash2","floor":35},{"not_picked":["LucifercomboC","Honeycombofire+1","Dash2"],"picked":"SKIP","floor":36},{"not_picked":["LucifercomboB","GilgameshcomboA","Gilgamesh"],"picked":"SKIP","floor":37},{"not_picked":["BeastUppercut","Fullhouse","Rebellion"],"picked":"SKIP","floor":38},{"not_picked":["Pandora","Weaponupgrade+1"],"picked":"Royaldefend","floor":39},{"not_picked":["Shock+1","BeastUppercut+1"],"picked":"Dash2+1","floor":40},{"not_picked":["Blueorb","LucifercomboC","Unrisingdragon+1"],"picked":"SKIP","floor":42},{"not_picked":["Lucifer","Straight","VitalstarS"],"picked":"SKIP","floor":44},{"not_picked":["Whiteorb","Gunstinger","LucifercomboB"],"picked":"SKIP","floor":45},{"not_picked":["EbonyIvory+1","GilgameshcomboA","Splesh"],"picked":"SKIP","floor":46},{"not_picked":["GilgameshcomboA","BeastUppercut"],"picked":"Millionkick+1","floor":47},{"not_picked":["GilgameshcomboA","LucifercomboA+1"],"picked":"Demonreform","floor":56}],"player_experience":1296834,"relics_obtained":[{"floor":8,"key":"Letter Opener"},{"floor":9,"key":"Meat on the Bone"},{"floor":19,"key":"Red Mask"},{"floor":23,"key":"Eternal Feather"},{"floor":23,"key":"Tea:ReiMu"},{"floor":26,"key":"Centennial Puzzle"},{"floor":28,"key":"Boot"},{"floor":28,"key":"Ancient Tea Set"},{"floor":30,"key":"jedi:crownofsimplicity"},{"floor":30,"key":"jedi:arcanewood"},{"floor":40,"key":"jedi:shrinkray"},{"floor":42,"key":"Pear"},{"floor":42,"key":"Ginger"},{"floor":44,"key":"Du-Vu Doll"},{"floor":44,"key":"Lantern"},{"floor":47,"key":"Unceasing Top"},{"floor":56,"key":"jedi:HeartOfTheCards"},{"floor":56,"key":"Pen Nib"}],"event_choices":[{"damage_healed":0,"gold_gain":0,"player_choice":"Forge","damage_taken":0,"max_hp_gain":0,"max_hp_loss":0,"event_name":"Accursed Blacksmith","floor":11,"gold_loss":0,"cards_upgraded":["Rebellion"]},{"damage_healed":0,"gold_gain":0,"player_choice":"Fought Bandits","damage_taken":0,"max_hp_gain":0,"max_hp_loss":0,"event_name":"Masked Bandits","floor":19,"gold_loss":0},{"damage_healed":0,"gold_gain":0,"player_choice":"Inject Mutagens","damage_taken":0,"relics_obtained":["MutagenicStrength"],"max_hp_gain":0,"max_hp_loss":0,"event_name":"Drug Dealer","floor":20,"gold_loss":0},{"damage_healed":0,"gold_gain":50,"player_choice":"Pray","damage_taken":0,"max_hp_gain":0,"max_hp_loss":0,"event_name":"Golden Shrine","floor":31,"gold_loss":0},{"damage_healed":0,"gold_gain":0,"player_choice":"Fight","damage_taken":0,"max_hp_gain":0,"max_hp_loss":0,"event_name":"MindBloom","floor":47,"gold_loss":0}],"is_beta":false,"boss_relics":[{"not_picked":["Busted Crown","Fusion Hammer"],"picked":"Black Star"},{"not_picked":["Astrolabe","Tiny House"],"picked":"Coffee Dripper"}],"items_purged_floors":[4,12,55],"is_endless":false,"potions_floor_spawned":[14,16,19,21,22,27,29,30,35,37,40,46,47],"ascension_level":20}}