{"host":"xjhv9wpdn6d41lfo","time":1613233845,"event":{"mods":["Act Like it!","BaseMod","Infinite Spire","Marked Mod","Minty Spire (QoL Compilation)","StSLib"],"gold_per_floor":[10000,9165,9165,9165,9165,9165,9175,8455,8455,8473,7722,7742,6728,6761,6761,6862,6862,6876,6889,6889,6904,6904,6930,6930,6963,6963,6980,6980,6258,6286,6304,6304,6408,6408,6420,6420,6440,6460,6460,6487,6487,5961,6010,6010,6010,6043,5562,5577,5577,5577],"floor_reached":51,"language":"ZHS","playtime":3001,"items_purged":["Strike_B","Regret","Strike_B","Defend_B","Defend_B","Defend_B"],"score":953,"play_id":"4f748d2a-296d-41b4-ba1b-5a31ccffb288","local_time":"20210214003045","is_ascension_mode":true,"campfire_choices":[{"data":"Zap","floor":6,"key":"SMITH"},{"data":"1","floor":15,"key":"LIFT"},{"data":"2","floor":24,"key":"LIFT"},{"data":"3","floor":32,"key":"LIFT"},{"data":"infinitespire:UltimateForm","floor":41,"key":"SMITH"},{"data":"Seek","floor":45,"key":"SMITH"},{"data":"infinitespire:Oblivion","floor":49,"key":"SMITH"}],"circlet_count":0,"master_deck":["Strike_B","Defend_B+1","Zap+1","Loop","Hologram+1","Ball Lightning","Self Repair","Capacitor","Zap+1","Storm","Reboot","White Noise","Hello World","Thunder Strike","CurseOfTheBell","Ball Lightning","Heatsinks","Zap","infinitespire:UltimateForm+1","BootSequence+1","Melter+1","White Noise","Seek+1","Doubt","Go for the Eyes+1","All For One+1","Madness","Madness","Undo+1","infinitespire:Oblivion+1"],"relics":["Cracked Core","Ancient Tea Set","Dream Catcher","Vajra","Strange Spoon","Kunai","infinitespire:EmpoweringShard","Letter Opener","Orichalcum","DollysMirror","Mercury Hourglass","Juzu Bracelet","infinitespire:SolderingIron","Eternal Feather","Girya","ClockworkSouvenir","infinitespire:Lucky Rock","Calling Bell","War Paint","infinitespire:CheckeredPen","TungstenRod","PreservedInsect","Toy Ornithopter","Pen Nib","Bag of Marbles","MutagenicStrength","Bronze Scales","infinitespire:WardingShard","Medical Kit","infinitespire:FocusingShard","Astrolabe","Meat on the Bone","MealTicket","infinitespire:Eraser","Oddly Smooth Stone","Cauldron","Bag of Preparation","Bottled Tornado"],"acts_visited":["Exordium","TheCity","TheBeyond"],"potions_floor_usage":[21,21,33,33,33,48],"damage_taken":[{"damage":1,"enemies":"Jaw Worm","floor":1,"turns":3},{"damage":10,"enemies":"Small Slimes","floor":7,"turns":3},{"damage":1,"enemies":"Cultist","floor":10,"turns":3},{"damage":14,"enemies":"Blue Slaver","floor":12,"turns":3},{"damage":0,"enemies":"Gremlin Nob","floor":14,"turns":3},{"damage":29,"enemies":"The Guardian","floor":16,"turns":5},{"damage":0,"enemies":"Spheric Guardian","floor":18,"turns":2},{"damage":0,"enemies":"Chosen","floor":19,"turns":1},{"damage":6,"enemies":"Centurion and Healer","floor":21,"turns":4},{"damage":0,"enemies":"Gremlin Leader","floor":23,"turns":1},{"damage":17,"enemies":"Slavers","floor":25,"turns":3},{"damage":2,"enemies":"Snake Plant","floor":27,"turns":2},{"damage":0,"enemies":"Gremlin Leader","floor":30,"turns":3},{"damage":1,"enemies":"Shelled Parasite and Fungi","floor":31,"turns":2},{"damage":6,"enemies":"Champ","floor":33,"turns":3},{"damage":2,"enemies":"3 Shapes","floor":35,"turns":2},{"damage":0,"enemies":"3 Darklings","floor":37,"turns":2},{"damage":21,"enemies":"Writhing Mass","floor":38,"turns":3},{"damage":0,"enemies":"Reptomancer","floor":40,"turns":1},{"damage":0,"enemies":"Giant Head","floor":46,"turns":2},{"damage":0,"enemies":"Transient","floor":48,"turns":5},{"damage":28,"enemies":"Time Eater","floor":50,"turns":5}],"seed_played":"-2832721195870514272","potions_obtained":[{"floor":1,"key":"BlessingOfTheForge"},{"floor":25,"key":"LiquidMemories"},{"floor":27,"key":"ColorlessPotion"},{"floor":33,"key":"Energy Potion"},{"floor":38,"key":"infinitespire:BlackPotion"},{"floor":40,"key":"Regen Potion"}],"is_trial":false,"path_per_floor":["M","$","?","?","T","R","M","$","T","M","$","M","$","E","R","B",null,"M","M","?","M","AVR","E","R","E","T","M","?","$","E","M","R","B",null,"M","?","M","M","AVR","E","R","$","T","?","R","E","?","M","R","B",null],"character_chosen":"DEFECT","items_purchased":["Dream Catcher","Vajra","Strange Spoon","Loop","Hologram","Ball Lightning","Strength Potion","LiquidBronze","Letter Opener","Orichalcum","Capacitor","DollysMirror","Juzu Bracelet","infinitespire:SolderingIron","Storm","Reboot","Eternal Feather","Girya","ClockworkSouvenir","White Noise","Hello World","Bronze Scales","infinitespire:WardingShard","Medical Kit","infinitespire:Eraser","Oddly Smooth Stone","Cauldron"],"campfire_rested":0,"item_purchase_floors":[2,2,2,2,2,2,2,2,8,8,8,8,11,11,11,11,13,13,13,13,13,29,29,29,42,42,42],"current_hp_per_floor":[74,74,74,74,74,74,64,64,64,70,70,63,63,63,72,50,75,75,75,75,75,75,75,75,58,58,63,63,63,63,69,75,75,75,75,67,67,46,46,46,64,75,75,75,75,75,75,75,75,54],"gold":5577,"neow_bonus":"RANDOM_COMMON_RELIC","is_daily":false,"chose_seed":false,"campfire_upgraded":4,"win_rate":0.0,"timestamp":1613233845,"path_taken":["M","$","?","?","?","R","M","$","T","M","?","M","$","E","R","BOSS","M","M","?","M","AVR","E","R","E","T","M","?","$","E","M","R","BOSS","M","?","M","M","AVR","E","R","$","T","?","R","E","?","M","R","BOSS"],"items_purchased_type":["Relic","Relic","Relic","Card","Card","Card","Potion","Potion","Relic","Relic","Card","Relic","Relic","Relic","Card","Card","Relic","Relic","Relic","Card","Card","Relic","Relic","Relic","Relic","Relic","Relic"],"build_version":"2020-12-22","purchased_purges":6,"victory":true,"max_hp_per_floor":[75,75,75,75,75,75,75,75,75,75,75,75,75,75,75,75,75,75,75,75,75,75,75,75,75,75,75,75,75,75,75,75,75,75,75,75,75,75,75,75,75,75,75,75,75,75,75,75,75,75],"card_choices":[{"not_picked":["Cold Snap","Stack","Force Field"],"picked":"SKIP","floor":1},{"not_picked":["Scrape","Go for the Eyes"],"picked":"Self Repair","floor":7},{"not_picked":["Cold Snap","Stack","Hologram"],"picked":"SKIP","floor":10},{"not_picked":["Gash","Hologram","Glacier"],"picked":"SKIP","floor":12},{"not_picked":["Coolheaded","Blizzard","Stack"],"picked":"SKIP","floor":14},{"not_picked":["Buffer","Rainbow"],"picked":"Thunder Strike","floor":16},{"not_picked":["Rip and Tear","Reinforced Body+1"],"picked":"Ball Lightning","floor":18},{"not_picked":["Conserve Battery+1","Double Energy"],"picked":"Heatsinks","floor":19},{"not_picked":["Doom and Gloom","Gash","Steam+1"],"picked":"SKIP","floor":21},{"not_picked":["Stack","Coolheaded"],"picked":"BootSequence+1","floor":23},{"not_picked":["Sweeping Beam+1","Gash"],"picked":"Melter+1","floor":25},{"not_picked":["Chill","Beam Cell","Cold Snap"],"picked":"SKIP","floor":27},{"not_picked":["Hologram","Stack"],"picked":"Fission","floor":30},{"not_picked":["FTL","Cold Snap"],"picked":"White Noise","floor":31},{"not_picked":["Creative AI","Echo Form"],"picked":"Seek","floor":33},{"not_picked":["Conserve Battery","Glacier+1","Blizzard"],"picked":"SKIP","floor":35},{"not_picked":["Hello World","Heatsinks","Sweeping Beam"],"picked":"SKIP","floor":37},{"not_picked":["Hello World","Heatsinks","Sweeping Beam"],"picked":"SKIP","floor":37},{"not_picked":["Sweeping Beam","Stack+1","Streamline+1"],"picked":"SKIP","floor":38},{"not_picked":["Double Energy","Thunder Strike"],"picked":"Undo+1","floor":40},{"not_picked":["BootSequence+1","Double Energy","Capacitor+1"],"picked":"SKIP","floor":46},{"not_picked":["infinitespire:UltimateForm","infinitespire:FinalStrike"],"picked":"infinitespire:Oblivion","floor":47},{"not_picked":["Blizzard","Leap+1","Ball Lightning+1"],"picked":"SKIP","floor":48}],"player_experience":13570,"relics_obtained":[{"floor":5,"key":"infinitespire:EmpoweringShard"},{"floor":9,"key":"Mercury Hourglass"},{"floor":14,"key":"infinitespire:Lucky Rock"},{"floor":17,"key":"War Paint"},{"floor":17,"key":"infinitespire:CheckeredPen"},{"floor":17,"key":"TungstenRod"},{"floor":23,"key":"Toy Ornithopter"},{"floor":25,"key":"Pen Nib"},{"floor":26,"key":"Bag of Marbles"},{"floor":30,"key":"infinitespire:FocusingShard"},{"floor":40,"key":"MealTicket"},{"floor":43,"key":"Bag of Preparation"},{"floor":46,"key":"Bottled Tornado"}],"event_choices":[{"damage_healed":0,"gold_gain":0,"player_choice":"Ignored","damage_taken":0,"max_hp_gain":0,"max_hp_loss":0,"event_name":"Liars Game","floor":3,"gold_loss":0},{"damage_healed":0,"gold_gain":0,"player_choice":"Box","damage_taken":0,"relics_obtained":["Kunai"],"max_hp_gain":0,"max_hp_loss":0,"event_name":"Big Fish","floor":4,"gold_loss":0,"cards_obtained":["Regret"]},{"damage_healed":0,"gold_gain":0,"player_choice":"2 cards matched","damage_taken":0,"max_hp_gain":0,"max_hp_loss":0,"event_name":"Match and Keep!","floor":20,"gold_loss":0,"cards_obtained":["Zap","Pain"]},{"damage_healed":0,"gold_gain":0,"player_choice":"Inject Mutagens","damage_taken":0,"relics_obtained":["MutagenicStrength"],"max_hp_gain":0,"max_hp_loss":0,"event_name":"Drug Dealer","floor":28,"gold_loss":0},{"damage_healed":0,"gold_gain":0,"player_choice":"Embrace Madness","damage_taken":9,"max_hp_gain":0,"max_hp_loss":0,"event_name":"Winding Halls","floor":36,"gold_loss":0,"cards_obtained":["Madness","Madness"]},{"cards_removed":["Fission"],"damage_healed":0,"gold_gain":0,"player_choice":"Removed Skill","damage_taken":0,"max_hp_gain":0,"max_hp_loss":0,"event_name":"Falling","floor":44,"gold_loss":0}],"is_beta":false,"boss_relics":[{"not_picked":["Coffee Dripper","Cursed Key"],"picked":"Calling Bell"},{"not_picked":["Runic Pyramid","Empty Cage"],"picked":"Astrolabe"}],"items_purged_floors":[2,8,11,13,22,29],"is_endless":false,"potions_floor_spawned":[1,14,16,25,27,33,38,40],"ascension_level":1}}