{"host":"p0hktren06injwdf","time":1613183319,"event":{"mods":["AchievementEnabler","BaseMod","Colored Map","DeckTracker","Minty Spire (QoL Compilation)","Permanent Neow","StSLib","SuperFastMode"],"gold_per_floor":[111,124,137,137,23,55,55,69,69,83,100,145,175,191,191,265,265,279,279,292,192,82,109,120,133,133,133,163,188,212,231,231,231,231],"floor_reached":33,"language":"KOR","playtime":539,"items_purged":["Defend_P","Defend_P"],"score":752,"play_id":"c69d4511-bc92-4ba9-a8a1-af665bdbf7f2","local_time":"20210213112839","is_ascension_mode":true,"campfire_choices":[{"data":"WheelKick","floor":7.0,"key":"SMITH"},{"data":"EmptyFist","floor":15.0,"key":"SMITH"},{"data":"Adaptation","floor":27.0,"key":"SMITH"},{"floor":32,"key":"REST"}],"circlet_count":0,"master_deck":["AscendersBane","Strike_P","Strike_P","Strike_P+1","Defend_P","Eruption+1","Vigilance","BowlingBash","EmptyFist+1","WheelKick+1","TalkToTheHand+1","DeusExMachina+1","Halt+1","Adaptation+1","Wallop","FlurryOfBlows"],"relics":["PureWater","Pen Nib","Whetstone","Tiny Chest","Pear","Philosopher\u0027s Stone","Akabeko","CeramicFish","Centennial Puzzle"],"acts_visited":["Exordium","TheCity"],"potions_floor_usage":[31,33,33],"damage_taken":[{"damage":0.0,"enemies":"Cultist","floor":1.0,"turns":4.0},{"damage":1.0,"enemies":"2 Louse","floor":2.0,"turns":3.0},{"damage":0.0,"enemies":"Jaw Worm","floor":3.0,"turns":4.0},{"damage":4.0,"enemies":"Gremlin Nob","floor":6.0,"turns":3.0},{"damage":1.0,"enemies":"Exordium Wildlife","floor":8.0,"turns":2.0},{"damage":0.0,"enemies":"Large Slime","floor":10.0,"turns":3.0},{"damage":0.0,"enemies":"Lots of Slimes","floor":11.0,"turns":3.0},{"damage":15.0,"enemies":"3 Sentries","floor":13.0,"turns":4.0},{"damage":0.0,"enemies":"Gremlin Gang","floor":14.0,"turns":3.0},{"damage":0.0,"enemies":"Slime Boss","floor":16.0,"turns":4.0},{"damage":0.0,"enemies":"Chosen","floor":18.0,"turns":2.0},{"damage":19.0,"enemies":"2 Thieves","floor":20.0,"turns":2.0},{"damage":0.0,"enemies":"Slavers","floor":23.0,"turns":4.0},{"damage":9.0,"enemies":"Centurion and Healer","floor":24.0,"turns":4.0},{"damage":0.0,"enemies":"3 Cultists","floor":25.0,"turns":3.0},{"damage":5.0,"enemies":"Book of Stabbing","floor":28.0,"turns":3.0},{"damage":22.0,"enemies":"Snake Plant","floor":29.0,"turns":2.0},{"damage":11,"enemies":"Shelled Parasite and Fungi","floor":31,"turns":3},{"damage":44,"enemies":"Automaton","floor":33,"turns":6}],"seed_played":"3548328740045009855","potions_obtained":[{"floor":2.0,"key":"BlessingOfTheForge"},{"floor":3.0,"key":"Block Potion"},{"floor":6.0,"key":"StancePotion"},{"floor":13.0,"key":"Energy Potion"},{"floor":14.0,"key":"DuplicationPotion"},{"floor":31,"key":"GamblersBrew"}],"is_trial":false,"path_per_floor":["M","M","M","?","$","E","R","M","T","M","M","T","E","M","R","B",null,"M","?","M","$","?","E","M","M","T","R","E","M","T","M","R","B"],"character_chosen":"WATCHER","items_purchased":["TalkToTheHand"],"campfire_rested":1,"item_purchase_floors":[5],"current_hp_per_floor":[61,60,60,60,60,56,56,55,55,55,55,55,50,50,50,50,71,71,71,52,52,52,52,43,43,43,43,38,16,16,5,28,0,0],"gold":231,"neow_bonus":"TRANSFORM_CARD","is_daily":false,"chose_seed":false,"campfire_upgraded":3,"win_rate":0.0,"timestamp":1613183319,"path_taken":["M","M","M","?","$","E","R","M","T","?","M","?","E","M","R","BOSS","M","?","M","$","?","E","M","M","T","R","E","?","?","M","R","BOSS"],"items_purchased_type":["Card"],"build_version":"2020-12-22","purchased_purges":2,"victory":false,"max_hp_per_floor":[68,68,68,68,68,68,68,68,68,68,68,68,78,78,78,78,78,78,78,78,78,78,78,78,78,78,78,78,78,78,78,78,78,78],"card_choices":[{"not_picked":["JustLucky","Study"],"picked":"EmptyFist","floor":1.0},{"not_picked":["SashWhip","Prostrate"],"picked":"WheelKick","floor":2.0},{"not_picked":["PathToVictory","Prostrate","CutThroughFate"],"picked":"SKIP","floor":3.0},{"not_picked":["SashWhip","Meditate","Wireheading"],"picked":"SKIP","floor":6.0},{"not_picked":["Protect","SignatureMove","MasterReality"],"picked":"SKIP","floor":8.0},{"not_picked":["Prostrate","SandsOfTime","BattleHymn"],"picked":"SKIP","floor":10.0},{"not_picked":["Consecrate","SignatureMove","JustLucky"],"picked":"SKIP","floor":11.0},{"not_picked":["Protect","ReachHeaven","Crescendo"],"picked":"SKIP","floor":13.0},{"not_picked":["Crescendo","Conclude","FlyingSleeves"],"picked":"SKIP","floor":14.0},{"not_picked":["Crescendo","Conclude","FlyingSleeves"],"picked":"SKIP","floor":14.0},{"not_picked":["MasterReality","Judgement"],"picked":"DeusExMachina","floor":16.0},{"not_picked":["EmptyBody","Sanctity+1","CrushJoints"],"picked":"SKIP","floor":18.0},{"not_picked":["Prostrate","FlurryOfBlows"],"picked":"Halt+1","floor":20.0},{"not_picked":["DeceiveReality","JustLucky","SandsOfTime"],"picked":"SKIP","floor":23.0},{"not_picked":["Conclude","FollowUp"],"picked":"Adaptation","floor":24.0},{"not_picked":["Indignation","JustLucky+1","FlurryOfBlows"],"picked":"SKIP","floor":25.0},{"not_picked":["Sanctity","DevaForm","CrushJoints"],"picked":"SKIP","floor":28.0},{"not_picked":["Evaluate+1","ForeignInfluence"],"picked":"Wallop","floor":29.0},{"not_picked":["EmptyFist","FlurryOfBlows","CutThroughFate"],"picked":"SKIP","floor":31},{"not_picked":["EmptyFist","CutThroughFate"],"picked":"FlurryOfBlows","floor":31}],"player_experience":1040388,"relics_obtained":[{"floor":6.0,"key":"Pen Nib"},{"floor":9.0,"key":"Whetstone"},{"floor":12.0,"key":"Tiny Chest"},{"floor":13.0,"key":"Pear"},{"floor":23.0,"key":"Akabeko"},{"floor":26.0,"key":"CeramicFish"},{"floor":28.0,"key":"Centennial Puzzle"}],"event_choices":[{"damage_healed":0.0,"max_hp_gain":0.0,"max_hp_loss":0.0,"gold_gain":0.0,"event_name":"Accursed Blacksmith","player_choice":"Forge","floor":4.0,"gold_loss":0.0,"damage_taken":0.0,"cards_upgraded":["Eruption"]},{"damage_healed":0.0,"max_hp_gain":0.0,"max_hp_loss":0.0,"gold_gain":0.0,"event_name":"Cursed Tome","player_choice":"Ignored","floor":19.0,"gold_loss":0.0,"damage_taken":0.0},{"cards_removed":["Strike_P"],"damage_healed":0.0,"max_hp_gain":0.0,"max_hp_loss":0.0,"gold_gain":0.0,"event_name":"Designer","player_choice":"Upgrade and Remove","floor":22.0,"gold_loss":110.0,"damage_taken":0.0,"cards_upgraded":["DeusExMachina"]}],"is_beta":false,"boss_relics":[{"not_picked":["Pandora\u0027s Box","Coffee Dripper"],"picked":"Philosopher\u0027s Stone"}],"items_purged_floors":[5,21],"is_endless":false,"potions_floor_spawned":[2,3,6,13,14,18,29,31],"killed_by":"Automaton","ascension_level":20}}