{"host":"za9ilm1uiwmpmin1","time":1613233048,"event":{"mods":["AchievementEnabler","Act Like it!","BaseMod","Dota2Spire","Downfall","Friendly Minions","KomeijiMod","Lobotomy","LobotomyExtend","Minty Spire (QoL Compilation)","MostiFishMod","Reorder Act Four","RumiaBox-露米娅的神秘盒子","StSLib","TestMod","Waifu the Spire","[IsaacMod]以撒尖塔","【功能Mod】混沌之环修复补丁"],"gold_per_floor":[114,124,143,143,154,188,-1287,-1287,-1287,-1277,-1277,-1251,-1233,-1208,-1208,-1132,-1132,-1117,-1117,-1102,-1083,-1072,-1046,-1029,-1029,-948,-919,-908,-873,-873,-853,-853,-776,-776,-758,-708,-691,-671,-671,-644,-627,-595,-521,-491,-491,-481,-451,-431,-431,-431,-431,-431,-431,-431,-431,-396,-396],"floor_reached":58,"language":"ZHS","playtime":2726,"items_purged":["sneckomod:Unknown","sneckomod:SnekBite"],"score":4001,"play_id":"40977954-bd44-4a9e-b2cf-a363cfc022ff","local_time":"20210214001728","is_ascension_mode":true,"campfire_choices":[{"data":"sneckomod:Memorize","floor":15.0,"key":"SMITH"},{"floor":25.0,"key":"RECALL"},{"data":"sneckomod:TrashToTreasure","floor":30.0,"key":"SMITH"},{"data":"sneckomod:UnknownDraw","floor":32.0,"key":"SMITH"},{"data":"sneckomod:SoulDraw","floor":45.0,"key":"SMITH"},{"floor":49.0,"key":"DIG"},{"data":"sneckomod:TailWhip","floor":55.0,"key":"SMITH"}],"circlet_count":0,"master_deck":["AscendersBane","sneckomod:Defend","sneckomod:Defend","sneckomod:TailWhip+1","sneckomod:Unknown","sneckomod:SoulDraw+1","sneckomod:SnakeSap","sneckomod:IronFang","champ:RageSigil+1","sneckomod:UnknownDraw+1","sneckomod:TrashToTreasure+1","sneckomod:RainOfDice+1"],"relics":["DaveBox","HushsDoor","testmod-TestBox","testmod-Temperance","HowToJump","Civilization","JellyFishMachine","SynthV:TestCard","LetterFromLob","Ancient Tea Set","Shovel","SynthV:MejaisSoulstealer","Question Card","hexamod:CandleOfCauterizing","Busted Crown","Dota2Spire:BlackKingBar","GodSword6","Dota2Spire:Satanic","testmod-Justice","Runic Dome","SatanicBible","Mummified Hand","Nunchaku","Blue Candle","testmod-Antiphasic","MagicDraw4","Orichalcum","Dota2Spire:AghanimScepter","ImprovedEquipment"],"acts_visited":["Exordium","TheCity","TheBeyond","TheEnding"],"potions_floor_usage":[56,57,57,57],"damage_taken":[{"damage":1.0,"enemies":"Cultist","floor":1.0,"turns":3.0},{"damage":0.0,"enemies":"Small Slimes","floor":2.0,"turns":3.0},{"damage":0.0,"enemies":"2 Louse","floor":3.0,"turns":2.0},{"damage":2.0,"enemies":"Lots of Slimes","floor":5.0,"turns":5.0},{"damage":0.0,"enemies":"Gremlin Nob","floor":6.0,"turns":2.0},{"damage":0.0,"enemies":"Large Slime","floor":10.0,"turns":2.0},{"damage":0.0,"enemies":"Lagavulin","floor":12.0,"turns":4.0},{"damage":0.0,"enemies":"2 Fungi Beasts","floor":13.0,"turns":2.0},{"damage":0.0,"enemies":"Gremlin Nob","floor":14.0,"turns":3.0},{"damage":0.0,"enemies":"Hexaghost","floor":16.0,"turns":3.0},{"damage":0.0,"enemies":"3 Byrds","floor":18.0,"turns":3.0},{"damage":0.0,"enemies":"Spheric Guardian","floor":20.0,"turns":1.0},{"damage":0.0,"enemies":"3 Cultists","floor":21.0,"turns":3.0},{"damage":0.0,"enemies":"Shelled Parasite and Fungi","floor":22.0,"turns":3.0},{"damage":0.0,"enemies":"Gremlin Leader","floor":23.0,"turns":2.0},{"damage":0.0,"enemies":"Snecko","floor":24.0,"turns":2.0},{"damage":0.0,"enemies":"Book of Stabbing","floor":27.0,"turns":4.0},{"damage":0.0,"enemies":"Chosen and Byrds","floor":28.0,"turns":3.0},{"damage":0.0,"enemies":"Slavers","floor":29.0,"turns":2.0},{"damage":0.0,"enemies":"Centurion and Healer","floor":31.0,"turns":3.0},{"damage":0.0,"enemies":"Collector","floor":33.0,"turns":4.0},{"damage":0.0,"enemies":"3 Darklings","floor":35.0,"turns":4.0},{"damage":0.0,"enemies":"Hiden Room Battle","floor":36.0,"turns":3.0},{"damage":10.0,"enemies":"Orb Walker","floor":37.0,"turns":2.0},{"damage":0.0,"enemies":"4 Shapes","floor":38.0,"turns":3.0},{"damage":0.0,"enemies":"Nemesis","floor":40.0,"turns":3.0},{"damage":8.0,"enemies":"Sphere and 2 Shapes","floor":41.0,"turns":3.0},{"damage":0.0,"enemies":"Giant Head","floor":42.0,"turns":5.0},{"damage":48.0,"enemies":"Reptomancer","floor":44.0,"turns":10.0},{"damage":0.0,"enemies":"3 Darklings","floor":46.0,"turns":4.0},{"damage":0.0,"enemies":"Giant Head","floor":47.0,"turns":4.0},{"damage":0.0,"enemies":"4 Shapes","floor":48.0,"turns":2.0},{"damage":0.0,"enemies":"Donu and Deca","floor":50.0,"turns":5.0},{"damage":0.0,"enemies":"Awakened One","floor":51.0,"turns":5.0},{"damage":0,"enemies":"Shield and Spear","floor":56,"turns":3},{"damage":0,"enemies":"The Heart","floor":57,"turns":5}],"seed_played":"1698651786002788992","potions_obtained":[{"floor":2.0,"key":"GamblersBrew"},{"floor":5.0,"key":"Dexterity Potion"},{"floor":16.0,"key":"Block Potion"},{"floor":24.0,"key":"testmod-SpacePotion"},{"floor":27.0,"key":"ColorlessPotion"},{"floor":31.0,"key":"DuplicationPotion"}],"is_trial":false,"path_per_floor":["M","M","M","?","M","E","$","M","T","M","?","E","M","E","R","B",null,"M","$","M","M","M","E","M","R","T","E","M","E","R","M","R","B",null,"M","?","M","M","?","E","M","E","T","E","R","M","E","M","R","B","B",null,null,"$","R","E","B",null],"character_chosen":"THE_SNECKO","items_purchased":["SynthV:MejaisSoulstealer","SatanicBible"],"campfire_rested":0,"item_purchase_floors":[7,34],"current_hp_per_floor":[75,78,83,68,71,76,76,76,76,81,81,86,91,96,96,101,121,126,126,131,136,141,146,151,151,151,156,161,166,166,171,171,176,167,172,162,167,172,167,172,169,174,174,133,133,138,145,152,152,159,164,164,215,215,215,222,229],"gold":-396,"neow_bonus":"BOSS_RELIC","is_daily":false,"chose_seed":false,"campfire_upgraded":5,"win_rate":0.0,"timestamp":1613233048,"path_taken":["M","?","M","?","M","E","$","M","T","M","?","E","M","E","R","BOSS","M","$","M","M","M","E","M","R","T","E","M","E","R","M","R","BOSS","M","?","?","M","?","E","M","E","T","E","R","M","E","M","R","BOSS","BOSS","$","R","E","BOSS"],"items_purchased_type":["Relic","Relic"],"build_version":"2020-12-22","purchased_purges":2,"victory":true,"max_hp_per_floor":[84,87,92,92,97,102,102,102,102,107,107,112,117,122,122,127,127,132,132,137,142,147,152,157,157,157,162,167,172,172,177,177,182,167,172,177,182,187,187,192,197,202,202,207,207,212,217,222,222,227,232,232,232,232,232,237,242],"card_choices":[{"not_picked":["sneckomod:Unknown0Cost","sneckomod:UnknownBlock"],"picked":"sneckomod:SoulDraw","floor":1.0},{"not_picked":["sneckomod:UnknownX","sneckomod:UnknownStrike","sneckomod:UnknownBlock","sneckomod:DiceBoulder"],"picked":"Bomb","floor":2.0},{"not_picked":["sneckomod:DiceCrush","sneckomod:SerpentIdol","sneckomod:IronFang","sneckomod:WideSting"],"picked":"Bomb","floor":3.0},{"not_picked":["sneckomod:Unknown1Cost","sneckomod:UnknownX","sneckomod:DiceBoulder","sneckomod:DangerNoodle"],"picked":"sneckomod:SnakeSap","floor":5.0},{"not_picked":["sneckomod:Unknown1Cost","sneckomod:SnekBeam","sneckomod:ImprovisedGuard","sneckomod:Nope"],"picked":"sneckomod:IronFang","floor":6.0},{"not_picked":["sneckomod:UnknownVulnerable","sneckomod:SoulDraw","Bomb","sneckomod:SoulRoll"],"picked":"sneckomod:UnknownDraw","floor":10.0},{"not_picked":["sneckomod:SoulExchange","sneckomod:DangerNoodle","sneckomod:WideSting","sneckomod:QuickBite"],"picked":"Bomb","floor":12.0},{"not_picked":["sneckomod:UnknownCommonSkill","sneckomod:Nope","sneckomod:IronFang","sneckomod:SnekBeam","sneckomod:Unknown1Cost"],"picked":"sneckomod:Memorize","floor":13.0},{"not_picked":["sneckomod:UnknownCommonAttack","sneckomod:UnknownStrike","sneckomod:IronFang","sneckomod:UnendingSupply","sneckomod:Nope"],"picked":"Bomb","floor":14.0},{"not_picked":["sneckomod:UnknownWeak","sneckomod:UnknownBlock","sneckomod:DiceBlock"],"picked":"sneckomod:UnknownDraw","floor":18.0},{"not_picked":["sneckomod:SnakeSap","sneckomod:UnknownBlock+1","sneckomod:UnknownClassGREEN","sneckomod:Nope+1"],"picked":"SKIP","floor":20.0},{"not_picked":["sneckomod:DiceBoulder","sneckomod:Nope","sneckomod:ImprovisedAttack","sneckomod:UnknownStrike"],"picked":"SKIP","floor":21.0},{"not_picked":["sneckomod:IronFang","sneckomod:SoulRoll","sneckomod:UnknownClassTHE_CHAMP_GRAY+1","sneckomod:RainOfDice"],"picked":"SKIP","floor":22.0},{"not_picked":["sneckomod:UnknownRareSkill","sneckomod:IronFang","sneckomod:Unknown0Cost","sneckomod:QuickBite+1"],"picked":"SKIP","floor":23.0},{"not_picked":["sneckomod:UnknownUncommonPower+1","sneckomod:DefensiveFlair+1","sneckomod:SoulRoll"],"picked":"sneckomod:TrashToTreasure","floor":24.0},{"not_picked":["sneckomod:Mudshield","sneckomod:UnknownClassGREEN","sneckomod:SoulRoll","sneckomod:SoulDraw"],"picked":"SKIP","floor":27.0},{"not_picked":["sneckomod:UnknownDraw","sneckomod:ImprovisedAttack","sneckomod:Unknown1Cost","sneckomod:Nope"],"picked":"SKIP","floor":28.0},{"not_picked":["sneckomod:UnknownRareSkill","sneckomod:DiceBlock","sneckomod:MasterEye","sneckomod:UnknownCommonSkill"],"picked":"SKIP","floor":29.0},{"not_picked":["sneckomod:UnknownClassTHE_BRONZE_AUTOMATON","sneckomod:DiceCrush","sneckomod:UnknownBlock","sneckomod:UnknownClassGREEN"],"picked":"SKIP","floor":31.0},{"not_picked":["sneckomod:Unknown1Cost","sneckomod:UnknownX","sneckomod:SoulRoll+1","sneckomod:RainOfDice"],"picked":"SKIP","floor":35.0},{"not_picked":["sneckomod:UnknownCommonAttack","sneckomod:Unknown1Cost+1","sneckomod:WideSting+1","sneckomod:Restock"],"picked":"SKIP","floor":37.0},{"not_picked":["sneckomod:UnknownDraw","sneckomod:ImprovisedGuard+1","sneckomod:SoulDraw","sneckomod:DiceCrush"],"picked":"SKIP","floor":38.0},{"not_picked":["sneckomod:QuickMove","sneckomod:UnknownDraw","sneckomod:SnekBeam","sneckomod:Nope"],"picked":"SKIP","floor":40.0},{"not_picked":["sneckomod:DefensiveFlair+1","sneckomod:DiceCrush","sneckomod:RainOfDice+1","sneckomod:UnknownStrike"],"picked":"SKIP","floor":41.0},{"not_picked":["sneckomod:MixItUp","sneckomod:UnknownStrength","sneckomod:UnknownClassTHE_BRONZE_AUTOMATON","sneckomod:UnknownUncommonPower"],"picked":"SKIP","floor":42.0},{"not_picked":["sneckomod:Unknown0Cost","sneckomod:UnknownVulnerable","sneckomod:SnakeSap","sneckomod:UnknownColorless"],"picked":"SKIP","floor":44.0},{"not_picked":["sneckomod:SnekBeam","sneckomod:SnakeSap+1","sneckomod:SoulRoll","sneckomod:QuickMove"],"picked":"SKIP","floor":46.0},{"not_picked":["sneckomod:RainOfDice","sneckomod:QuickMove","sneckomod:SoulExchange","sneckomod:UnknownUncommonSkill"],"picked":"SKIP","floor":47.0},{"not_picked":["sneckomod:WideSting+1","sneckomod:DiceBlock+1","sneckomod:UnknownBlock"],"picked":"sneckomod:RainOfDice+1","floor":48.0},{"not_picked":["sneckomod:DefensiveFlair","sneckomod:Restock","sneckomod:UnknownUncommonSkill+1","sneckomod:Transmogrify"],"picked":"SKIP","floor":56}],"player_experience":1132913,"relics_obtained":[{"floor":1.0,"key":"SynthV:TestCard"},{"floor":1.0,"key":"LetterFromLob"},{"floor":6.0,"key":"Shovel"},{"floor":12.0,"key":"Question Card"},{"floor":14.0,"key":"hexamod:CandleOfCauterizing"},{"floor":23.0,"key":"Dota2Spire:BlackKingBar"},{"floor":26.0,"key":"GodSword6"},{"floor":27.0,"key":"Dota2Spire:Satanic"},{"floor":29.0,"key":"testmod-Justice"},{"floor":36.0,"key":"Mummified Hand"},{"floor":36.0,"key":"Nunchaku"},{"floor":40.0,"key":"testmod-Antiphasic"},{"floor":42.0,"key":"MagicDraw4"},{"floor":47.0,"key":"Orichalcum"},{"floor":49.0,"key":"Dota2Spire:AghanimScepter"},{"floor":56,"key":"ImprovedEquipment"}],"event_choices":[{"damage_healed":0.0,"max_hp_gain":0.0,"max_hp_loss":0.0,"gold_gain":0.0,"event_name":"Accursed Blacksmith","player_choice":"Forge","floor":11.0,"gold_loss":0.0,"damage_taken":0.0,"cards_upgraded":["sneckomod:UnknownDraw"]},{"damage_healed":0.0,"max_hp_gain":0.0,"max_hp_loss":0.0,"gold_gain":0.0,"event_name":"HidenRoomEvent","player_choice":"Fight","floor":36.0,"gold_loss":0.0,"damage_taken":0.0}],"is_beta":false,"boss_relics":[{"not_picked":["sneckomod:SneckoBoss","BloodWine"],"picked":"Busted Crown"},{"not_picked":[]},{"not_picked":["testmod-Nine","testmod-StringDisintegrator"],"picked":"Runic Dome"},{"not_picked":[]}],"items_purged_floors":[7,34],"is_endless":false,"potions_floor_spawned":[2,5,10,12,13,14,16,20,24,27,29,31,33,35,37,40,42,47,56],"ascension_level":20}}