{"host":"df48i9djcn92c5sx","time":1613222065,"event":{"mods":["Act Like it!","Arknights","BaseMod","Decade(王小明)","Downfall","Gensokyo","Marisa（F雨　魔理沙）","Minty Spire (QoL Compilation)","READ ME - Guardian Mod","READ ME - Snecko Mod","Reimu（博丽灵梦）","Remilia（蕾米莉亚）","Shop Mod","StSLib","The Jungle","The Servant 0.9.4"],"gold_per_floor":[114,114,42,42,7,39,57,57,57,67,80,80,30,47,47,121,121,132,151,48,48,100,5,21,21,21,71,71,106,106,142,142,528,528,554,554,241,250,250,294,294,294,343,343,343,343,21,65,65,65],"floor_reached":51,"language":"ZHS","playtime":2299,"items_purged":["Strike_MRS"],"score":1320,"play_id":"ae18db0b-2542-450d-b07a-afe5ec2c7ceb","local_time":"20210213211425","is_ascension_mode":true,"campfire_choices":[{"data":"MasterSpark","floor":8.0,"key":"SMITH"},{"data":"UltimateShortwave","floor":12.0,"key":"SMITH"},{"data":"StarBarrage","floor":15.0,"key":"SMITH"},{"data":"Orbital","floor":25.0,"key":"SMITH"},{"data":"FairyDestructionRay","floor":28.0,"key":"SMITH"},{"data":"GrandCross","floor":30.0,"key":"SMITH"},{"data":"AsteroidBelt","floor":32.0,"key":"SMITH"},{"data":"ShootTheMoon","floor":41,"key":"SMITH"},{"data":"MagicAbsorber","floor":46,"key":"SMITH"},{"data":"Defend_MRS","floor":49,"key":"SMITH"}],"circlet_count":0,"master_deck":["AscendersBane","Strike_MRS","Strike_MRS+1","Defend_MRS","Defend_MRS","Defend_MRS","Defend_MRS+1","MasterSpark+1","UpSweep+1","ShootTheMoon+1","MagicAbsorber+1","OrrerysSun+1","DarkMatter+1","GrandCross+1","UltimateShortwave+1","StarBarrage+1","AsteroidBelt+1","Orbital+1","SatelliteIllusion+1","SuperPerseids+1","OortCloud+1","FairyDestructionRay+1","Gensokyo:FourOfAKind+1","Gensokyo:FourOfAKind+1","Gensokyo:FourOfAKind+1","EscapeVelocity+1","EnergyFlow+1","Gensokyo:DreamlikeParadise+1","MaximisePower+1","AlicesGift+1"],"relics":["MiniHakkero","NeowsBlessing","Gensokyo:MarisaPhilosophersStone","Frozen Egg 2","Pantograph","Unceasing Top","Coffee Dripper","White Beast Statue","Pen Nib","Juzu Bracelet","Matryoshka","CeramicFish","Toy Ornithopter","Toxic Egg 2","Old Coin","expansioncontent:StudyCardRelic","Blood Vial","Toolbox","TentaclePot:ReiMu","Gensokyo:EmptyGrave","AmplifyWand","AntiCross","InkBottle","Whetstone","Gensokyo:DualWield","BreadOfAWashokuLover","Oddly Smooth Stone"],"acts_visited":["Exordium","Gensokyo:Gensokyo","Gensokyo:Gensokyoer"],"potions_floor_usage":[40,40,40],"damage_taken":[{"damage":0.0,"enemies":"Gensokyo:Python","floor":1.0,"turns":1.0},{"damage":0.0,"enemies":"Gensokyo:Python","floor":4.0,"turns":1.0},{"damage":4.0,"enemies":"Gensokyo:Cirno","floor":6.0,"turns":2.0},{"damage":6.0,"enemies":"Gensokyo:2_Kodama","floor":7.0,"turns":3.0},{"damage":3.0,"enemies":"Gensokyo:Gryphon","floor":10.0,"turns":4.0},{"damage":5.0,"enemies":"Gensokyo:3_Kodama","floor":11.0,"turns":5.0},{"damage":17.0,"enemies":"Gensokyo:Gryphon_and_Rabbit","floor":14.0,"turns":5.0},{"damage":8.0,"enemies":"Gensokyo:Yukari","floor":16.0,"turns":10.0},{"damage":10.0,"enemies":"Gensokyo:2_Gloops","floor":18.0,"turns":7.0},{"damage":0.0,"enemies":"Gensokyo:Chomper","floor":19.0,"turns":4.0},{"damage":27.0,"enemies":"Gensokyo:Wraith","floor":24.0,"turns":4.0},{"damage":10.0,"enemies":"Gensokyo:Reisen","floor":27.0,"turns":6.0},{"damage":18.0,"enemies":"Gensokyo:Koishi","floor":29.0,"turns":6.0},{"damage":33.0,"enemies":"Gensokyo:Eiki","floor":33.0,"turns":9.0},{"damage":1.0,"enemies":"Gensokyo:3_Bats","floor":35.0,"turns":3.0},{"damage":19,"enemies":"Gensokyo:Marisa","floor":40,"turns":3},{"damage":0,"enemies":"Gensokyo:Doremy","floor":48,"turns":4},{"damage":0,"enemies":"Gensokyo:Yuyuko","floor":50,"turns":5}],"seed_played":"1314070994813326600","potions_obtained":[{"floor":1.0,"key":"BlessingOfTheForge"},{"floor":4.0,"key":"Explosive Potion"},{"floor":7.0,"key":"Weak Potion"},{"floor":10.0,"key":"EntropicBrew"},{"floor":19.0,"key":"LiquidBronze"},{"floor":24.0,"key":"BottledSpark"},{"floor":27.0,"key":"AttackPotion"},{"floor":29.0,"key":"EntropicBrew"},{"floor":33.0,"key":"Block Potion"},{"floor":35.0,"key":"EntropicBrew"},{"floor":40,"key":"Block Potion"},{"floor":48,"key":"Fire Potion"}],"is_trial":false,"path_per_floor":["M","?","$","?","COS","E","M","R","T","M","M","R","$","M","R","B",null,"M","M","$","?","T","COS","M","R","T","E","R","E","R","?","R","B",null,"M","?","COS","?","?","E","R","T","T","?","?","R","$","E","R","B",null],"character_chosen":"MARISA","items_purchased":["ShootTheMoon","AsteroidBelt","OortCloud+1","FairyDestructionRay","BreadOfAWashokuLover"],"campfire_rested":0,"item_purchase_floors":[3,13,20,20,47],"current_hp_per_floor":[68,68,68,68,68,64,58,58,58,55,50,50,50,33,33,50,69,59,59,59,59,59,59,32,32,32,22,22,4,4,4,4,11,40,44,44,44,44,44,32,32,46,46,46,46,46,46,46,46,46],"gold":65,"neow_bonus":"THREE_ENEMY_KILL","is_daily":false,"chose_seed":false,"campfire_upgraded":10,"win_rate":0.0,"timestamp":1613222065,"path_taken":["M","?","$","?","COS","E","M","R","T","M","?","R","$","M","R","BOSS","M","M","$","?","?","COS","M","R","T","E","R","E","R","?","R","BOSS","M","?","COS","?","?","E","R","?","T","?","?","R","$","E","R","BOSS"],"items_purchased_type":["Card","Card","Card","Card","Relic"],"build_version":"2020-12-22","purchased_purges":1,"victory":true,"max_hp_per_floor":[75,75,75,75,75,75,75,75,75,75,75,75,75,75,75,75,75,75,75,75,69,69,69,69,69,69,69,69,69,69,49,49,49,49,49,49,49,49,46,46,46,46,46,46,46,46,46,46,46,46],"card_choices":[{"not_picked":["GasGiant","MagicChant","IllusionStar"],"picked":"SKIP","floor":1.0},{"not_picked":["SporeBomb","SprinkleStarSeal"],"picked":"OrrerysSun+1","floor":6.0},{"not_picked":["GrandCross+1","OpenUniverse+1"],"picked":"DarkMatter+1","floor":7.0},{"not_picked":["MysteriousBeam","GasGiant"],"picked":"GrandCross","floor":7.0},{"not_picked":["NonDirectionalLaser","IllusionStar"],"picked":"UltimateShortwave","floor":10.0},{"not_picked":["MilkyWay","NonDirectionalLaser"],"picked":"StarBarrage","floor":11.0},{"not_picked":["IllusionStar","WitchOfGreed+1"],"picked":"Orbital","floor":14.0},{"not_picked":["JA","BigCrunch"],"picked":"SatelliteIllusion+1","floor":16.0},{"not_picked":["MilkyWay","GasGiant+1","ManaConvection"],"picked":"SKIP","floor":18.0},{"not_picked":["SporeBomb","Acceleration"],"picked":"SuperPerseids+1","floor":19.0},{"not_picked":["IllusionStar","ShootTheMoon","WitchLeyline"],"picked":"SKIP","floor":24.0},{"not_picked":["AsteroidBelt","UnstableBomb","AlicesGift"],"picked":"SKIP","floor":27.0},{"not_picked":["6A","WitchOfGreed+1","StarBarrage"],"picked":"SKIP","floor":29.0},{"not_picked":["BlazingStar","CasketOfStar+1"],"picked":"EscapeVelocity+1","floor":33.0},{"not_picked":["AsteroidBelt+1","MagicChant+1"],"picked":"EnergyFlow+1","floor":35.0},{"not_picked":["Gensokyo:SalamanderShield","Gensokyo:MorningMist"],"picked":"Gensokyo:DreamlikeParadise","floor":38.0},{"not_picked":["EarthLightRay+1","OneTimeOff+1"],"picked":"MaximisePower+1","floor":40},{"not_picked":["Singularity+1","AsteroidBelt+1"],"picked":"AlicesGift+1","floor":48}],"player_experience":1541378,"relics_obtained":[{"floor":4.0,"key":"Gensokyo:MarisaPhilosophersStone"},{"floor":6.0,"key":"Frozen Egg 2"},{"floor":9.0,"key":"Pantograph"},{"floor":16.0,"key":"Unceasing Top"},{"floor":22.0,"key":"Pen Nib"},{"floor":26.0,"key":"Juzu Bracelet"},{"floor":27.0,"key":"Matryoshka"},{"floor":29.0,"key":"Toxic Egg 2"},{"floor":33.0,"key":"Old Coin"},{"floor":40,"key":"AmplifyWand"},{"floor":42,"key":"AntiCross"},{"floor":42,"key":"InkBottle"},{"floor":43,"key":"Whetstone"},{"floor":48,"key":"Oddly Smooth Stone"}],"event_choices":[],"is_beta":false,"boss_relics":[{"not_picked":["sneckomod:SneckoTalon","RampagingMagicTools"],"picked":"Coffee Dripper"},{"not_picked":["Fusion Hammer","Velvet Choker"],"picked":"expansioncontent:StudyCardRelic"}],"items_purged_floors":[47],"is_endless":false,"potions_floor_spawned":[1,4,7,10,19,24,27,29,33,35,40,48],"ascension_level":13}}