{"host":"8injpn8qs0kr8sd6","time":1613221018,"event":{"mods":["100% Spire Juice","Act Like it!","BaseMod","KinomotoSakuraMod(Ä¾Ö®±¾Ó£)","Marisa£¨ìFÓê¡¡Ä§ÀíÉ³£©","Minty Spire (QoL Compilation)","Quick Restart","Reimu£¨²©ÀöÁéÃÎ£©","RumiaBox-Â¶Ã×æ«µÄÉñÃØºÐ×Ó","Spicy Shops","StSLib","The Dragon Tamer","¡¾ÒÅÎï¿¨ÅÆ¡¿REMEMod"],"gold_per_floor":[109,109,109,3,3,34,134,134,202,202,213,241,241,26,26,123,123],"floor_reached":16,"language":"ZHS","playtime":636,"items_purged":[],"score":318,"play_id":"d41f135a-fd7d-4eec-b34d-e0a934c645c9","local_time":"20210213205657","is_ascension_mode":false,"campfire_choices":[{"data":"Moonworks:JonathanRush","floor":8,"key":"SMITH"},{"data":"Moonworks:Gamble","floor":10,"key":"SMITH"},{"data":"Moonworks:JonathanRush","floor":15,"key":"SMITH"}],"circlet_count":0,"master_deck":["Seek","Moonworks:LulusLuckyEgg","Moonworks:ForcedRevival","Moonworks:Flamethrower","Moonworks:JonathanRush+1","Moonworks:ScrambledEve","Moonworks:NicePresent","Moonworks:JonathanRush","Moonworks:WeAreWaruda","Moonworks:Gamble+1","Moonworks:HolyNight","Moonworks:RocketCannon","Moonworks:ReflectiveShell","Moonworks:Encore","Moonworks:SinkOrSwim","Moonworks:LeapThroughSpace","Moonworks:RocketCannon","Moonworks:Gamble+1","Moonworks:JonathanRush"],"relics":["Moonworks:BrokenBomb","Moonworks:Homemark","REME_ComplimentaryCards","NeowsBlessing","Baka2","Potion Belt","Regal Pillow","SumBook","PlanX","Bag of Preparation"],"acts_visited":["Exordium"],"potions_floor_usage":[],"damage_taken":[{"damage":0,"enemies":"Small Slimes","floor":1,"turns":1},{"damage":0,"enemies":"2 Louse","floor":4,"turns":1},{"damage":0,"enemies":"Gremlin Nob","floor":6,"turns":1},{"damage":3,"enemies":"Cultist","floor":11,"turns":1},{"damage":0,"enemies":"Lagavulin","floor":12,"turns":1},{"damage":0,"enemies":"Blue Slaver","floor":13,"turns":1},{"damage":6,"enemies":"Gremlin Nob","floor":14,"turns":3},{"damage":0,"enemies":"Hexaghost","floor":16,"turns":1}],"seed_played":"4901396736764185367","potions_obtained":[{"floor":12,"key":"SpeedPotion"},{"floor":13,"key":"Fire Potion"},{"floor":14,"key":"Dexterity Potion"},{"floor":16,"key":"Energy Potion"}],"is_trial":false,"path_per_floor":["M","?","?","M","?","E","?","R","T","R","M","E","M","E","R","B"],"character_chosen":"THE_STARBREAKER","items_purchased":[],"campfire_rested":0,"item_purchase_floors":[],"current_hp_per_floor":[60,60,60,60,57,57,57,57,57,57,56,56,56,54,54,54,54],"gold":123,"neow_bonus":"THREE_ENEMY_KILL","is_daily":false,"chose_seed":false,"campfire_upgraded":3,"win_rate":0.0,"timestamp":1613221017,"path_taken":["M","?","?","?","?","E","?","R","T","R","?","E","M","E","R","BOSS"],"items_purchased_type":[],"build_version":"2020-12-22","purchased_purges":0,"victory":false,"max_hp_per_floor":[60,60,60,60,60,60,60,60,60,60,60,60,60,60,60,60,60],"card_choices":[{"not_picked":["Moonworks:CompletionReward","Moonworks:ReproductionOfRecords"],"picked":"Moonworks:LulusLuckyEgg","floor":1},{"not_picked":["Moonworks:LuckyCharm","Moonworks:CompletionReward"],"picked":"Moonworks:Flamethrower","floor":4},{"not_picked":["Moonworks:FullSpeedAlicianrone","Moonworks:SelfDestruct"],"picked":"Moonworks:JonathanRush","floor":4},{"not_picked":["Moonworks:LulusLuckyEgg","Moonworks:JonathanRush"],"picked":"Moonworks:ScrambledEve","floor":4},{"not_picked":["Moonworks:CastOff","Moonworks:BigMagnum"],"picked":"Moonworks:NicePresent","floor":4},{"not_picked":["Moonworks:Bloodlust","Moonworks:DeployBits","Moonworks:JonathanRush"],"picked":"SKIP","floor":6},{"not_picked":["Moonworks:Bloodlust","Moonworks:DeployBits"],"picked":"Moonworks:JonathanRush","floor":6},{"not_picked":["Moonworks:JonathanRush","Moonworks:EvilSpyWorkPreparation"],"picked":"Moonworks:RocketCannon","floor":11},{"not_picked":["Moonworks:x16BigRocket","Moonworks:SakisCookie"],"picked":"Moonworks:CloudOfSeagulls","floor":12},{"not_picked":["Moonworks:Poppoformation","Moonworks:DeployBits"],"picked":"Moonworks:JonathanRush","floor":13},{"not_picked":["Moonworks:SelfDestruct","Moonworks:Assault","Moonworks:BigMagnum"],"picked":"SKIP","floor":13},{"not_picked":["Moonworks:BigMagnum","Moonworks:LulusLuckyEgg","Moonworks:ImmovableObject"],"picked":"SKIP","floor":13},{"not_picked":["Moonworks:Poppoformation","Moonworks:EvilMastermind","Moonworks:LuckyCharm"],"picked":"SKIP","floor":13},{"not_picked":["Moonworks:SakisCookie","Moonworks:BindingChains"],"picked":"Moonworks:JonathanRush","floor":14}],"player_experience":468051,"relics_obtained":[{"floor":1,"key":"Baka"},{"floor":4,"key":"Baka2"},{"floor":6,"key":"Regal Pillow"},{"floor":9,"key":"SumBook"},{"floor":12,"key":"PlanX"},{"floor":14,"key":"Bag of Preparation"}],"event_choices":[{"cards_removed":["Moonworks:Strike"],"damage_healed":0,"gold_gain":0,"player_choice":"Forget","damage_taken":0,"max_hp_gain":0,"max_hp_loss":0,"event_name":"Living Wall","floor":2,"gold_loss":0},{"damage_healed":0,"gold_gain":0,"cards_transformed":["Moonworks:Defend"],"player_choice":"Transformed","damage_taken":0,"max_hp_gain":0,"max_hp_loss":0,"event_name":"Transmorgrifier","floor":3,"gold_loss":0,"cards_obtained":["Moonworks:ForcedRevival"]},{"damage_healed":0,"gold_gain":0,"player_choice":"Success","damage_taken":3,"relics_obtained":["Potion Belt"],"max_hp_gain":0,"max_hp_loss":0,"event_name":"Scrap Ooze","floor":5,"gold_loss":0},{"damage_healed":0,"gold_gain":100,"player_choice":"Pray","damage_taken":0,"max_hp_gain":0,"max_hp_loss":0,"event_name":"Golden Shrine","floor":7,"gold_loss":0}],"is_beta":false,"boss_relics":[],"items_purged_floors":[],"is_endless":false,"potions_floor_spawned":[12,13,14,16],"killed_by":"Hexaghost","ascension_level":0}}