{"host":"z439itq93uucuvou","time":1613199421,"event":{"mods":["BaseMod","Colored Powertips","Jorbs\u0027s Wanderer Trilogy","Minty Spire (QoL Compilation)","StSLib"],"gold_per_floor":[163,180,180,180,40,40,75,75,75,85,10,40,60,80,80,153,153,164,137,137,137,137],"floor_reached":21,"language":"ENG","playtime":827,"items_purged":["Strike_P"],"score":350,"play_id":"05784311-fa9e-4ff4-8e08-1d06b544b8ca","local_time":"20210212225701","is_ascension_mode":true,"campfire_choices":[{"data":"TalkToTheHand","floor":6.0,"key":"SMITH"},{"data":"Devotion","floor":8,"key":"SMITH"},{"floor":15,"key":"REST"}],"circlet_count":0,"master_deck":["AscendersBane","Strike_P","Strike_P","Defend_P","Defend_P","Defend_P","Eruption+1","Vigilance","CrushJoints","WheelKick","ClearTheMind","Devotion+1","TalkToTheHand+1","FlurryOfBlows","BowlingBash","Swivel","Adaptation","ThirdEye","SpiritShield","MentalFortress","ReachHeaven"],"relics":["Tiny House","Centennial Puzzle","Mercury Hourglass","Blue Candle","Empty Cage"],"acts_visited":["Exordium","TheCity"],"potions_floor_usage":[7,14,16],"damage_taken":[{"damage":17.0,"enemies":"2 Louse","floor":1.0,"turns":3.0},{"damage":0.0,"enemies":"Jaw Worm","floor":2.0,"turns":3.0},{"damage":22,"enemies":"Gremlin Nob","floor":7,"turns":3},{"damage":0,"enemies":"Cultist","floor":10,"turns":2},{"damage":12,"enemies":"3 Sentries","floor":12,"turns":6},{"damage":2,"enemies":"Gremlin Gang","floor":13,"turns":5},{"damage":3,"enemies":"Looter","floor":14,"turns":2},{"damage":16,"enemies":"Slime Boss","floor":16,"turns":6},{"damage":22,"enemies":"Shell Parasite","floor":18,"turns":7},{"damage":10,"enemies":"2 Thieves","floor":19,"turns":4},{"damage":19,"enemies":"3 Cultists","floor":21,"turns":4}],"seed_played":"7172495697213111653","potions_obtained":[{"floor":0.0,"key":"LiquidBronze"},{"floor":1.0,"key":"BlessingOfTheForge"},{"floor":13,"key":"Weak Potion"},{"floor":14,"key":"Strength Potion"},{"floor":16,"key":"Dexterity Potion"},{"floor":19,"key":"LiquidBronze"}],"is_trial":false,"path_per_floor":["M","M","?","?","$","R","E","R","T","M","$","E","M","M","R","B",null,"M","M","?","M"],"character_chosen":"WATCHER","items_purchased":["TalkToTheHand","FlurryOfBlows"],"campfire_rested":1,"item_purchase_floors":[5,5],"current_hp_per_floor":[49,49,54,54,54,54,32,32,32,32,32,20,18,15,38,22,64,42,32,26,7,7],"gold":137,"neow_bonus":"BOSS_RELIC","is_daily":false,"chose_seed":false,"campfire_upgraded":2,"win_rate":0.0,"timestamp":1613199421,"path_taken":["M","M","?","?","$","R","E","R","T","M","$","E","M","M","R","BOSS","M","M","?","?"],"items_purchased_type":["Card","Card"],"build_version":"2020-12-22","purchased_purges":1,"victory":false,"max_hp_per_floor":[73,73,78,78,78,78,78,78,78,78,78,78,78,78,78,78,78,78,78,78,78,78],"card_choices":[{"not_picked":["Collect","Evaluate"],"picked":"CrushJoints","floor":0.0},{"not_picked":["CrushJoints","ReachHeaven"],"picked":"WheelKick","floor":1.0},{"not_picked":["ForeignInfluence","Nirvana"],"picked":"ClearTheMind","floor":2.0},{"not_picked":["Sanctity","Consecrate"],"picked":"BowlingBash","floor":7},{"not_picked":["EmptyFist","SashWhip","PathToVictory"],"picked":"SKIP","floor":10},{"not_picked":["Protect","ThirdEye"],"picked":"Swivel","floor":12},{"not_picked":["Collect","DeceiveReality"],"picked":"Adaptation","floor":13},{"not_picked":["Swivel","Indignation"],"picked":"ThirdEye","floor":14},{"not_picked":["Wish","Blasphemy"],"picked":"SpiritShield","floor":16},{"not_picked":["Wireheading+1","SandsOfTime"],"picked":"MentalFortress","floor":18},{"not_picked":["WreathOfFlame","PathToVictory"],"picked":"ReachHeaven","floor":19}],"player_experience":1490665,"relics_obtained":[{"floor":7,"key":"Centennial Puzzle"},{"floor":9,"key":"Mercury Hourglass"},{"floor":12,"key":"Blue Candle"}],"event_choices":[{"damage_healed":0.0,"max_hp_gain":5.0,"max_hp_loss":0.0,"gold_gain":0.0,"event_name":"Big Fish","player_choice":"Donut","floor":3.0,"gold_loss":0.0,"damage_taken":0.0},{"damage_healed":0.0,"max_hp_gain":0.0,"max_hp_loss":0.0,"gold_gain":0.0,"event_name":"Match and Keep!","player_choice":"1 cards matched","floor":4.0,"gold_loss":0.0,"damage_taken":0.0,"cards_obtained":["Devotion"]},{"damage_healed":0,"gold_gain":0,"player_choice":"","damage_taken":6,"max_hp_gain":0,"max_hp_loss":0,"event_name":"Knowing Skull","floor":20,"potions_obtained":[],"gold_loss":0,"cards_obtained":[]}],"is_beta":false,"boss_relics":[{"not_picked":["Runic Dome","Black Star"],"picked":"Empty Cage"}],"items_purged_floors":[11],"is_endless":false,"potions_floor_spawned":[1,13,14,16,19],"killed_by":"3 Cultists","ascension_level":17}}