{"host":"3c8x8j1h2jyrixpf","time":1613256956,"event":{"mods":["BaseMod","Colored Powertips","Highlight Path","Minty Spire (QoL Compilation)","StSLib"],"gold_per_floor":[114,2,18,18,18,52,72,72,144,155,155,155,179,220,220,351,351,375,375,388,432,99,99,99,142,142,142,186,13,49,68,68,196,196,212,230,230,245,2,2,23,23,48,79,79,102,324,324,324,324,324,324,4,47,47,47],"floor_reached":55,"language":"ENG","playtime":2881,"items_purged":["Decay","Strike_G","Strike_G"],"score":1368,"play_id":"9aa46131-cb5b-48f2-a80c-63a59124eaf4","local_time":"20210213165556","is_ascension_mode":true,"campfire_choices":[{"floor":8.0,"key":"REST"},{"data":"Noxious Fumes","floor":11.0,"key":"SMITH"},{"data":"Leg Sweep","floor":15.0,"key":"SMITH"},{"data":"Envenom","floor":23.0,"key":"SMITH"},{"data":"Wraith Form v2","floor":27.0,"key":"SMITH"},{"floor":32.0,"key":"REST"},{"floor":40.0,"key":"RECALL"},{"data":"Footwork","floor":42.0,"key":"SMITH"},{"data":"Blade Dance","floor":45.0,"key":"SMITH"},{"floor":49.0,"key":"REST"},{"data":"Sadistic Nature","floor":52.0,"key":"SMITH"}],"circlet_count":0,"master_deck":["AscendersBane","Strike_G","Defend_G","Defend_G","Defend_G","Defend_G","Defend_G","Survivor","Neutralize","Poisoned Stab","Noxious Fumes+1","Dash","Leg Sweep+1","PiercingWail","Backflip","Escape Plan","Malaise","Dodge and Roll+1","Blade Dance+1","Terror","Prepared","Dagger Throw","Envenom+1","Footwork+1","Wraith Form v2+1","Choke+1","Blade Dance+1","Infinite Blades","Blade Dance+1","Adrenaline+1","Cloak And Dagger+1","Blade Dance+1","Finisher","Prepared+1","Reflex+1","Acrobatics+1","Sadistic Nature+1","PiercingWail+1","Calculated Gamble+1","Catalyst+1"],"relics":["Ring of the Snake","Tough Bandages","Pen Nib","Centennial Puzzle","Ninja Scroll","Golden Idol","Thread and Needle","Philosopher\u0027s Stone","Red Mask","Shuriken","Toxic Egg 2","The Courier","Snecko Eye","ClockworkSouvenir","Bag of Preparation","Nunchaku","Dream Catcher","Vajra","Pear","Turnip"],"acts_visited":["Exordium","TheCity","TheBeyond","TheEnding"],"potions_floor_usage":[55],"damage_taken":[{"damage":5.0,"enemies":"2 Louse","floor":1.0,"turns":3.0},{"damage":0.0,"enemies":"Cultist","floor":3.0,"turns":4.0},{"damage":31.0,"enemies":"3 Sentries","floor":6.0,"turns":10.0},{"damage":3.0,"enemies":"Jaw Worm","floor":7.0,"turns":5.0},{"damage":0.0,"enemies":"2 Fungi Beasts","floor":10.0,"turns":3.0},{"damage":0.0,"enemies":"3 Louse","floor":13.0,"turns":6.0},{"damage":5.0,"enemies":"Lagavulin","floor":14.0,"turns":7.0},{"damage":0.0,"enemies":"The Guardian","floor":16.0,"turns":13.0},{"damage":1.0,"enemies":"Spheric Guardian","floor":18.0,"turns":7.0},{"damage":0.0,"enemies":"Shell Parasite","floor":20.0,"turns":9.0},{"damage":13.0,"enemies":"Masked Bandits","floor":21.0,"turns":5.0},{"damage":4.0,"enemies":"Slavers","floor":25.0,"turns":7.0},{"damage":6.0,"enemies":"Gremlin Leader","floor":28.0,"turns":5.0},{"damage":0.0,"enemies":"Slavers","floor":30.0,"turns":5.0},{"damage":2.0,"enemies":"Snake Plant","floor":31.0,"turns":5.0},{"damage":30.0,"enemies":"Champ","floor":33.0,"turns":9.0},{"damage":0.0,"enemies":"Orb Walker","floor":35.0,"turns":3.0},{"damage":5.0,"enemies":"3 Shapes","floor":36.0,"turns":5.0},{"damage":7.0,"enemies":"Maw","floor":38.0,"turns":6.0},{"damage":0.0,"enemies":"Sphere and 2 Shapes","floor":41.0,"turns":4.0},{"damage":0.0,"enemies":"Giant Head","floor":44.0,"turns":6.0},{"damage":26.0,"enemies":"Donu and Deca","floor":50.0,"turns":6.0},{"damage":61.0,"enemies":"Shield and Spear","floor":54.0,"turns":5.0},{"damage":42,"enemies":"The Heart","floor":55,"turns":3}],"seed_played":"5508407189652075068","potions_obtained":[{"floor":6.0,"key":"EntropicBrew"},{"floor":7.0,"key":"ColorlessPotion"},{"floor":10.0,"key":"Energy Potion"},{"floor":25.0,"key":"Energy Potion"},{"floor":35.0,"key":"Poison Potion"},{"floor":38.0,"key":"GamblersBrew"}],"is_trial":false,"path_per_floor":["M","$","M","?","?","E","M","R","T","M","R","?","M","E","R","B",null,"M","?","M","?","$","R","?","E","T","R","E","$","E","M","R","B",null,"M","M","?","M","$","R","M","R","T","E","R","T","?","?","R","B",null,"R","$","E","B"],"character_chosen":"THE_SILENT","items_purchased":["Noxious Fumes","Prepared","Dagger Throw","Envenom","Blade Dance+1","ClockworkSouvenir","Bag of Preparation","Calculated Gamble+1","Catalyst+1","Pear"],"campfire_rested":3,"item_purchase_floors":[2,22,22,22,29,39,39,53,53,53],"current_hp_per_floor":[58,58,58,55,55,24,21,42,42,42,42,42,42,37,37,37,58,57,57,57,44,44,44,44,40,40,40,34,34,34,32,51,21,54,54,49,49,42,42,42,42,42,42,42,42,42,42,42,61,35,58,58,68,7,0,0],"gold":47,"neow_bonus":"ONE_RARE_RELIC","is_daily":false,"chose_seed":false,"campfire_upgraded":7,"win_rate":0.0,"timestamp":1613256956,"path_taken":["M","$","M","?","?","E","M","R","T","?","R","?","M","E","R","BOSS","M","?","?","?","$","R","?","E","T","R","E","$","E","M","R","BOSS","M","M","?","M","$","R","?","R","T","E","R","?","?","?","R","BOSS","R","$","E","BOSS"],"items_purchased_type":["Card","Card","Card","Card","Card","Relic","Relic","Card","Card","Relic"],"build_version":"2020-12-22","purchased_purges":3,"victory":false,"max_hp_per_floor":[70,70,70,70,70,70,70,70,70,70,70,65,65,65,65,65,65,65,65,65,65,65,65,65,65,65,65,65,65,65,65,65,65,65,65,65,65,65,65,65,65,65,65,65,65,65,65,65,65,65,65,65,75,75,75,75],"card_choices":[{"not_picked":["Backflip","Flechettes"],"picked":"Poisoned Stab","floor":1.0},{"not_picked":["Blur","Well Laid Plans"],"picked":"Dash","floor":3.0},{"not_picked":["Glass Knife","Slice"],"picked":"Leg Sweep","floor":6.0},{"not_picked":["Infinite Blades","Blade Dance"],"picked":"PiercingWail","floor":7.0},{"not_picked":["Leg Sweep","Cloak And Dagger"],"picked":"Backflip","floor":10.0},{"not_picked":["Deflect","Dodge and Roll"],"picked":"Escape Plan","floor":13.0},{"not_picked":["Infinite Blades","Escape Plan","Choke"],"picked":"SKIP","floor":14.0},{"not_picked":["Grand Finale","A Thousand Cuts"],"picked":"Malaise","floor":16.0},{"not_picked":["Sucker Punch","Outmaneuver+1"],"picked":"Dodge and Roll+1","floor":18.0},{"not_picked":["Finisher","Acrobatics"],"picked":"Blade Dance","floor":20.0},{"not_picked":["Dash","Concentrate+1"],"picked":"Terror","floor":21.0},{"not_picked":["Dagger Spray","Quick Slash"],"picked":"Wraith Form v2","floor":25.0},{"not_picked":["Dagger Throw","Bane"],"picked":"Choke+1","floor":28.0},{"not_picked":["Dodge and Roll+1","Caltrops"],"picked":"Infinite Blades","floor":30.0},{"not_picked":["Infinite Blades+1","Terror+1"],"picked":"Blade Dance+1","floor":31.0},{"not_picked":["Doppelganger+1","Venomology+1"],"picked":"Adrenaline+1","floor":33.0},{"not_picked":["Noxious Fumes+1","Sucker Punch"],"picked":"Cloak And Dagger+1","floor":35.0},{"not_picked":["Dagger Spray+1","Backflip+1"],"picked":"Blade Dance+1","floor":36.0},{"not_picked":["Dagger Throw","Heel Hook+1"],"picked":"Prepared+1","floor":38.0},{"not_picked":["Prepared+1","Deadly Poison+1"],"picked":"Reflex+1","floor":41.0},{"not_picked":["Accuracy","Adrenaline+1"],"picked":"Acrobatics+1","floor":44.0},{"not_picked":["Swift Strike","Dramatic Entrance"],"picked":"Sadistic Nature","floor":48.0},{"not_picked":["Underhanded Strike","Deflect+1"],"picked":"PiercingWail+1","floor":49.0},{"not_picked":["Poisoned Stab+1","Glass Knife","Quick Slash+1"],"picked":"SKIP","floor":54.0}],"player_experience":243644,"relics_obtained":[{"floor":6.0,"key":"Centennial Puzzle"},{"floor":9.0,"key":"Ninja Scroll"},{"floor":14.0,"key":"Thread and Needle"},{"floor":21.0,"key":"Red Mask"},{"floor":25.0,"key":"Shuriken"},{"floor":28.0,"key":"Toxic Egg 2"},{"floor":30.0,"key":"The Courier"},{"floor":43.0,"key":"Nunchaku"},{"floor":44.0,"key":"Dream Catcher"},{"floor":46.0,"key":"Vajra"},{"floor":54.0,"key":"Turnip"}],"event_choices":[{"damage_healed":0.0,"max_hp_gain":0.0,"max_hp_loss":0.0,"gold_gain":0.0,"event_name":"Scrap Ooze","player_choice":"Success","floor":4.0,"gold_loss":0.0,"damage_taken":3.0,"relics_obtained":["Pen Nib"]},{"damage_healed":0.0,"max_hp_gain":0.0,"max_hp_loss":0.0,"gold_gain":0.0,"event_name":"WeMeetAgain","player_choice":"Ignored","floor":5.0,"gold_loss":0.0,"damage_taken":0.0},{"damage_healed":0.0,"max_hp_gain":0.0,"max_hp_loss":5.0,"gold_gain":0.0,"event_name":"Golden Idol","player_choice":"Lose Max HP","floor":12.0,"gold_loss":0.0,"damage_taken":0.0,"relics_obtained":["Golden Idol"]},{"cards_removed":["Strike_G"],"damage_healed":0.0,"max_hp_gain":0.0,"max_hp_loss":0.0,"gold_gain":0.0,"event_name":"Bonfire Elementals","player_choice":"Offered Basic","floor":19.0,"gold_loss":0.0,"damage_taken":0.0},{"damage_healed":0.0,"max_hp_gain":0.0,"max_hp_loss":0.0,"gold_gain":0.0,"event_name":"Masked Bandits","player_choice":"Fought Bandits","floor":21.0,"gold_loss":0.0,"damage_taken":0.0},{"damage_healed":0.0,"max_hp_gain":0.0,"max_hp_loss":0.0,"gold_gain":0.0,"event_name":"The Library","player_choice":"Read","floor":24.0,"gold_loss":0.0,"damage_taken":0.0,"cards_obtained":["Footwork"]},{"damage_healed":0.0,"max_hp_gain":0.0,"max_hp_loss":0.0,"gold_gain":0.0,"cards_transformed":["Strike_G"],"event_name":"Transmorgrifier","player_choice":"Transformed","floor":37.0,"gold_loss":0.0,"damage_taken":0.0,"cards_obtained":["Finisher"]},{"damage_healed":0.0,"max_hp_gain":0.0,"max_hp_loss":0.0,"gold_gain":222.0,"event_name":"Tomb of Lord Red Mask","player_choice":"Wore Mask","floor":47.0,"gold_loss":0.0,"damage_taken":0.0},{"damage_healed":0.0,"max_hp_gain":0.0,"max_hp_loss":0.0,"gold_gain":0.0,"event_name":"SensoryStone","player_choice":"Memory 1","floor":48.0,"gold_loss":0.0,"damage_taken":0.0}],"is_beta":false,"boss_relics":[{"not_picked":["SacredBark","SlaversCollar"],"picked":"Philosopher\u0027s Stone"},{"not_picked":["HoveringKite","Tiny House"],"picked":"Snecko Eye"}],"items_purged_floors":[2,22,29],"is_endless":false,"potions_floor_spawned":[6,7,10,16,21,25,28,30,35,38],"killed_by":"The Heart","ascension_level":11}}