{"host":"u8gwyxapu65l7nuk","time":1613184884,"event":{"mods":["BaseMod","Custom Start","Minty Spire (QoL Compilation)","StSLib"],"gold_per_floor":[117,134,134,134,146,187,199,245,307,339,351,26,26,39,39,39,39],"floor_reached":16,"language":"ENG","playtime":347,"items_purged":["Regret"],"score":138,"play_id":"a2427d2f-9cd9-4f87-be68-01ecab746e81","local_time":"20210213105444","is_ascension_mode":true,"campfire_choices":[{"data":"Berserk","floor":7,"key":"SMITH"},{"data":"Blood for Blood","floor":11,"key":"SMITH"},{"floor":13,"key":"REST"},{"data":"Uppercut","floor":15,"key":"SMITH"}],"circlet_count":0,"master_deck":["Strike_R","Strike_R","Strike_R","Strike_R","Defend_R","Defend_R","Defend_R","Defend_R","Bash","Twin Strike","Cleave","Corruption","Berserk+1","Blood for Blood+1","Uppercut+1","Wild Strike"],"relics":["Burning Blood","MawBank","Pear","Oddly Smooth Stone","Toy Ornithopter","Gremlin Horn"],"acts_visited":["Exordium"],"potions_floor_usage":[16,16,16],"damage_taken":[{"damage":1,"enemies":"Jaw Worm","floor":1,"turns":5},{"damage":0,"enemies":"Small Slimes","floor":2,"turns":3},{"damage":42,"enemies":"3 Sentries","floor":6,"turns":8},{"damage":49,"enemies":"Lagavulin","floor":8,"turns":7},{"damage":0,"enemies":"2 Louse","floor":10,"turns":2},{"damage":7,"enemies":"Blue Slaver","floor":14,"turns":3},{"damage":72,"enemies":"The Guardian","floor":16,"turns":9}],"seed_played":"-7828525389817823486","potions_obtained":[{"floor":1,"key":"DuplicationPotion"},{"floor":2,"key":"Swift Potion"},{"floor":14,"key":"GamblersBrew"}],"is_trial":false,"path_per_floor":["M","M","?","?","?","E","R","E","T","M","R","$","R","M","R","B"],"character_chosen":"IRONCLAD","items_purchased":["Gremlin Horn"],"campfire_rested":1,"item_purchase_floors":[12],"current_hp_per_floor":[88,88,88,88,88,62,62,19,19,25,25,25,54,53,53,0,0],"gold":39,"neow_bonus":"TEN_PERCENT_HP_BONUS","is_daily":false,"chose_seed":false,"campfire_upgraded":3,"win_rate":0.0,"timestamp":1613184884,"path_taken":["M","M","?","?","?","E","R","E","T","M","R","?","R","M","R","BOSS"],"items_purchased_type":["Relic"],"build_version":"2020-12-22","purchased_purges":1,"victory":false,"max_hp_per_floor":[88,88,88,88,88,98,98,98,98,98,98,98,98,98,98,98,98],"card_choices":[{"not_picked":["Rupture","Pommel Strike"],"picked":"Twin Strike","floor":1},{"not_picked":["Iron Wave","True Grit"],"picked":"Cleave","floor":2},{"not_picked":["Heavy Blade","True Grit"],"picked":"Berserk","floor":6},{"not_picked":["Combust","Brutality"],"picked":"Blood for Blood","floor":8},{"not_picked":["Headbutt","Heavy Blade"],"picked":"Uppercut","floor":10},{"not_picked":["Pommel Strike","Body Slam"],"picked":"Wild Strike","floor":14}],"player_experience":274655,"relics_obtained":[{"floor":6,"key":"Pear"},{"floor":8,"key":"Oddly Smooth Stone"},{"floor":9,"key":"Toy Ornithopter"}],"event_choices":[{"damage_healed":0,"gold_gain":0,"cards_transformed":["Strike_R"],"player_choice":"Change","damage_taken":0,"max_hp_gain":0,"max_hp_loss":0,"event_name":"Living Wall","floor":3,"gold_loss":0,"cards_obtained":["Corruption"]},{"damage_healed":0,"gold_gain":0,"player_choice":"Box","damage_taken":0,"relics_obtained":["MawBank"],"max_hp_gain":0,"max_hp_loss":0,"event_name":"Big Fish","floor":4,"gold_loss":0,"cards_obtained":["Regret"]},{"damage_healed":0,"gold_gain":0,"player_choice":"Ignored","damage_taken":0,"max_hp_gain":0,"max_hp_loss":0,"event_name":"Liars Game","floor":5,"gold_loss":0}],"is_beta":false,"boss_relics":[],"items_purged_floors":[12],"is_endless":false,"potions_floor_spawned":[1,2,14],"killed_by":"The Guardian","ascension_level":1}}