{"host":"zxkjcgzis4pm3za5","time":1613188534,"event":{"mods":["AchievementEnabler","BaseMod","Colored Map","Colored Powertips","Minty Spire (QoL Compilation)","Quick Restart","Random Character Button","Relic Sorter","Relic Stats","StSLib"],"gold_per_floor":[112,125,125,200,89,89,119,130,130,141,141,169,169,189,189,264,264,276,191,222,7,19,19,53,53,53,85,100,100,133,133,133,206,206,220,220,234,61,78,78,93,127,176,176,189,189,218,249,261,273,285,297,309,21,54,54,54],"floor_reached":56,"language":"ENG","playtime":2907,"items_purged":["Strike_R"],"score":2071,"play_id":"098ce2c4-229e-44d9-8bb8-f63939ddeff6","local_time":"20210213092534","is_ascension_mode":true,"campfire_choices":[{"data":"Barricade","floor":6.0,"key":"SMITH"},{"data":"Feel No Pain","floor":11.0,"key":"SMITH"},{"data":"Corruption","floor":13.0,"key":"SMITH"},{"data":"Whirlwind","floor":15.0,"key":"SMITH"},{"data":"Armaments","floor":23.0,"key":"SMITH"},{"data":"Evolve","floor":25.0,"key":"SMITH"},{"floor":29.0,"key":"RECALL"},{"data":"Body Slam","floor":32.0,"key":"SMITH"},{"data":"Juggernaut","floor":40.0,"key":"SMITH"},{"data":"True Grit","floor":46,"key":"SMITH"},{"data":"Rampage","floor":49,"key":"SMITH"},{"data":"Impervious","floor":53,"key":"SMITH"}],"circlet_count":0,"master_deck":["AscendersBane","Strike_R","Strike_R","Defend_R","Defend_R","Defend_R","Bash","Barricade+1","Twin Strike","Feel No Pain+1","Armaments+1","Body Slam+1","Shrug It Off","Corruption+1","Clothesline","Whirlwind+1","Impervious+1","Sentinel","Rampage+1","Evolve+1","Power Through","Shrug It Off","Ghostly Armor","True Grit+1","Decay","Feed","Flame Barrier+1","Ghostly Armor","True Grit+1","Second Wind+1","Juggernaut+1","Intimidate","Shockwave","Feel No Pain","Shrug It Off","Pommel Strike","Demon Form"],"relics":["Burning Blood","Pantograph","Meat on the Bone","Cursed Key","Lizard Tail","Red Mask","CaptainsWheel","Mummified Hand","Nunchaku","Boot","Nloth\u0027s Gift","SlaversCollar","Strange Spoon","Omamori","MawBank","Ginger"],"acts_visited":["Exordium","TheCity","TheBeyond","TheEnding"],"potions_floor_usage":[42,45,55],"damage_taken":[{"damage":6.0,"enemies":"Cultist","floor":1.0,"turns":3.0},{"damage":2.0,"enemies":"Small Slimes","floor":2.0,"turns":4.0},{"damage":33.0,"enemies":"3 Sentries","floor":7.0,"turns":15.0},{"damage":2.0,"enemies":"Jaw Worm","floor":8.0,"turns":3.0},{"damage":0.0,"enemies":"Large Slime","floor":10.0,"turns":4.0},{"damage":0.0,"enemies":"Lagavulin","floor":12.0,"turns":7.0},{"damage":7.0,"enemies":"2 Fungi Beasts","floor":14.0,"turns":4.0},{"damage":44.0,"enemies":"The Guardian","floor":16.0,"turns":11.0},{"damage":21.0,"enemies":"3 Byrds","floor":18.0,"turns":5.0},{"damage":45.0,"enemies":"Masked Bandits","floor":20.0,"turns":5.0},{"damage":0.0,"enemies":"Chosen","floor":22.0,"turns":4.0},{"damage":16.0,"enemies":"Gremlin Leader","floor":24.0,"turns":8.0},{"damage":6.0,"enemies":"Book of Stabbing","floor":27.0,"turns":9.0},{"damage":12.0,"enemies":"3 Cultists","floor":28.0,"turns":6.0},{"damage":52.0,"enemies":"Gremlin Leader","floor":30.0,"turns":8.0},{"damage":2.0,"enemies":"Champ","floor":33.0,"turns":12.0},{"damage":5.0,"enemies":"Orb Walker","floor":35.0,"turns":7.0},{"damage":32.0,"enemies":"3 Shapes","floor":37.0,"turns":6.0},{"damage":5.0,"enemies":"Maw","floor":39.0,"turns":11.0},{"damage":10.0,"enemies":"Writhing Mass","floor":41.0,"turns":9.0},{"damage":64,"enemies":"Reptomancer","floor":42,"turns":6},{"damage":0,"enemies":"Spire Growth","floor":45,"turns":6},{"damage":0,"enemies":"Giant Head","floor":47,"turns":8},{"damage":1,"enemies":"3 Darklings","floor":48,"turns":6},{"damage":60,"enemies":"Time Eater","floor":50,"turns":16},{"damage":65,"enemies":"Donu and Deca","floor":51,"turns":11},{"damage":68,"enemies":"Shield and Spear","floor":55,"turns":9},{"damage":68,"enemies":"The Heart","floor":56,"turns":5}],"seed_played":"9199288842615590424","potions_obtained":[{"floor":1.0,"key":"EntropicBrew"},{"floor":8.0,"key":"SneckoOil"},{"floor":10.0,"key":"LiquidBronze"},{"floor":22.0,"key":"SteroidPotion"},{"floor":24.0,"key":"LiquidMemories"},{"floor":28.0,"key":"champ:CounterPotion"},{"floor":30.0,"key":"AttackPotion"},{"floor":33.0,"key":"LiquidMemories"},{"floor":39.0,"key":"PowerPotion"},{"floor":42,"key":"SkillPotion"},{"floor":48,"key":"Energy Potion"}],"is_trial":false,"path_per_floor":["M","M","?","?","$","R","E","M","T","M","R","E","R","M","R","B",null,"M","?","?","$","M","R","E","R","T","E","M","R","E","?","R","B",null,"M","?","M","$","M","R","M","E","T","?","M","R","E","M","R","B","B",null,"R","$","E","B"],"character_chosen":"IRONCLAD","items_purchased":["Armaments","Body Slam","Evolve","Power Through","Shrug It Off","Strange Spoon","Feel No Pain","Shrug It Off","Pommel Strike","BloodPotion"],"campfire_rested":0,"item_purchase_floors":[5,5,21,21,21,38,54,54,54,54],"current_hp_per_floor":[68,72,65,54,54,54,27,31,31,49,49,55,55,54,54,49,69,54,54,27,27,45,45,47,47,47,47,56,56,37,37,37,66,75,80,80,57,57,58,58,54,52,52,52,58,58,64,69,69,43,25,73,73,73,40,0,0],"gold":54,"neow_bonus":"ONE_RANDOM_RARE_CARD","is_daily":false,"chose_seed":false,"campfire_upgraded":11,"win_rate":0.0,"timestamp":1613188534,"path_taken":["M","?","?","?","$","R","E","M","T","M","R","E","R","M","R","BOSS","M","?","?","$","M","R","E","R","T","E","M","R","E","?","R","BOSS","M","?","M","$","M","R","?","E","T","?","M","R","E","M","R","BOSS","BOSS","R","$","E","BOSS"],"items_purchased_type":["Card","Card","Card","Card","Card","Relic","Card","Card","Card","Potion"],"build_version":"2020-12-22","purchased_purges":1,"victory":false,"max_hp_per_floor":[75,75,75,75,75,75,75,75,75,75,75,75,75,75,75,75,75,75,75,75,75,75,75,75,75,75,75,78,78,78,78,78,78,78,82,82,85,85,85,85,85,85,85,85,85,85,85,85,85,85,89,89,89,89,89,89,89],"relic_stats":{"counters":[28,208],"Ginger":[2],"Cursed Key":2,"Boot":[21],"MawBank":84,"Burning Blood":162,"Strange Spoon":[81],"Lizard Tail":42,"Nunchaku":[17],"Mummified Hand":[84],"Pantograph":112,"Nloth\u0027s Gift":4,"obtain_stats":[{"Omamori":42,"Ginger":55,"Ancient Tea Set":12,"Cursed Key":17,"Boot":30,"MawBank":47,"Burning Blood":0,"SlaversCollar":34,"Strange Spoon":38,"Lizard Tail":19,"CaptainsWheel":24,"Nunchaku":27,"Mummified Hand":26,"Pantograph":7,"Red Mask":20,"Nloth\u0027s Gift":31,"Meat on the Bone":9},{"Omamori":21,"Ginger":27,"Ancient Tea Set":6,"Cursed Key":8,"Boot":15,"MawBank":23,"Burning Blood":0,"SlaversCollar":16,"Strange Spoon":18,"Lizard Tail":9,"CaptainsWheel":12,"Nunchaku":13,"Mummified Hand":12,"Pantograph":3,"Red Mask":10,"Nloth\u0027s Gift":15,"Meat on the Bone":4},{"Omamori":147,"Ginger":203,"Ancient Tea Set":36,"Cursed Key":51,"Boot":96,"MawBank":161,"Burning Blood":0,"SlaversCollar":108,"Strange Spoon":121,"Lizard Tail":56,"CaptainsWheel":73,"Nunchaku":82,"Mummified Hand":73,"Pantograph":22,"Red Mask":61,"Nloth\u0027s Gift":96,"Meat on the Bone":25}],"Meat on the Bone":132},"card_choices":[{"not_picked":["Second Wind","Searing Blow"],"picked":"Twin Strike","floor":1.0},{"not_picked":["Whirlwind","Cleave"],"picked":"Feel No Pain","floor":2.0},{"not_picked":["Headbutt","Wild Strike"],"picked":"Shrug It Off","floor":7.0},{"not_picked":["Havoc","Heavy Blade"],"picked":"Corruption","floor":8.0},{"not_picked":["Headbutt","Flex","Havoc"],"picked":"SKIP","floor":10.0},{"not_picked":["Heavy Blade","Flex"],"picked":"Clothesline","floor":12.0},{"not_picked":["Warcry","Reckless Charge"],"picked":"Whirlwind","floor":14.0},{"not_picked":["Offering","Limit Break"],"picked":"Impervious","floor":16.0},{"not_picked":["Clothesline","Anger"],"picked":"Sentinel","floor":18.0},{"not_picked":["Flex","Wild Strike+1"],"picked":"Rampage","floor":20.0},{"not_picked":["Cleave","Iron Wave"],"picked":"Ghostly Armor","floor":22.0},{"not_picked":["Carnage","Rage"],"picked":"True Grit","floor":24.0},{"not_picked":["Havoc+1","Clothesline"],"picked":"Feed","floor":27.0},{"not_picked":["Armaments","Feel No Pain"],"picked":"Flame Barrier+1","floor":28.0},{"not_picked":["Twin Strike","Cleave"],"picked":"Ghostly Armor","floor":30.0},{"not_picked":["Armaments","Twin Strike+1"],"picked":"True Grit+1","floor":35.0},{"not_picked":["Perfected Strike","Fire Breathing"],"picked":"Second Wind+1","floor":37.0},{"not_picked":["Headbutt","Fire Breathing"],"picked":"Juggernaut","floor":39.0},{"not_picked":["Pummel","Bludgeon"],"picked":"Intimidate","floor":41.0},{"not_picked":["Heavy Blade","Sentinel","Iron Wave"],"picked":"SKIP","floor":42},{"not_picked":["Flex+1","Body Slam"],"picked":"Shockwave","floor":45},{"not_picked":["Reaper","Clothesline+1","Corruption"],"picked":"SKIP","floor":47},{"not_picked":["Hemokinesis+1","Blood for Blood","Wild Strike"],"picked":"SKIP","floor":48},{"not_picked":["Anger","Shrug It Off"],"picked":"Demon Form","floor":55}],"player_experience":355513,"relics_obtained":[{"floor":7.0,"key":"Pantograph"},{"floor":9.0,"key":"Meat on the Bone"},{"floor":12.0,"key":"Ancient Tea Set"},{"floor":20.0,"key":"Red Mask"},{"floor":24.0,"key":"CaptainsWheel"},{"floor":26.0,"key":"Mummified Hand"},{"floor":27.0,"key":"Nunchaku"},{"floor":30.0,"key":"Boot"},{"floor":42,"key":"Omamori"},{"floor":47,"key":"MawBank"},{"floor":55,"key":"Ginger"}],"event_choices":[{"cards_removed":["Strike_R"],"damage_healed":0.0,"max_hp_gain":0.0,"max_hp_loss":0.0,"gold_gain":0.0,"event_name":"Golden Wing","player_choice":"Card Removal","floor":3.0,"gold_loss":0.0,"damage_taken":7.0},{"damage_healed":0.0,"max_hp_gain":0.0,"max_hp_loss":0.0,"gold_gain":75.0,"event_name":"World of Goop","player_choice":"Gather Gold","floor":4.0,"gold_loss":0.0,"damage_taken":11.0},{"damage_healed":0.0,"max_hp_gain":0.0,"max_hp_loss":0.0,"gold_gain":0.0,"event_name":"Addict","player_choice":"Obtained Relic","floor":19.0,"gold_loss":85.0,"damage_taken":0.0,"relics_obtained":["Lizard Tail"]},{"damage_healed":0.0,"max_hp_gain":0.0,"max_hp_loss":0.0,"gold_gain":0.0,"event_name":"Masked Bandits","player_choice":"Fought Bandits","floor":20.0,"gold_loss":0.0,"damage_taken":0.0},{"damage_healed":0.0,"max_hp_gain":0.0,"max_hp_loss":0.0,"gold_gain":0.0,"event_name":"N\u0027loth","player_choice":"Traded Relic","floor":31.0,"relics_lost":["Ancient Tea Set"],"gold_loss":0.0,"damage_taken":0.0,"relics_obtained":["Nloth\u0027s Gift"]},{"cards_removed":["Strike_R"],"damage_healed":0.0,"max_hp_gain":0.0,"max_hp_loss":0.0,"gold_gain":0.0,"event_name":"Purifier","player_choice":"Purged","floor":36.0,"gold_loss":0.0,"damage_taken":0.0},{"cards_removed":["Defend_R"],"damage_healed":0,"gold_gain":0,"player_choice":"Removed Skill","damage_taken":0,"max_hp_gain":0,"max_hp_loss":0,"event_name":"Falling","floor":44,"gold_loss":0}],"is_beta":false,"boss_relics":[{"not_picked":["Busted Crown","Black Blood"],"picked":"Cursed Key"},{"not_picked":["Runic Dome","Philosopher\u0027s Stone"],"picked":"SlaversCollar"}],"items_purged_floors":[54],"is_endless":false,"potions_floor_spawned":[1,8,10,12,22,24,28,30,33,35,39,42,48],"killed_by":"The Heart","ascension_level":20}}