{"host":"pj7egx7jkoz18hom","time":1613228430,"event":{"mods":["AchievementEnabler","BaseMod","Keyboard Shortcuts","Minty Spire (QoL Compilation)","SuperFastMode"],"gold_per_floor":[111,129,142,142,155,184,184,214,287,297,327,327,352,363,363,465,465,405,315,330,14,28,57,75,75,75,92,119,130,156,156,156,255,255,267,0,19,19,30,57,57,72,95,95,125,144,144,156,156,156,156,156,28,60,60,60],"floor_reached":55,"language":"KOR","playtime":6729,"items_purged":["Strike_G","Defend_G"],"score":967,"play_id":"cad25748-c896-48e9-87fd-c33fc1dbf5d7","local_time":"20210214000030","is_ascension_mode":true,"campfire_choices":[{"data":"Survivor","floor":7,"key":"SMITH"},{"floor":12,"key":"REST"},{"data":"Acrobatics","floor":15,"key":"SMITH"},{"data":"Tools of the Trade","floor":25,"key":"SMITH"},{"floor":32,"key":"RECALL"},{"data":"Eviscerate","floor":41,"key":"SMITH"},{"data":"Underhanded Strike","floor":44,"key":"SMITH"},{"data":"Dagger Throw","floor":49,"key":"SMITH"},{"data":"Neutralize","floor":52,"key":"SMITH"}],"circlet_count":0,"master_deck":["Strike_G","Strike_G","Defend_G","Defend_G","Survivor+1","Neutralize+1","Eviscerate+1","Dagger Throw+1","Acrobatics+1","Backstab","Quick Slash+1","Escape Plan","Prepared+1","Backflip+1","Tools of the Trade+1","Underhanded Strike+1","Night Terror+1","Outmaneuver+1","Blur+1","Tactician+1","Phantasmal Killer+1","Adrenaline+1","Backstab","Tactician+1","Prepared+1","Reflex+1"],"relics":["Ring of the Snake","FossilizedHelix","Ornamental Fan","Calipers","Toxic Egg 2","PreservedInsect","Eternal Feather","Empty Cage","Bottled Lightning","White Beast Statue","Bottled Flame","Omamori","Smiling Mask","Anchor","Calling Bell","Nunchaku","Matryoshka","CaptainsWheel","Red Mask","Strawberry","Pen Nib","Bronze Scales","Ninja Scroll"],"acts_visited":["Exordium","TheCity","TheBeyond","TheEnding"],"potions_floor_usage":[6,6,11,13,18,24,28,29,33,40,42,50,50,55,55,55],"damage_taken":[{"damage":0,"enemies":"2 Louse","floor":1,"turns":2},{"damage":0,"enemies":"Small Slimes","floor":2,"turns":5},{"damage":0,"enemies":"Cultist","floor":3,"turns":3},{"damage":4,"enemies":"Gremlin Gang","floor":5,"turns":6},{"damage":18,"enemies":"Lagavulin","floor":6,"turns":6},{"damage":11,"enemies":"Gremlin Nob","floor":8,"turns":5},{"damage":0,"enemies":"3 Louse","floor":10,"turns":2},{"damage":0,"enemies":"Lagavulin","floor":11,"turns":5},{"damage":0,"enemies":"3 Sentries","floor":13,"turns":4},{"damage":0,"enemies":"Large Slime","floor":14,"turns":4},{"damage":8,"enemies":"Slime Boss","floor":16,"turns":10},{"damage":8,"enemies":"2 Thieves","floor":18,"turns":4},{"damage":0,"enemies":"Spheric Guardian","floor":20,"turns":2},{"damage":5,"enemies":"Shelled Parasite and Fungi","floor":22,"turns":6},{"damage":8,"enemies":"Book of Stabbing","floor":23,"turns":5},{"damage":0,"enemies":"Snecko","floor":24,"turns":4},{"damage":0,"enemies":"Snake Plant","floor":27,"turns":5},{"damage":0,"enemies":"Gremlin Leader","floor":28,"turns":5},{"damage":6,"enemies":"Cultist and Chosen","floor":29,"turns":6},{"damage":0,"enemies":"Book of Stabbing","floor":30,"turns":3},{"damage":8,"enemies":"Automaton","floor":33,"turns":5},{"damage":20,"enemies":"3 Shapes","floor":35,"turns":2},{"damage":0,"enemies":"Orb Walker","floor":37,"turns":3},{"damage":0,"enemies":"3 Darklings","floor":39,"turns":4},{"damage":18,"enemies":"Reptomancer","floor":40,"turns":6},{"damage":0,"enemies":"4 Shapes","floor":42,"turns":6},{"damage":0,"enemies":"Nemesis","floor":45,"turns":3},{"damage":0,"enemies":"Sphere and 2 Shapes","floor":46,"turns":2},{"damage":0,"enemies":"Jaw Worm Horde","floor":48,"turns":4},{"damage":26,"enemies":"Time Eater","floor":50,"turns":8},{"damage":0,"enemies":"Shield and Spear","floor":54,"turns":2},{"damage":105,"enemies":"The Heart","floor":55,"turns":8}],"seed_played":"-7312183820626172107","potions_obtained":[{"floor":2,"key":"PowerPotion"},{"floor":3,"key":"Fire Potion"},{"floor":8,"key":"SteroidPotion"},{"floor":10,"key":"SpeedPotion"},{"floor":14,"key":"SmokeBomb"},{"floor":16,"key":"SteroidPotion"},{"floor":23,"key":"Energy Potion"},{"floor":24,"key":"Fire Potion"},{"floor":27,"key":"Block Potion"},{"floor":28,"key":"SmokeBomb"},{"floor":29,"key":"AttackPotion"},{"floor":30,"key":"GhostInAJar"},{"floor":33,"key":"Regen Potion"},{"floor":40,"key":"Fire Potion"},{"floor":42,"key":"DistilledChaos"},{"floor":46,"key":"FearPotion"},{"floor":48,"key":"Fruit Juice"},{"floor":54,"key":"Dexterity Potion"}],"is_trial":false,"path_per_floor":["M","M","M","?","M","E","R","E","T","M","E","R","E","M","R","B",null,"M","?","M","$","M","E","M","R","T","M","E","M","E","?","R","B",null,"M","?","M","?","M","E","R","M","T","R","E","M","?","M","R","B",null,"R","$","E","B"],"character_chosen":"THE_SILENT","items_purchased":["Bottled Lightning","LiquidMemories"],"campfire_rested":1,"item_purchase_floors":[21,53],"current_hp_per_floor":[63,63,63,56,52,34,34,23,23,23,23,41,41,41,53,45,63,55,55,55,55,50,42,42,54,54,54,54,48,48,48,60,52,63,43,43,43,43,43,32,47,47,47,62,62,62,62,62,70,64,75,75,75,75,0,0],"gold":60,"neow_bonus":"ONE_RARE_RELIC","is_daily":false,"chose_seed":false,"campfire_upgraded":7,"win_rate":0.0,"timestamp":1613228430,"path_taken":["M","M","M","?","M","E","R","E","T","M","E","R","E","M","R","BOSS","M","?","?","$","?","E","M","R","T","M","E","M","E","?","R","BOSS","M","?","M","?","?","E","R","M","T","R","E","M","?","?","R","BOSS","R","$","E","BOSS"],"items_purchased_type":["Relic","Potion"],"build_version":"2020-12-22","purchased_purges":2,"victory":false,"max_hp_per_floor":[63,63,63,63,63,63,63,63,63,63,63,63,63,63,63,63,63,63,63,63,63,63,63,63,63,63,63,63,63,63,63,63,63,63,63,63,63,63,63,70,70,70,70,70,70,70,70,70,70,75,75,75,75,75,75,75],"card_choices":[{"not_picked":["Prepared","Dash"],"picked":"Eviscerate","floor":1},{"not_picked":["Choke","Heel Hook"],"picked":"Dagger Throw","floor":2},{"not_picked":["Outmaneuver","Infinite Blades"],"picked":"Acrobatics","floor":3},{"not_picked":["Prepared","Leg Sweep"],"picked":"Backstab","floor":5},{"not_picked":["Expertise","Dodge and Roll"],"picked":"Quick Slash","floor":6},{"not_picked":["Masterful Stab","Dagger Spray"],"picked":"Escape Plan","floor":8},{"not_picked":["Quick Slash","Deflect+1"],"picked":"Prepared+1","floor":10},{"not_picked":["Prepared+1","Slice"],"picked":"Backflip+1","floor":11},{"not_picked":["Bouncing Flask+1","Sucker Punch"],"picked":"Tools of the Trade","floor":13},{"not_picked":["Heel Hook","Flechettes"],"picked":"Underhanded Strike","floor":14},{"not_picked":["Wraith Form v2","Tools of the Trade"],"picked":"Night Terror+1","floor":16},{"not_picked":["Dagger Throw+1","Prepared+1"],"picked":"Outmaneuver+1","floor":20},{"not_picked":["Riddle With Holes+1","Predator+1"],"picked":"Blur+1","floor":22},{"not_picked":["Outmaneuver+1","Deadly Poison+1"],"picked":"Tactician+1","floor":23},{"not_picked":["Predator","Choke","Outmaneuver+1"],"picked":"SKIP","floor":24},{"not_picked":["Unload","Sucker Punch+1","PiercingWail+1"],"picked":"SKIP","floor":27},{"not_picked":["Crippling Poison+1","Quick Slash+1","Blade Dance+1"],"picked":"SKIP","floor":28},{"not_picked":["Slice","Choke","All Out Attack"],"picked":"SKIP","floor":29},{"not_picked":["Sucker Punch","Slice"],"picked":"Phantasmal Killer+1","floor":30},{"not_picked":["Burst+1","Phantasmal Killer+1"],"picked":"Adrenaline+1","floor":33},{"not_picked":["Slice+1","Sucker Punch"],"picked":"Backstab","floor":35},{"not_picked":["Finisher","Choke+1"],"picked":"Tactician+1","floor":37},{"not_picked":["Infinite Blades","Deadly Poison+1"],"picked":"Prepared+1","floor":39},{"not_picked":["Deadly Poison+1","Blade Dance+1"],"picked":"Reflex+1","floor":40},{"not_picked":["Bouncing Flask+1","Outmaneuver+1","Riddle With Holes"],"picked":"SKIP","floor":42},{"not_picked":["Deadly Poison+1","Dagger Throw+1","Dagger Spray"],"picked":"SKIP","floor":45},{"not_picked":["Blur+1","Noxious Fumes+1","PiercingWail+1"],"picked":"SKIP","floor":46},{"not_picked":["Backflip+1","Adrenaline+1","Eviscerate"],"picked":"SKIP","floor":48},{"not_picked":["PiercingWail+1","Adrenaline+1","Deadly Poison+1"],"picked":"SKIP","floor":54}],"player_experience":43951,"relics_obtained":[{"floor":6,"key":"Ornamental Fan"},{"floor":8,"key":"Calipers"},{"floor":9,"key":"Toxic Egg 2"},{"floor":11,"key":"PreservedInsect"},{"floor":13,"key":"Eternal Feather"},{"floor":23,"key":"White Beast Statue"},{"floor":26,"key":"Bottled Flame"},{"floor":28,"key":"Omamori"},{"floor":30,"key":"Smiling Mask"},{"floor":34,"key":"Nunchaku"},{"floor":34,"key":"Matryoshka"},{"floor":34,"key":"CaptainsWheel"},{"floor":40,"key":"Strawberry"},{"floor":43,"key":"Pen Nib"},{"floor":45,"key":"Bronze Scales"},{"floor":54,"key":"Ninja Scroll"}],"event_choices":[{"cards_removed":["Strike_G"],"damage_healed":0,"gold_gain":0,"player_choice":"Card Removal","damage_taken":7,"max_hp_gain":0,"max_hp_loss":0,"event_name":"Golden Wing","floor":4,"gold_loss":0},{"cards_removed":["Defend_G"],"damage_healed":0,"gold_gain":0,"player_choice":"Upgrade and Remove","damage_taken":0,"max_hp_gain":0,"max_hp_loss":0,"event_name":"Designer","floor":19,"gold_loss":90,"cards_upgraded":["Quick Slash"]},{"damage_healed":0,"gold_gain":0,"player_choice":"Opened","damage_taken":0,"relics_obtained":["Anchor"],"max_hp_gain":0,"max_hp_loss":0,"event_name":"The Mausoleum","floor":31,"gold_loss":0},{"damage_healed":0,"gold_gain":0,"player_choice":"Paid","damage_taken":0,"relics_obtained":["Red Mask"],"max_hp_gain":0,"max_hp_loss":0,"event_name":"Tomb of Lord Red Mask","floor":36,"gold_loss":267},{"damage_healed":0,"gold_gain":0,"player_choice":"Ignored","damage_taken":0,"max_hp_gain":0,"max_hp_loss":0,"event_name":"Duplicator","floor":38,"gold_loss":0},{"damage_healed":0,"gold_gain":0,"player_choice":"0 cards matched","damage_taken":0,"max_hp_gain":0,"max_hp_loss":0,"event_name":"Match and Keep!","floor":47,"gold_loss":0,"cards_obtained":[]}],"is_beta":false,"boss_relics":[{"not_picked":["Tiny House","Snecko Eye"],"picked":"Empty Cage"},{"not_picked":["Busted Crown","Philosopher\u0027s Stone"],"picked":"Calling Bell"}],"items_purged_floors":[21,53],"is_endless":false,"potions_floor_spawned":[2,3,8,10,14,16,18,23,24,27,28,29,30,33,35,37,39,40,42,45,46,48,54],"killed_by":"The Heart","ascension_level":1}}