{"host":"eglukmwb6rueyn6u","time":1613230054,"event":{"mods":["BaseMod","Colored Map","Minty Spire (QoL Compilation)"],"gold_per_floor":[115,190,190,78,92,92,124,124,147,147,147,102,102,102,102],"floor_reached":14,"language":"ENG","playtime":405,"items_purged":[],"score":84,"play_id":"f4fc77cb-a1d4-4dd4-a9f9-eeb931c0fc17","local_time":"20210213172734","is_ascension_mode":false,"campfire_choices":[{"data":"Capacitor","floor":6,"key":"SMITH"},{"floor":8,"key":"REST"},{"floor":10,"key":"REST"}],"circlet_count":0,"master_deck":["Strike_B","Strike_B","Strike_B","Strike_B","Defend_B","Defend_B","Defend_B","Defend_B","Zap","Dualcast","Blind","Loop+1","FTL","Blizzard","Capacitor+1","Barrage"],"relics":["Cracked Core","Bag of Marbles","Bronze Scales","InkBottle"],"acts_visited":["Exordium"],"potions_floor_usage":[7],"damage_taken":[{"damage":7,"enemies":"2 Louse","floor":1,"turns":3},{"damage":5,"enemies":"Small Slimes","floor":5,"turns":4},{"damage":49,"enemies":"3 Sentries","floor":7,"turns":8},{"damage":29,"enemies":"Gremlin Nob","floor":14,"turns":3}],"seed_played":"-6437336622090538382","potions_obtained":[{"floor":1,"key":"LiquidMemories"}],"is_trial":false,"path_per_floor":["M","?","?","$","M","R","E","R","T","R","?","$","?","E"],"character_chosen":"DEFECT","items_purchased":["FTL","Blizzard","Barrage"],"campfire_rested":2,"item_purchase_floors":[4,4,12],"current_hp_per_floor":[68,57,57,57,52,52,3,25,25,47,29,29,29,0,0],"gold":102,"neow_bonus":"RANDOM_COLORLESS","is_daily":false,"chose_seed":false,"campfire_upgraded":1,"win_rate":0.0,"timestamp":1613230054,"path_taken":["M","?","?","$","M","R","E","R","T","R","?","$","?","E"],"items_purchased_type":["Card","Card","Card"],"build_version":"2020-12-22","purchased_purges":0,"victory":false,"max_hp_per_floor":[75,75,75,75,75,75,75,75,75,75,75,75,75,75,75],"card_choices":[{"not_picked":["Dark Shackles","Enlightenment"],"picked":"Blind","floor":0},{"not_picked":["Auto Shields","Beam Cell"],"picked":"Loop","floor":1},{"not_picked":["FTL","Conserve Battery"],"picked":"Capacitor","floor":5},{"not_picked":["Rebound","Fission","Auto Shields"],"picked":"SKIP","floor":7}],"player_experience":17171,"relics_obtained":[{"floor":7,"key":"Bag of Marbles"},{"floor":9,"key":"Bronze Scales"}],"event_choices":[{"damage_healed":0,"gold_gain":75,"player_choice":"Gather Gold","damage_taken":11,"max_hp_gain":0,"max_hp_loss":0,"event_name":"World of Goop","floor":2,"gold_loss":0},{"damage_healed":0,"gold_gain":0,"player_choice":"Leave","damage_taken":0,"max_hp_gain":0,"max_hp_loss":0,"event_name":"The Cleric","floor":3,"gold_loss":0},{"damage_healed":0,"gold_gain":0,"player_choice":"Success","damage_taken":18,"relics_obtained":["InkBottle"],"max_hp_gain":0,"max_hp_loss":0,"event_name":"Scrap Ooze","floor":11,"gold_loss":0},{"damage_healed":0,"gold_gain":0,"player_choice":"Grow","damage_taken":0,"max_hp_gain":0,"max_hp_loss":0,"event_name":"Living Wall","floor":13,"gold_loss":0,"cards_upgraded":["Loop"]}],"is_beta":false,"boss_relics":[],"items_purged_floors":[],"is_endless":false,"potions_floor_spawned":[1],"killed_by":"Gremlin Nob","ascension_level":0}}