{"host":"clf2hd4adhiiw0zf","time":1613198108,"event":{"mods":["AchievementEnabler","BaseMod","Beaked The Cultist","Bestiary","Dark Map","Downfall","Gremlin Mod","Hermit","Jorbs\u0027s Wanderer Trilogy","Marisa????????","Minty Spire (QoL Compilation)","Shop Mod","StSLib","The Cursed","The Servant 0.9.4","Wide Potions"],"gold_per_floor":[99,114,124,135,135,135,135,35,35,185,214,230,130,142,155,155,155,155],"floor_reached":16,"language":"ENG","playtime":570,"items_purged":[],"score":148,"play_id":"c9954036-b35e-470b-9462-33bb28bc4130","local_time":"20210212233508","is_ascension_mode":true,"campfire_choices":[{"floor":1.0,"key":"RECALL"},{"data":"champ:UltimateStance","floor":8.0,"key":"SMITH"},{"data":"champ:Execute","floor":13.0,"key":"SMITH"}],"circlet_count":0,"master_deck":["champ:Strike","champ:Strike","champ:Strike","champ:Strike","champ:Defend+1","champ:Defend","champ:Defend+1","champ:Defend","champ:Execute+1","champ:Taunt+1","champ:FlashCut","champ:BerserkersShout","champ:PreciseThrust","downfall:Malfunctioning","Injury","champ:UltimateStance+1","Injury","downfall:Icky","champ:AdrenalArmor","champ:AdrenalArmor","champ:FanOfKnives"],"relics":["Busted Crown","downfall:ExtraCursedKey","Ginger","downfall:HeartBlessingRed","Eternal Feather","downfall:HeartBlessingGreen"],"acts_visited":["Exordium"],"potions_floor_usage":[16],"damage_taken":[{"damage":10.0,"enemies":"Jaw Worm","floor":2.0,"turns":3.0},{"damage":0.0,"enemies":"2 Louse","floor":3.0,"turns":2.0},{"damage":20.0,"enemies":"Small Slimes","floor":4.0,"turns":3.0},{"damage":87.0,"enemies":"3 Sentries","floor":11.0,"turns":9.0},{"damage":25.0,"enemies":"Exordium Thugs","floor":12.0,"turns":5.0},{"damage":22.0,"enemies":"Blue Slaver","floor":14.0,"turns":2.0},{"damage":30.0,"enemies":"Gremlin Gang","floor":15.0,"turns":4.0},{"damage":80,"enemies":"WA_ARCHETYPE_RETAIN","floor":16,"turns":7}],"seed_played":"-4515124339649577253","potions_obtained":[{"floor":2.0,"key":"GamblersBrew"},{"floor":15.0,"key":"SteroidPotion"}],"is_trial":false,"path_per_floor":["R","M","M","M","?","?","T","R","?","?","E","M","R","M","M","B"],"character_chosen":"THE_CHAMP","items_purchased":[],"campfire_rested":0,"item_purchase_floors":[],"current_hp_per_floor":[81,81,81,81,81,81,81,81,81,81,44,34,46,44,44,0,0,0],"gold":155,"neow_bonus":"BOSS_RELIC","is_daily":false,"chose_seed":false,"campfire_upgraded":2,"win_rate":0.0,"timestamp":1613198108,"path_taken":["R","M","M","M","?","?","T","R","?","?","E","?","R","M","M","BOSS"],"items_purchased_type":[],"build_version":"2020-12-22","purchased_purges":0,"victory":false,"max_hp_per_floor":[90,90,90,90,90,90,90,90,90,90,90,90,90,90,90,90,90,90],"card_choices":[{"not_picked":[],"picked":"champ:FlashCut","floor":2.0},{"not_picked":[],"picked":"champ:BerserkersShout","floor":3.0},{"not_picked":[],"picked":"champ:PreciseThrust","floor":4.0},{"not_picked":[],"picked":"champ:AdrenalArmor","floor":11.0},{"not_picked":[],"picked":"champ:AdrenalArmor","floor":12.0},{"not_picked":["champ:PreemptiveStrike"],"picked":"SKIP","floor":14.0},{"not_picked":[],"picked":"champ:FanOfKnives","floor":15.0}],"player_experience":269221,"relics_obtained":[{"floor":7.0,"key":"Ginger"},{"floor":11.0,"key":"Eternal Feather"}],"event_choices":[{"cards_removed":["Regret"],"damage_healed":0.0,"max_hp_gain":0.0,"max_hp_loss":0.0,"gold_gain":0.0,"event_name":"The Cleric","player_choice":"Card Removal","floor":9.0,"gold_loss":0.0,"damage_taken":0.0}],"is_beta":false,"boss_relics":[],"items_purged_floors":[],"is_endless":false,"potions_floor_spawned":[2,15],"killed_by":"WA_ARCHETYPE_RETAIN","ascension_level":9}}