{"host":"wri98rxht4656ll8","time":1613233934,"event":{"mods":["AchievementEnabler","BaseMod","Colored Map","Colored Powertips","Minty Spire (QoL Compilation)","StSLib"],"gold_per_floor":[114,134,134,134,134,134,29,39,66,76,4,20,20,54,54,54,54],"floor_reached":16,"language":"ENG","playtime":506,"items_purged":[],"score":100,"play_id":"40844aa6-4d0a-46a3-8608-d785355040ee","local_time":"20210213173214","is_ascension_mode":false,"campfire_choices":[{"data":"Calculated Gamble","floor":6,"key":"SMITH"},{"data":"Infinite Blades","floor":13,"key":"SMITH"},{"data":"Cloak And Dagger","floor":15,"key":"SMITH"}],"circlet_count":0,"master_deck":["Strike_G","Strike_G","Strike_G","Strike_G","Strike_G","Defend_G","Defend_G","Defend_G","Defend_G","Defend_G","Survivor","Neutralize","Blade Dance+1","Calculated Gamble+1","Infinite Blades+1","Terror","Outmaneuver","Outmaneuver","Cloak And Dagger+1","Blade Dance","Flying Knee"],"relics":["WristBlade","Kunai"],"acts_visited":["Exordium"],"potions_floor_usage":[],"damage_taken":[{"damage":0,"enemies":"2 Louse","floor":1,"turns":3},{"damage":6,"enemies":"Jaw Worm","floor":2,"turns":3},{"damage":0,"enemies":"Cultist","floor":8,"turns":2},{"damage":5,"enemies":"2 Fungi Beasts","floor":10,"turns":3},{"damage":6,"enemies":"Gremlin Gang","floor":12,"turns":2},{"damage":5,"enemies":"Lagavulin","floor":14,"turns":4},{"damage":0,"enemies":"Slime Boss","floor":16,"turns":2}],"seed_played":"-8234580032289468356","potions_obtained":[{"floor":2,"key":"DuplicationPotion"},{"floor":12,"key":"Swift Potion"}],"is_trial":false,"path_per_floor":["M","M","?","?","?","R","$","M","T","M","$","M","R","E","R","B"],"character_chosen":"THE_SILENT","items_purchased":["Infinite Blades","Terror","Cloak And Dagger","Blade Dance"],"campfire_rested":0,"item_purchase_floors":[7,7,11,11],"current_hp_per_floor":[70,64,64,61,61,61,61,61,61,56,56,50,50,45,45,45,45],"gold":54,"neow_bonus":"BOSS_RELIC","is_daily":false,"chose_seed":false,"campfire_upgraded":3,"win_rate":0.0,"timestamp":1613233934,"path_taken":["M","M","?","?","?","R","$","M","T","?","$","?","R","E","R","BOSS"],"items_purchased_type":["Card","Card","Card","Card"],"build_version":"2020-12-22","purchased_purges":0,"victory":false,"max_hp_per_floor":[70,70,70,70,70,70,70,70,70,70,70,70,70,70,70,70,70],"card_choices":[{"not_picked":["Dodge and Roll","Dagger Throw"],"picked":"Blade Dance","floor":1},{"not_picked":["PiercingWail","Slice"],"picked":"Calculated Gamble","floor":2},{"not_picked":["Slice","Flying Knee"],"picked":"Outmaneuver","floor":8},{"not_picked":["Flechettes","Doppelganger"],"picked":"Outmaneuver","floor":10},{"not_picked":["Sucker Punch","Backstab"],"picked":"Flying Knee","floor":12},{"not_picked":["Sucker Punch","Bane","Tactician"],"picked":"SKIP","floor":14}],"player_experience":202256,"relics_obtained":[{"floor":14,"key":"Kunai"}],"event_choices":[{"damage_healed":0,"gold_gain":0,"player_choice":"Grow","damage_taken":0,"max_hp_gain":0,"max_hp_loss":0,"event_name":"Living Wall","floor":3,"gold_loss":0,"cards_upgraded":["Blade Dance"]},{"damage_healed":0,"gold_gain":0,"player_choice":"Fled","damage_taken":3,"max_hp_gain":0,"max_hp_loss":0,"event_name":"Scrap Ooze","floor":4,"gold_loss":0},{"damage_healed":0,"gold_gain":0,"player_choice":"Leave","damage_taken":0,"max_hp_gain":0,"max_hp_loss":0,"event_name":"The Cleric","floor":5,"gold_loss":0}],"is_beta":false,"boss_relics":[],"items_purged_floors":[],"is_endless":false,"potions_floor_spawned":[2,12],"killed_by":"Slime Boss","ascension_level":0}}