{"host":"qz0goigh82dax5l2","time":1613197471,"event":{"mods":["Act Like it!","Alarm Clock","BaseMod","Hallownest","Minty Spire (QoL Compilation)","StSLib"],"gold_per_floor":[119,135,135,145,53,81,81,107,107,107,122,122,122,122,122,225,225,239,250,33,45,45,70,89,89,162,188,188,188,7,63,63,167,167,186,186,186,346,346,346],"floor_reached":39,"language":"ZHS","playtime":2914,"items_purged":[],"score":470,"play_id":"c3bffd26-cff0-463f-9cdf-3ddc44c3769c","local_time":"20210213142431","is_ascension_mode":true,"campfire_choices":[{"floor":7.0,"key":"REST"},{"data":"Zap","floor":10.0,"key":"SMITH"},{"data":"Dualcast","floor":15.0,"key":"SMITH"},{"floor":25,"key":"REST"},{"data":"Glacier","floor":32,"key":"SMITH"}],"circlet_count":0,"master_deck":["Strike_B","Strike_B","Strike_B","Strike_B","Defend_B","Defend_B","Defend_B","Defend_B","Zap+1","Dualcast+1","Beam Cell","Reinforced Body","Doom and Gloom","Chaos","Go for the Eyes","Coolheaded","Self Repair","Conserve Battery","Meteor Strike","CurseOfTheBell","Chaos","Double Energy+1","Doom and Gloom","Rebound","Hallownest:pwrSporeShroom","Streamline","Hologram","Capacitor","Sunder","Self Repair","Hologram","Glacier+1","Rainbow","Ball Lightning+1"],"relics":["Cracked Core","Oddly Smooth Stone","Hallownest:DreamNailRelic","Lantern","Meat on the Bone","Blood Vial","Sundial","Shuriken","Calling Bell","Orichalcum","Matryoshka","Ginger","Chemical X","Vajra","Happy Flower","Kunai","InkBottle","Black Star","Hallownest:KingsIdolRelic","Hallownest:GodTamersBeastRelic"],"acts_visited":["Exordium","Hallownest:Greenpath","Hallownest:CityofTears"],"potions_floor_usage":[27,31,33,33],"damage_taken":[{"damage":2.0,"enemies":"Hallownest:monsterHuskWarrior","floor":1.0,"turns":4.0},{"damage":4.0,"enemies":"2_ Uuma","floor":2.0,"turns":4.0},{"damage":0.0,"enemies":"Hallownest:2_MossCreeps","floor":4.0,"turns":6.0},{"damage":24.0,"enemies":"Hallownest:eliteCrystalGuardian","floor":6.0,"turns":7.0},{"damage":1.0,"enemies":"Hallownest:eliteVengeflyKing","floor":8.0,"turns":5.0},{"damage":0.0,"enemies":"Hallownest:monsterAspidMother","floor":11.0,"turns":5.0},{"damage":46.0,"enemies":"Hallownest:BossBrokenVessel","floor":16.0,"turns":12.0},{"damage":2.0,"enemies":"Hallownest:Flukemon_and_Top","floor":18.0,"turns":6.0},{"damage":5.0,"enemies":"Hallownest:Guard_and_Sentry","floor":19.0,"turns":6.0},{"damage":3.0,"enemies":"Hallownest:Master_and_Novice","floor":21.0,"turns":4.0},{"damage":43.0,"enemies":"Hallownest:eliteWatcherKnight","floor":23.0,"turns":14.0},{"damage":17,"enemies":"Hallownest:3_Mistakes","floor":24,"turns":11},{"damage":17,"enemies":"Hallownest:eliteSoulWarrior","floor":27,"turns":6},{"damage":13,"enemies":"Hallownest:Glutton_and_Coward","floor":31,"turns":6},{"damage":74,"enemies":"Hallownest:BossGrimm","floor":33,"turns":18},{"damage":62,"enemies":"Hallownest:2_Littles","floor":35,"turns":12},{"damage":28,"enemies":"Hallownest:2_Littles","floor":38,"turns":5},{"damage":28,"enemies":"Hallownest:2_Littles","floor":38,"turns":9},{"damage":44,"enemies":"Hallownest:2_Littles","floor":38,"turns":5},{"damage":0,"enemies":"Hallownest:2_Littles","floor":38,"turns":2},{"damage":41,"enemies":"Hallownest:3_Siblings","floor":39,"turns":7}],"seed_played":"3485083577830293251","potions_obtained":[{"floor":1.0,"key":"GamblersBrew"},{"floor":2.0,"key":"FocusPotion"},{"floor":8.0,"key":"Strength Potion"},{"floor":11.0,"key":"SkillPotion"},{"floor":19.0,"key":"SpeedPotion"},{"floor":24,"key":"FearPotion"},{"floor":27,"key":"GamblersBrew"}],"is_trial":false,"path_per_floor":["M","M","?","M","$","E","R","E","T","R","M","T","?","T","R","B",null,"M","M","$","M","?","E","M","R","T","E","?","?","$","M","R","B",null,"M","?","?","?","M"],"character_chosen":"DEFECT","items_purchased":["Chaos","Go for the Eyes","Chemical X","Doom and Gloom","Sunder","Self Repair","Hologram"],"campfire_rested":2,"item_purchase_floors":[5,5,20,20,30,30,30],"current_hp_per_floor":[73,69,69,69,69,45,67,66,66,66,75,75,84,84,84,57,84,84,84,84,84,80,58,47,72,72,57,57,71,71,74,74,18,84,48,48,44,27,0,0],"gold":346,"neow_bonus":"RANDOM_COMMON_RELIC","is_daily":false,"chose_seed":false,"campfire_upgraded":3,"win_rate":0.0,"timestamp":1613197471,"path_taken":["M","M","?","?","?","E","R","E","T","R","M","?","?","?","R","BOSS","M","M","$","M","?","E","M","R","T","E","?","?","$","M","R","BOSS","M","?","?","?","?"],"items_purchased_type":["Card","Card","Relic","Card","Card","Card","Card"],"build_version":"2020-12-22","purchased_purges":0,"victory":false,"max_hp_per_floor":[75,75,75,75,75,75,75,75,75,75,75,75,84,84,84,84,84,84,84,84,84,84,84,84,84,84,84,84,84,84,84,84,84,84,84,79,79,79,79,79],"card_choices":[{"not_picked":["Heatsinks","Hologram"],"picked":"Beam Cell","floor":1.0},{"not_picked":["Gash","Go for the Eyes"],"picked":"Reinforced Body","floor":2.0},{"not_picked":["Turbo","Leap"],"picked":"Doom and Gloom","floor":4.0},{"not_picked":["Double Energy","Lockon"],"picked":"Coolheaded","floor":6.0},{"not_picked":["Sweeping Beam","Streamline"],"picked":"Self Repair","floor":8.0},{"not_picked":["Echo Form","Steam"],"picked":"Conserve Battery","floor":11.0},{"not_picked":["Creative AI","Rainbow"],"picked":"Meteor Strike","floor":16.0},{"not_picked":["Scrape+1","Consume"],"picked":"Chaos","floor":18.0},{"not_picked":["Barrage","Chaos+1"],"picked":"Double Energy+1","floor":19.0},{"not_picked":["Consume","Genetic Algorithm"],"picked":"Rebound","floor":21.0},{"not_picked":["Go for the Eyes","Leap"],"picked":"Streamline","floor":23},{"not_picked":["Beam Cell","Sweeping Beam"],"picked":"Hologram","floor":24},{"not_picked":["Rebound","Thunder Strike"],"picked":"Capacitor","floor":27},{"not_picked":["Reinforced Body","FTL+1"],"picked":"Glacier","floor":31},{"not_picked":["Buffer","Core Surge"],"picked":"Rainbow","floor":33},{"not_picked":["Coolheaded+1","Streamline+1"],"picked":"Ball Lightning+1","floor":35}],"player_experience":69183,"relics_obtained":[{"floor":6.0,"key":"Lantern"},{"floor":8.0,"key":"Meat on the Bone"},{"floor":9.0,"key":"Blood Vial"},{"floor":12.0,"key":"Sundial"},{"floor":14.0,"key":"Shuriken"},{"floor":17.0,"key":"Orichalcum"},{"floor":17.0,"key":"Matryoshka"},{"floor":17.0,"key":"Ginger"},{"floor":23,"key":"Vajra"},{"floor":26,"key":"Happy Flower"},{"floor":26,"key":"Kunai"},{"floor":27,"key":"InkBottle"}],"event_choices":[],"is_beta":false,"boss_relics":[{"not_picked":["Busted Crown","Sozu"],"picked":"Calling Bell"},{"not_picked":["Fusion Hammer","Runic Dome"],"picked":"Black Star"}],"items_purged_floors":[],"is_endless":false,"potions_floor_spawned":[1,2,8,11,19,24,27,38],"killed_by":"Hallownest:3_Siblings","ascension_level":1}}