{"host":"6p0attdrtjqaih7v","time":1613192186,"event":{"mods":["2.2 Compatiblity","AchievementEnabler","Bard","BaseMod","Better Skull","Better Third Choice","Card Filter","Colored Powertips","Hermit","Highlight Path","Hubris","Key Reminder","Minty Spire (QoL Compilation)","Permanent Neow","Quick Restart","Random Character Button","Relic Filter","Relic Stats","Reliquary","Replay The Spire","Robot Space Explorer","StSLib","The Hayseed","The Witch"],"gold_per_floor":[114,4,4,15,15,15,48,48,74,85,85,85,110,161,161,161,161],"floor_reached":16,"language":"ENG","playtime":348,"items_purged":[],"score":212,"play_id":"c26cda82-8140-45a6-a266-2d3f95ed89dd","local_time":"20210212235626","is_ascension_mode":true,"campfire_choices":[{"floor":6,"key":"REST"},{"data":"Biased Cognition","floor":8,"key":"SMITH"},{"data":"FTL","floor":12,"key":"SMITH"},{"floor":15,"key":"DIG"}],"circlet_count":0,"master_deck":["AscendersBane","Strike_B","Strike_B","Strike_B","Defend_B+1","Defend_B","Defend_B","Zap","Dualcast","Conserve Battery","Lockon+1","Biased Cognition+1","FTL+1","Heatsinks+1","ReplayTheSpireMod:Calculation Training"],"relics":["Empty Cage","Peace Pipe","reliquary:Knoch","Shovel","reliquary:TatteredRug","reliquary:RosewoodLute"],"acts_visited":["Exordium"],"potions_floor_usage":[7,7,13],"damage_taken":[{"damage":6,"enemies":"2 Louse","floor":1,"turns":3},{"damage":0,"enemies":"Jaw Worm","floor":4,"turns":3},{"damage":15,"enemies":"Lagavulin","floor":7,"turns":6},{"damage":0,"enemies":"Cultist","floor":10,"turns":2},{"damage":26,"enemies":"Gremlin Nob","floor":13,"turns":4},{"damage":17,"enemies":"Hexaghost","floor":16,"turns":7}],"seed_played":"8798357651925631379","potions_obtained":[{"floor":1,"key":"Milkshake"},{"floor":7,"key":"SkillPotion"},{"floor":10,"key":"FearPotion"}],"is_trial":false,"path_per_floor":["M","$","?","M","?","R","E","R","T","M","?","R","E","T","R","B"],"character_chosen":"DEFECT","items_purchased":["Sweeping Beam","Swift Potion"],"campfire_rested":1,"item_purchase_floors":[2,2],"current_hp_per_floor":[58,58,37,37,37,58,43,43,43,43,43,43,17,17,17,0,0],"gold":161,"neow_bonus":"BOSS_RELIC","is_daily":false,"chose_seed":false,"campfire_upgraded":2,"win_rate":0.0,"timestamp":1613192186,"path_taken":["M","$","?","M","?","R","E","R","T","M","?","R","E","?","R","BOSS"],"items_purchased_type":["Card","Potion"],"build_version":"2020-12-22","purchased_purges":0,"victory":false,"max_hp_per_floor":[71,71,71,71,71,71,71,71,71,71,71,71,71,71,71,71,71],"relic_stats":{"Peace Pipe":0,"Shovel":1,"counters":[6,25],"obtain_stats":[{"Peace Pipe":7,"Shovel":13,"reliquary:TatteredRug":14,"reliquary:Knoch":9,"reliquary:RosewoodLute":15,"Cracked Core":0,"Empty Cage":0},{"Peace Pipe":3,"Shovel":5,"reliquary:TatteredRug":5,"reliquary:Knoch":3,"reliquary:RosewoodLute":5,"Cracked Core":0,"Empty Cage":0},{"Peace Pipe":12,"Shovel":18,"reliquary:TatteredRug":18,"reliquary:Knoch":12,"reliquary:RosewoodLute":18,"Cracked Core":0,"Empty Cage":0}]},"card_choices":[{"not_picked":["ReplayTheSpireMod:System Scan","Force Field"],"picked":"Conserve Battery","floor":1},{"not_picked":["Beam Cell","Tempest"],"picked":"Lockon","floor":4},{"not_picked":["Darkness","Redo"],"picked":"Biased Cognition","floor":7},{"not_picked":["Steam","Barrage"],"picked":"FTL","floor":10},{"not_picked":["Sweeping Beam","Genetic Algorithm"],"picked":"ReplayTheSpireMod:Calculation Training","floor":13}],"player_experience":1117989,"relics_obtained":[{"floor":7,"key":"Peace Pipe"},{"floor":9,"key":"reliquary:Knoch"},{"floor":13,"key":"Shovel"},{"floor":14,"key":"reliquary:TatteredRug"},{"floor":15,"key":"reliquary:RosewoodLute"}],"event_choices":[{"damage_healed":0,"gold_gain":0,"player_choice":"Entered Light","damage_taken":21,"max_hp_gain":0,"max_hp_loss":0,"event_name":"Shining Light","floor":3,"gold_loss":0,"cards_upgraded":["Sweeping Beam","Defend_B"]},{"damage_healed":0,"gold_gain":0,"player_choice":"Grow","damage_taken":0,"max_hp_gain":0,"max_hp_loss":0,"event_name":"Living Wall","floor":5,"gold_loss":0,"cards_upgraded":["Lockon"]}],"is_beta":false,"boss_relics":[],"items_purged_floors":[],"is_endless":false,"potions_floor_spawned":[1,7,10],"killed_by":"Hexaghost","ascension_level":20}}