{"host":"8u1cu4kisw6g21am","time":1613186759,"event":{"mods":["AchievementEnabler","BaseMod","Bestiary","BetterRewards","Minty Spire (QoL Compilation)","Quick Restart","Shop Mod","StSLib"],"gold_per_floor":[118,118,33,33,33,52,52,87,87,87,122,122,135,410,410,534,534,557,575,490,511,511,511,511],"floor_reached":23,"language":"ENG","playtime":9769,"items_purged":[],"score":222,"play_id":"42a426ae-640d-4997-aa0b-0e9dc743ef92","local_time":"20210212222559","is_ascension_mode":false,"campfire_choices":[{"data":"Dualcast","floor":7,"key":"SMITH"},{"data":"Zap","floor":10,"key":"SMITH"},{"data":"Redo","floor":15,"key":"SMITH"}],"circlet_count":0,"master_deck":["Strike_B","Strike_B","Strike_B","Strike_B","Defend_B","Defend_B","Defend_B","Zap+1","Dualcast+1","Scrape","Blind","Chill","Gash","Scrape","Redo+1","Regret","Seek","Redo","Redo+1"],"relics":["Cracked Core","NeowsBlessing","Bag of Preparation","Golden Idol","Vajra","Dream Catcher","Inserter","Toxic Egg 2","Pen Nib"],"acts_visited":["Exordium","TheCity"],"potions_floor_usage":[16,23,23],"damage_taken":[{"damage":0,"enemies":"Cultist","floor":1,"turns":1},{"damage":0,"enemies":"Small Slimes","floor":6,"turns":1},{"damage":0,"enemies":"Gremlin Nob","floor":8,"turns":1},{"damage":4,"enemies":"3 Sentries","floor":11,"turns":6},{"damage":0,"enemies":"Jaw Worm","floor":13,"turns":1},{"damage":25,"enemies":"Hexaghost","floor":16,"turns":8},{"damage":1,"enemies":"Chosen","floor":18,"turns":3},{"damage":15,"enemies":"Shell Parasite","floor":19,"turns":5},{"damage":44,"enemies":"3 Cultists","floor":21,"turns":6},{"damage":15,"enemies":"Gremlin Leader","floor":23,"turns":2}],"seed_played":"2100196720478084661","potions_obtained":[{"floor":1,"key":"SneckoOil"},{"floor":11,"key":"BlessingOfTheForge"},{"floor":18,"key":"Explosive Potion"},{"floor":21,"key":"Explosive Potion"}],"is_trial":false,"path_per_floor":["M","?","$","?","$","M","R","E","T","R","E","?","M","?","R","B",null,"M","M","?","M","T","E"],"character_chosen":"DEFECT","items_purchased":["Blind"],"campfire_rested":0,"item_purchase_floors":[3],"current_hp_per_floor":[75,72,72,54,54,54,54,54,54,54,50,43,43,43,43,18,75,74,59,59,15,15,0,0],"gold":511,"neow_bonus":"THREE_ENEMY_KILL","is_daily":false,"chose_seed":false,"campfire_upgraded":3,"win_rate":0.0,"timestamp":1613186759,"path_taken":["M","?","$","?","$","M","R","E","T","R","E","?","M","?","R","BOSS","M","M","?","M","?","E"],"items_purchased_type":["Card"],"build_version":"2020-12-22","purchased_purges":0,"victory":false,"max_hp_per_floor":[75,75,75,75,75,75,75,75,75,75,75,75,75,75,75,75,75,75,75,75,75,75,75,75],"card_choices":[{"not_picked":["Reprogram","Redo"],"picked":"Scrape","floor":1},{"not_picked":["Conserve Battery","Leap"],"picked":"Chill","floor":6},{"not_picked":["Fusion","Leap"],"picked":"Gash","floor":8},{"not_picked":["Machine Learning","Cold Snap"],"picked":"Scrape","floor":11},{"not_picked":["Streamline","Tempest"],"picked":"Redo","floor":13},{"not_picked":["All For One","Multi-Cast"],"picked":"Seek","floor":16},{"not_picked":["Leap","Steam"],"picked":"Redo","floor":18},{"not_picked":["Auto Shields","Force Field","Compile Driver"],"picked":"SKIP","floor":19},{"not_picked":["Go for the Eyes+1","BootSequence+1"],"picked":"Redo+1","floor":21}],"player_experience":162506,"relics_obtained":[{"floor":8,"key":"Vajra"},{"floor":11,"key":"Dream Catcher"},{"floor":22,"key":"Pen Nib"}],"event_choices":[{"damage_healed":0,"gold_gain":0,"player_choice":"Success","damage_taken":3,"relics_obtained":["Bag of Preparation"],"max_hp_gain":0,"max_hp_loss":0,"event_name":"Scrap Ooze","floor":2,"gold_loss":0},{"damage_healed":0,"gold_gain":0,"player_choice":"Take Damage","damage_taken":18,"relics_obtained":["Golden Idol"],"max_hp_gain":0,"max_hp_loss":0,"event_name":"Golden Idol","floor":4,"gold_loss":0},{"cards_removed":["Defend_B"],"damage_healed":0,"gold_gain":0,"player_choice":"Card Removal","damage_taken":7,"max_hp_gain":0,"max_hp_loss":0,"event_name":"Golden Wing","floor":12,"gold_loss":0},{"damage_healed":0,"gold_gain":275,"player_choice":"Desecrate","damage_taken":0,"max_hp_gain":0,"max_hp_loss":0,"event_name":"Golden Shrine","floor":14,"gold_loss":0,"cards_obtained":["Regret"]},{"damage_healed":0,"gold_gain":0,"player_choice":"Obtained Relic","damage_taken":0,"relics_obtained":["Toxic Egg 2"],"max_hp_gain":0,"max_hp_loss":0,"event_name":"Addict","floor":20,"gold_loss":85}],"is_beta":false,"boss_relics":[{"not_picked":["SacredBark","Astrolabe"],"picked":"Inserter"}],"items_purged_floors":[],"is_endless":false,"potions_floor_spawned":[1,11,18,21],"killed_by":"Gremlin Leader","ascension_level":0}}