{"host":"mhzgc0zma59jtmoj","time":1613258559,"event":{"mods":["BaseMod","BetterRewards","Custom Start","Glutton Mod","Ironclad Rager","Minty Spire (QoL Compilation)","Replay The Spire","Somnambulant","StSLib","The Cursed","The Hierophant","The Jungle","Treasure Hunter"],"gold_per_floor":[567,342,357,376,392,417,467,467,517,548,568,568,568,584,584,689,689,709,423,433,381,393,426,426,465,465,493,351,351,369,469,469,580,580,590,601,332,350,350,350,211,211,211,231,280,280,296,307,307,307,307,307,169,196,196],"floor_reached":56,"language":"ENG","playtime":4483,"items_purged":["TheCursedMod:Strike_TheCursed","TheCursedMod:Defend_TheCursed","TheCursedMod:Defend_TheCursed","TheCursedMod:VitalStrike","TheCursedMod:Defend_TheCursed","TheCursedMod:Strike_TheCursed","TheCursedMod:Strike_TheCursed+1","Looming Evil","TheCursedMod:Obscuration"],"score":2167,"play_id":"52a0a86a-99a3-453c-a2c4-3a6d19036e1b","local_time":"20210213182239","is_ascension_mode":false,"campfire_choices":[{"floor":8,"key":"REST"},{"data":"TheCursedMod:CircleOfAbyss","floor":15,"key":"SMITH"},{"data":"TheCursedMod:DemonicPact","floor":24,"key":"SMITH"},{"floor":32,"key":"RECALL"},{"data":"TheCursedMod:NeowsMight","floor":40,"key":"SMITH"},{"data":"TheCursedMod:CircleOfWindfury","floor":46,"key":"SMITH"},{"data":"TheCursedMod:CollectTribute","floor":49,"key":"SMITH"},{"data":"TheCursedMod:CleanUpWorkshop","floor":52,"key":"SMITH"}],"circlet_count":0,"master_deck":["TheCursedMod:CursedWand+1","TheCursedMod:CleanUpWorkshop+1","TheCursedMod:Dregs","TheCursedMod:SurpriseAttack+1","TheCursedMod:SurpriseAttack+1","TheCursedMod:RapidMovement","TheCursedMod:CursedBlade","TheCursedMod:Hemoplague","TheCursedMod:CircleOfWindfury+1","TheCursedMod:SurpriseAttack+1","TheCursedMod:CircleOfAbyss+1","TheCursedMod:CollectTribute+1","TheCursedMod:SurpriseAttack+1","TheCursedMod:Hemoplague","TH:CursedSword","TheCursedMod:SpitefulStrike","TheCursedMod:DemonicPact+1","TheCursedMod:SpitefulPlan","TheCursedMod:CursedSpellbook","TheCursedMod:CursedShiv+1","ReplayTheSpireMod:Splinters","TheCursedMod:HellfireBreathing+1","Dramatic Entrance","TheCursedMod:NeowsMight+1","Dramatic Entrance","Panacea","TheCursedMod:SurpriseAttack+1","TheCursedMod:SurpriseAttack+1"],"relics":["TheCursedMod:BlackMagic101","Membership Card","Whetstone","Singing Bowl","Lizard Tail","Snack Pack","Nunchaku","Lantern","Toy Ornithopter","Ring of Hypnosis","Ring of Peace","SlaversCollar","CeramicFish","Orrery","Replay:Bottled Eggs","Potion Belt","Iron Hammer","Bag of Marbles","ReplayTheSpireMod:CursedCoin","TheCursedMod:Tack","Omamori","Turnip","Divine Protection","Empty Cage","ReplayTheSpireMod:ShopPack","ReplayFunnel","Sundial","Ginger","Mango"],"acts_visited":["Exordium","TheCity","TheBeyond","TheEnding"],"potions_floor_usage":[6,16,22],"damage_taken":[{"damage":0,"enemies":"Cultist","floor":1,"turns":3},{"damage":0,"enemies":"Jaw Worm","floor":3,"turns":2},{"damage":0,"enemies":"Small Slimes","floor":4,"turns":2},{"damage":6,"enemies":"2 Fungi Beasts","floor":5,"turns":3},{"damage":17,"enemies":"Gremlin Nob","floor":6,"turns":5},{"damage":8,"enemies":"3 Sentries","floor":10,"turns":5},{"damage":3,"enemies":"Lots of Slimes","floor":11,"turns":2},{"damage":0,"enemies":"Looter","floor":14,"turns":4},{"damage":5,"enemies":"Hexaghost","floor":16,"turns":11},{"damage":0,"enemies":"2 Thieves","floor":18,"turns":5},{"damage":10,"enemies":"Spheric Guardian","floor":20,"turns":4},{"damage":14,"enemies":"Centurion and Healer","floor":22,"turns":8},{"damage":0,"enemies":"Replay:Snechameleon","floor":23,"turns":5},{"damage":0,"enemies":"Slavers","floor":25,"turns":5},{"damage":0,"enemies":"Replay:Snechameleon","floor":27,"turns":5},{"damage":0,"enemies":"Snecko","floor":30,"turns":3},{"damage":0,"enemies":"Colosseum Slavers","floor":31,"turns":1},{"damage":0,"enemies":"Colosseum Nobs","floor":31,"turns":3},{"damage":0,"enemies":"Pondfish","floor":33,"turns":9},{"damage":0,"enemies":"Orb Walker","floor":35,"turns":1},{"damage":0,"enemies":"3 Darklings","floor":36,"turns":2},{"damage":3,"enemies":"Sphere and 2 Shapes","floor":38,"turns":2},{"damage":6,"enemies":"4 Shapes","floor":44,"turns":2},{"damage":0,"enemies":"2 Orb Walkers","floor":45,"turns":1},{"damage":0,"enemies":"Writhing Mass","floor":47,"turns":2},{"damage":0,"enemies":"Maw","floor":48,"turns":3},{"damage":0,"enemies":"Time Eater","floor":50,"turns":7},{"damage":0,"enemies":"Shield and Spear","floor":54,"turns":2},{"damage":0,"enemies":"The Heart","floor":55,"turns":3}],"seed_played":"-2979848605907167233","potions_obtained":[{"floor":3,"key":"LifebloodPotion"},{"floor":5,"key":"ColorlessPotion"},{"floor":11,"key":"GamblersBrew"},{"floor":16,"key":"Dexterity Potion"},{"floor":18,"key":"LiquidBronze"},{"floor":27,"key":"DuplicationPotion"},{"floor":33,"key":"TheCursedMod:DregsPotion"},{"floor":44,"key":"SkillPotion"}],"is_trial":false,"path_per_floor":["M","$","M","M","M","E","T","R","T","E","M","?","?","M","R","B",null,"M","$","M","$","M","E","R","E","T","E","$","?","M","?","R","B",null,"M","M","$","M","?","R","$","?","T","M","?","R","M","M","R","B",null,"R","$","E","B",null],"character_chosen":"THE_CURSED","items_purchased":["TheCursedMod:SurpriseAttack","Membership Card","Whetstone","Singing Bowl","Lizard Tail","CeramicFish","TheCursedMod:Hemoplague","TH:CursedSword","TheCursedMod:SpitefulStrike","Orrery","ReplayTheSpireMod:CursedCoin","TheCursedMod:HellfireBreathing+1","TheCursedMod:Tack","Omamori","Dramatic Entrance","Dramatic Entrance","ReplayTheSpireMod:ShopPack","ReplayFunnel","TheCursedMod:SurpriseAttack"],"campfire_rested":1,"item_purchase_floors":[0,0,0,0,2,19,19,19,19,21,28,28,28,28,28,37,37,37,41],"current_hp_per_floor":[29,29,29,31,25,10,12,36,38,38,39,32,32,38,38,48,91,91,91,85,89,90,99,99,101,103,107,107,97,105,111,111,113,113,115,117,119,120,121,121,121,121,123,119,125,125,127,129,129,129,129,129,129,147,147],"gold":196,"neow_bonus":"","is_daily":false,"chose_seed":false,"campfire_upgraded":6,"win_rate":0.0,"timestamp":1613258559,"path_taken":["M","$","M","M","M","E","?","R","T","E","?","?","?","M","R","BOSS","M","$","M","$","M","E","R","E","T","E","$","?","?","?","R","BOSS","M","M","$","M","?","R","$","?","T","M","?","R","M","M","R","BOSS","R","$","E","BOSS"],"items_purchased_type":["Card","Relic","Relic","Relic","Relic","Relic","Card","Card","Card","Relic","Relic","Card","Relic","Relic","Card","Card","Relic","Relic","Card"],"build_version":"2020-12-22","purchased_purges":9,"victory":true,"max_hp_per_floor":[75,75,75,77,77,79,81,81,83,85,87,87,87,89,89,91,91,91,91,93,97,99,99,99,101,103,107,107,107,109,111,111,113,113,115,117,119,121,121,121,121,121,123,123,125,125,127,129,129,129,129,129,129,147,147],"card_choices":[{"not_picked":["TheCursedMod:CursedMace","TheCursedMod:CursedStaff"],"picked":"TheCursedMod:CursedBlade","floor":1},{"not_picked":["TheCursedMod:RavingStaff","TheCursedMod:Grudge"],"picked":"TheCursedMod:Hemoplague","floor":3},{"not_picked":["TheCursedMod:Grudge","TheCursedMod:ManaBullet","TheCursedMod:Obscuration"],"picked":"Singing Bowl","floor":4},{"not_picked":["TheCursedMod:VitalStrike","TheCursedMod:SpitefulStrike"],"picked":"TheCursedMod:CircleOfWindfury","floor":5},{"not_picked":["TH:DeckOfManyThings","TH:TreasureMap"],"picked":"Singing Bowl","floor":6},{"not_picked":["TheCursedMod:Obscuration","TheCursedMod:PrepareRite"],"picked":"TheCursedMod:SurpriseAttack","floor":6},{"not_picked":["TH:DeckOfManyThings","TH:CursedSword"],"picked":"Singing Bowl","floor":7},{"not_picked":["TH:TreasureMap","TH:DeckOfManyThings"],"picked":"Singing Bowl","floor":9},{"not_picked":["TH:CopperCoins","TH:EnergyPotion"],"picked":"Singing Bowl","floor":10},{"not_picked":["TheCursedMod:SaltUponWound","TheCursedMod:Obscuration"],"picked":"TheCursedMod:CircleOfAbyss","floor":10},{"not_picked":["TheCursedMod:TroublousMinions","TheCursedMod:CircleOfBlood","TheCursedMod:RapidMovement"],"picked":"Singing Bowl","floor":11},{"not_picked":["TheCursedMod:Wield","TheCursedMod:VitalStrike","TheCursedMod:CursedAmulet"],"picked":"Singing Bowl","floor":14},{"not_picked":["TH:PixieDust","TH:ElvenBoots"],"picked":"Singing Bowl","floor":16},{"not_picked":["TheCursedMod:DarkBarrier","TheCursedMod:AntiAging"],"picked":"TheCursedMod:CollectTribute","floor":16},{"not_picked":["TheCursedMod:Stigma","TheCursedMod:Evocation"],"picked":"TheCursedMod:SurpriseAttack","floor":18},{"not_picked":["TheCursedMod:AbyssShockwave","TheCursedMod:RavingStaff+1","TheCursedMod:Stretching"],"picked":"Singing Bowl","floor":20},{"not_picked":["TheCursedMod:CursedAmulet","TheCursedMod:RapidMovement"],"picked":"TheCursedMod:DemonicPact","floor":21},{"not_picked":["TheCursedMod:HellsGateOpen","TheCursedMod:Torture+1","TheCursedMod:ManaBullet"],"picked":"Singing Bowl","floor":21},{"not_picked":["TheCursedMod:HellsGateOpen","TheCursedMod:CursedStaff+1","TheCursedMod:Torture"],"picked":"Singing Bowl","floor":21},{"not_picked":["TheCursedMod:VitalStrike+1","TheCursedMod:FleshFromBone+1"],"picked":"TheCursedMod:SpitefulPlan","floor":21},{"not_picked":["TheCursedMod:AbyssShockwave+1","TheCursedMod:SpitefulStrike+1"],"picked":"TheCursedMod:CursedSpellbook","floor":21},{"not_picked":["TheCursedMod:Mangle","TheCursedMod:SmokeScreen+1","TheCursedMod:Torture"],"picked":"Singing Bowl","floor":22},{"not_picked":["TH:CopperCoins","TH:EnergyPotion"],"picked":"SKIP","floor":23},{"not_picked":["TheCursedMod:ManaCirculation","TheCursedMod:VitalStrike","TheCursedMod:CursedStaff"],"picked":"SKIP","floor":23},{"not_picked":["TH:PixieDust","TH:ElvenBoots"],"picked":"Singing Bowl","floor":25},{"not_picked":["TheCursedMod:SoulReap","TheCursedMod:CursedBlade"],"picked":"TheCursedMod:CursedShiv+1","floor":25},{"not_picked":["TH:Mimic","TH:ElvenBoots"],"picked":"Singing Bowl","floor":26},{"not_picked":["TH:PixieDust","TH:ElvenBoots"],"picked":"Singing Bowl","floor":27},{"not_picked":["TheCursedMod:CursedAmulet","TheCursedMod:TroublousMinions","TheCursedMod:CursedMace+1"],"picked":"Singing Bowl","floor":27},{"not_picked":["TheCursedMod:RapidMovement+1","TheCursedMod:Torture","TheCursedMod:HellsGateOpen+1"],"picked":"Singing Bowl","floor":30},{"not_picked":["TheCursedMod:SpitefulPlan","TheCursedMod:OutForBlood","TheCursedMod:CursedMace"],"picked":"Singing Bowl","floor":31},{"not_picked":["TH:BikiniMail","TH:PixieDust"],"picked":"Singing Bowl","floor":33},{"not_picked":["TheCursedMod:AntiAging","TheCursedMod:Neurasthenia"],"picked":"TheCursedMod:NeowsMight","floor":33},{"not_picked":["TheCursedMod:CircleOfFlame","TheCursedMod:VitalStrike","TheCursedMod:SoulReap+1"],"picked":"Singing Bowl","floor":35},{"not_picked":["TheCursedMod:SoulCrush","TheCursedMod:Obscuration+1","TheCursedMod:Stigma"],"picked":"Singing Bowl","floor":36},{"not_picked":["Replay:Parry","Specialist"],"picked":"Panacea","floor":37},{"not_picked":["Specialist","Apotheosis"],"picked":"Panacea","floor":37},{"not_picked":["TH:PixieDust","TH:CursedSword","ReplayTheSpireMod:Brewmster"],"picked":"Singing Bowl","floor":37},{"not_picked":["TheCursedMod:Torture+1","TheCursedMod:CursedShiv","TheCursedMod:StingEye+1"],"picked":"Singing Bowl","floor":38},{"not_picked":["TH:DeckOfManyThings","TH:Mimic"],"picked":"Singing Bowl","floor":43},{"not_picked":["TheCursedMod:RapidMovement+1","TheCursedMod:SmokeScreen"],"picked":"TheCursedMod:SurpriseAttack","floor":44},{"not_picked":["TheCursedMod:SpreadPlague","TheCursedMod:CursedAmulet","TheCursedMod:BlessingInDisguise"],"picked":"Singing Bowl","floor":45},{"not_picked":["TheCursedMod:ReleasedKnowledge","TheCursedMod:CursedShiv","TheCursedMod:Evocation+1"],"picked":"Singing Bowl","floor":47},{"not_picked":["TheCursedMod:FleshFromBone+1","TheCursedMod:CursedShiv","TheCursedMod:CursedArmor+1"],"picked":"Singing Bowl","floor":48},{"not_picked":["TH:ElvenBoots","TH:TreasureMap"],"picked":"Singing Bowl","floor":54},{"not_picked":["TheCursedMod:UltimatePain","TheCursedMod:Torture","TheCursedMod:AbyssShockwave"],"picked":"Singing Bowl","floor":54}],"player_experience":279021,"relics_obtained":[{"floor":6,"key":"Snack Pack"},{"floor":7,"key":"Nunchaku"},{"floor":10,"key":"Lantern"},{"floor":13,"key":"Ring of Hypnosis"},{"floor":13,"key":"Ring of Peace"},{"floor":23,"key":"Replay:Bottled Eggs"},{"floor":25,"key":"Potion Belt"},{"floor":26,"key":"Iron Hammer"},{"floor":27,"key":"Bag of Marbles"},{"floor":31,"key":"Turnip"},{"floor":31,"key":"Divine Protection"},{"floor":43,"key":"Sundial"},{"floor":45,"key":"Ginger"},{"floor":54,"key":"Mango"}],"event_choices":[{"damage_healed":0,"gold_gain":0,"player_choice":"Success","damage_taken":7,"relics_obtained":["Toy Ornithopter"],"max_hp_gain":0,"max_hp_loss":0,"event_name":"Scrap Ooze","floor":12,"gold_loss":0},{"damage_healed":0,"gold_gain":0,"player_choice":"Damaged","damage_taken":10,"max_hp_gain":0,"max_hp_loss":0,"event_name":"Wheel of Change","floor":29,"gold_loss":0},{"damage_healed":0,"gold_gain":0,"player_choice":"Fight","damage_taken":0,"max_hp_gain":0,"max_hp_loss":0,"event_name":"Colosseum","floor":31,"gold_loss":0},{"damage_healed":0,"gold_gain":0,"player_choice":"Fought Nobs","damage_taken":0,"max_hp_gain":0,"max_hp_loss":0,"event_name":"Colosseum","floor":31,"gold_loss":0},{"damage_healed":30,"gold_gain":0,"player_choice":"Writhe","damage_taken":0,"max_hp_gain":0,"max_hp_loss":0,"event_name":"Winding Halls","floor":39,"gold_loss":0,"cards_obtained":["Writhe"]},{"cards_removed":["Panacea"],"damage_healed":0,"gold_gain":0,"player_choice":"Removed Skill","damage_taken":0,"max_hp_gain":0,"max_hp_loss":0,"event_name":"Falling","floor":42,"gold_loss":0},{"damage_healed":0,"gold_gain":0,"player_choice":"Fight","damage_taken":0,"max_hp_gain":0,"max_hp_loss":0,"event_name":"Mysterious Sphere","floor":45,"gold_loss":0}],"is_beta":false,"boss_relics":[{"not_picked":["Painkiller Herb","Snecko Eye"],"picked":"SlaversCollar"},{"not_picked":["Sozu","Calling Bell"],"picked":"Empty Cage"}],"items_purged_floors":[0,0,0,2,19,28,37,41,53],"is_endless":false,"potions_floor_spawned":[3,5,11,16,18,20,27,33,44,45,47,48],"ascension_level":0}}