{"host":"7yyoe0ei0fseceei","time":1613256283,"event":{"mods":["BaseMod","Colored Map","Highlight Path","Minty Spire (QoL Compilation)","Quick Restart"],"gold_per_floor":[113,263,338,338,98,132,144,166,204,216,258,288,300,329,341,427,439,464,6,23,23,39,39,55,55,55,55,55,65,77,77,77,77,77],"floor_reached":33,"language":"ENG","playtime":828,"items_purged":["Doubt"],"score":560,"play_id":"8e3ac075-9be3-40aa-ae20-9d86ece60806","local_time":"20210213234443","is_ascension_mode":true,"campfire_choices":[{"data":"Dualcast","floor":7.0,"key":"SMITH"},{"data":"Darkness","floor":10.0,"key":"SMITH"},{"floor":15.0,"key":"REST"},{"floor":23,"key":"REST"},{"floor":27,"key":"REST"},{"floor":32,"key":"REST"}],"circlet_count":0,"master_deck":["AscendersBane","Strike_B","Strike_B","Strike_B","Strike_B","Defend_B","Defend_B","Defend_B","Defend_B","Zap","Dualcast+1","Compile Driver","Darkness+1","Double Energy","Tempest","Lockon","Echo Form","CurseOfTheBell","Turbo","Defragment","Darkness","Steam","Leap","Rebound+1","Shame"],"relics":["Cracked Core","NeowsBlessing","Tiny Chest","MawBank","Anchor","Darkstone Periapt","Calling Bell","Potion Belt","Cables","Turnip","Membership Card","Mercury Hourglass","MealTicket","Lizard Tail","Letter Opener","Regal Pillow"],"acts_visited":["Exordium","TheCity"],"potions_floor_usage":[20,24,33,33],"damage_taken":[{"damage":0.0,"enemies":"2 Louse","floor":1.0,"turns":1.0},{"damage":0.0,"enemies":"Gremlin Nob","floor":6.0,"turns":1.0},{"damage":0.0,"enemies":"Small Slimes","floor":8.0,"turns":1.0},{"damage":30.0,"enemies":"3 Sentries","floor":11.0,"turns":8.0},{"damage":6.0,"enemies":"Cultist","floor":12.0,"turns":3.0},{"damage":5.0,"enemies":"Large Slime","floor":14.0,"turns":4.0},{"damage":41.0,"enemies":"The Guardian","floor":16.0,"turns":9.0},{"damage":31.0,"enemies":"Spheric Guardian","floor":18.0,"turns":6.0},{"damage":7,"enemies":"Chosen","floor":20,"turns":3},{"damage":28,"enemies":"Snake Plant","floor":22,"turns":3},{"damage":13,"enemies":"Chosen and Byrds","floor":24,"turns":5},{"damage":22,"enemies":"Shelled Parasite and Fungi","floor":29,"turns":4},{"damage":17,"enemies":"Centurion and Healer","floor":30,"turns":6},{"damage":126,"enemies":"Collector","floor":33,"turns":8}],"seed_played":"-5674783992290803938","potions_obtained":[{"floor":8.0,"key":"GamblersBrew"},{"floor":12.0,"key":"AttackPotion"},{"floor":14.0,"key":"EntropicBrew"},{"floor":22,"key":"BlessingOfTheForge"},{"floor":29,"key":"EssenceOfSteel"},{"floor":30,"key":"AttackPotion"}],"is_trial":false,"path_per_floor":["M","?","?","?","$","E","R","M","T","R","E","M","?","M","R","B",null,"M","$","M","$","M","R","M","?","T","R","T","M","M","?","R","B"],"character_chosen":"DEFECT","items_purchased":["Tiny Chest","Membership Card","Turbo","Mercury Hourglass","MealTicket","Defragment","Weak Potion"],"campfire_rested":4,"item_purchase_floors":[5,19,19,19,19,19,19],"current_hp_per_floor":[64,64,53,43,43,43,43,43,43,43,13,7,30,25,46,5,61,30,30,23,38,10,33,20,35,35,58,58,36,19,25,64,0,0],"gold":77,"neow_bonus":"THREE_ENEMY_KILL","is_daily":false,"chose_seed":false,"campfire_upgraded":2,"win_rate":0.0,"timestamp":1613256283,"path_taken":["M","?","?","?","$","E","R","M","T","R","E","?","?","M","R","BOSS","M","$","M","$","M","R","M","?","T","R","?","M","M","?","R","BOSS"],"items_purchased_type":["Relic","Relic","Card","Relic","Relic","Card","Potion"],"build_version":"2020-12-22","purchased_purges":1,"victory":false,"max_hp_per_floor":[71,71,71,71,71,71,71,71,71,71,71,71,71,71,71,71,77,77,77,77,77,77,77,77,77,77,77,77,77,77,83,83,83,83],"card_choices":[{"not_picked":["Static Discharge","Barrage"],"picked":"Compile Driver","floor":1.0},{"not_picked":["Redo","Undo","Hologram"],"picked":"SKIP","floor":6.0},{"not_picked":["FTL","Redo"],"picked":"Darkness","floor":8.0},{"not_picked":["Thunder Strike","Go for the Eyes"],"picked":"Double Energy","floor":11.0},{"not_picked":["Barrage","Rebound"],"picked":"Tempest","floor":12.0},{"not_picked":["BootSequence","Stack"],"picked":"Lockon","floor":14.0},{"not_picked":["Rainbow","Core Surge"],"picked":"Echo Form","floor":16.0},{"not_picked":["Gash","Rebound","Beam Cell"],"picked":"SKIP","floor":18.0},{"not_picked":["Recycle","Consume"],"picked":"Darkness","floor":20},{"not_picked":["Double Energy","Reprogram"],"picked":"Steam","floor":22},{"not_picked":["Beam Cell","Genetic Algorithm"],"picked":"Leap","floor":24},{"not_picked":["Go for the Eyes","Stack","Barrage"],"picked":"SKIP","floor":29},{"not_picked":["Streamline","Beam Cell"],"picked":"Rebound+1","floor":30}],"player_experience":918935,"relics_obtained":[{"floor":6.0,"key":"MawBank"},{"floor":9.0,"key":"Anchor"},{"floor":11.0,"key":"Darkstone Periapt"},{"floor":17.0,"key":"Potion Belt"},{"floor":17.0,"key":"Cables"},{"floor":17.0,"key":"Turnip"},{"floor":26,"key":"Lizard Tail"},{"floor":28,"key":"Letter Opener"}],"event_choices":[{"damage_healed":0.0,"max_hp_gain":0.0,"max_hp_loss":0.0,"gold_gain":150.0,"event_name":"Liars Game","player_choice":"AGREE","floor":2.0,"gold_loss":0.0,"damage_taken":0.0,"cards_obtained":["Doubt"]},{"damage_healed":0.0,"max_hp_gain":0.0,"max_hp_loss":0.0,"gold_gain":75.0,"event_name":"World of Goop","player_choice":"Gather Gold","floor":3.0,"gold_loss":0.0,"damage_taken":11.0},{"damage_healed":0.0,"max_hp_gain":0.0,"max_hp_loss":0.0,"gold_gain":0.0,"event_name":"Wheel of Change","player_choice":"Damaged","floor":4.0,"gold_loss":0.0,"damage_taken":10.0},{"damage_healed":23.0,"max_hp_gain":0.0,"max_hp_loss":0.0,"gold_gain":0.0,"event_name":"Big Fish","player_choice":"Banana","floor":13.0,"gold_loss":0.0,"damage_taken":0.0},{"damage_healed":15,"gold_gain":0,"player_choice":"Heal","damage_taken":0,"max_hp_gain":0,"max_hp_loss":0,"event_name":"The Library","floor":25,"gold_loss":0},{"damage_healed":0,"gold_gain":0,"player_choice":"Stole Relic","damage_taken":0,"relics_obtained":["Regal Pillow"],"max_hp_gain":0,"max_hp_loss":0,"event_name":"Addict","floor":31,"gold_loss":0,"cards_obtained":["Shame"]}],"is_beta":false,"boss_relics":[{"not_picked":["Tiny House","Ectoplasm"],"picked":"Calling Bell"}],"items_purged_floors":[5],"is_endless":false,"potions_floor_spawned":[8,12,14,22,29,30],"killed_by":"Collector","ascension_level":20}}