{"host":"42xf941fomyavgzy","time":1613218781,"event":{"mods":["Act Like it!","Astrologer","BaseMod","Colored Map","Minty Spire (QoL Compilation)","Shop Mod","StSLib","SuperFastMode","The Cursed"],"gold_per_floor":[111,58,133,148,148,148,182,182,207,231,250,425,425,452,452,452,452],"floor_reached":16,"language":"JPN","playtime":475,"items_purged":[],"score":170,"play_id":"0c0ff1cf-bf63-4a0f-93f8-adc40d8fbd9e","local_time":"20210213211941","is_ascension_mode":true,"campfire_choices":[{"data":"Poisoned Stab","floor":6,"key":"SMITH"},{"data":"Dagger Throw","floor":8,"key":"SMITH"},{"data":"Die Die Die","floor":13,"key":"SMITH"},{"data":"Survivor","floor":15,"key":"SMITH"}],"circlet_count":0,"master_deck":["Strike_G","Strike_G","Strike_G","Strike_G","Defend_G","Defend_G","Defend_G","Defend_G","Defend_G","Survivor+1","Neutralize","Blur","Poisoned Stab+1","Dagger Throw+1","Die Die Die+1","Prepared","Doubt","PiercingWail"],"relics":["Ring of the Snake","NeowsBlessing","Mercury Hourglass","MealTicket","Odd Mushroom","Nunchaku"],"acts_visited":["Exordium"],"potions_floor_usage":[10,16],"damage_taken":[{"damage":0,"enemies":"Small Slimes","floor":1,"turns":1},{"damage":0,"enemies":"2 Louse","floor":4,"turns":1},{"damage":0,"enemies":"Lagavulin","floor":7,"turns":1},{"damage":9,"enemies":"The Mushroom Lair","floor":10,"turns":3},{"damage":0,"enemies":"Jaw Worm","floor":11,"turns":4},{"damage":7,"enemies":"3 Sentries","floor":14,"turns":5},{"damage":33,"enemies":"Slime Boss","floor":16,"turns":9}],"seed_played":"4378158197825450038","potions_obtained":[{"floor":1,"key":"Swift Potion"},{"floor":14,"key":"Explosive Potion"}],"is_trial":false,"path_per_floor":["M","$","?","M","?","R","E","R","T","?","M","?","R","E","R","B"],"character_chosen":"THE_SILENT","items_purchased":["Poisoned Stab"],"campfire_rested":0,"item_purchase_floors":[2],"current_hp_per_floor":[63,63,52,52,45,45,45,45,45,36,36,36,36,29,29,0,0],"gold":452,"neow_bonus":"THREE_ENEMY_KILL","is_daily":false,"chose_seed":false,"campfire_upgraded":4,"win_rate":0.0,"timestamp":1613218781,"path_taken":["M","$","?","M","?","R","E","R","T","?","M","?","R","E","R","BOSS"],"items_purchased_type":["Card"],"build_version":"2020-12-22","purchased_purges":0,"victory":false,"max_hp_per_floor":[70,70,70,70,70,70,70,70,70,70,70,70,70,70,70,70,70],"card_choices":[{"not_picked":["Noxious Fumes","Quick Slash"],"picked":"Blur","floor":1},{"not_picked":["Sucker Punch","Quick Slash","Infinite Blades"],"picked":"SKIP","floor":4},{"not_picked":["Calculated Gamble","Terror"],"picked":"Dagger Throw","floor":7},{"not_picked":["Dagger Spray","Blade Dance"],"picked":"Die Die Die","floor":10},{"not_picked":["Sucker Punch","Finisher"],"picked":"Prepared","floor":11},{"not_picked":["Predator","Dodge and Roll"],"picked":"PiercingWail","floor":14}],"player_experience":485380,"relics_obtained":[{"floor":7,"key":"Mercury Hourglass"},{"floor":9,"key":"MealTicket"},{"floor":10,"key":"Odd Mushroom"},{"floor":14,"key":"Nunchaku"}],"event_choices":[{"damage_healed":0,"gold_gain":75,"player_choice":"Gather Gold","damage_taken":11,"max_hp_gain":0,"max_hp_loss":0,"event_name":"World of Goop","floor":3,"gold_loss":0},{"cards_removed":["Strike_G"],"damage_healed":0,"gold_gain":0,"player_choice":"Card Removal","damage_taken":7,"max_hp_gain":0,"max_hp_loss":0,"event_name":"Golden Wing","floor":5,"gold_loss":0},{"damage_healed":0,"gold_gain":0,"player_choice":"Fought Mushrooms","damage_taken":0,"max_hp_gain":0,"max_hp_loss":0,"event_name":"Mushrooms","floor":10,"gold_loss":0},{"damage_healed":0,"gold_gain":175,"player_choice":"AGREE","damage_taken":0,"max_hp_gain":0,"max_hp_loss":0,"event_name":"Liars Game","floor":12,"gold_loss":0,"cards_obtained":["Doubt"]}],"is_beta":false,"boss_relics":[],"items_purged_floors":[],"is_endless":false,"potions_floor_spawned":[1,14],"killed_by":"Slime Boss","ascension_level":6}}