{"host":"rzvepkyh9344fbo1","time":1613185251,"event":{"mods":["AchievementEnabler","Act Like it!","BaseMod","Better Third Choice","Colored Map","Colored Powertips","Curses Come First","Downfall","Evolution","Fox Events","Hermit","Highlight Path","Minty Spire (QoL Compilation)","Replay The Spire","Robot Space Explorer","Shade Mod","Shop Mod","StS++","StSLib","The Cursed","The Marked","The Necromancer"],"gold_per_floor":[119,20,30,222,240,269,269,269,269,269,287,302,302,330,330,426,426,442,458,458,59,79,79,96,96,96,21,21,55,72,111,111,221,221,236,88,103,116,134,134,166,166,166,176,176,207,48,59,59,59,59,59,59,87,87],"floor_reached":56,"language":"ENG","playtime":4413,"items_purged":["RobotSpaceExplorer:Defend","RobotSpaceExplorer:Defend"],"score":1532,"play_id":"c94ee247-6501-4274-a010-975c857c3018","local_time":"20210213140051","is_ascension_mode":false,"campfire_choices":[{"data":"RobotSpaceExplorer:MiniBoosters","floor":7,"key":"SMITH"},{"data":"RobotSpaceExplorer:MiniDrones","floor":10,"key":"SMITH"},{"data":"RobotSpaceExplorer:PowerGlove","floor":23,"key":"SMITH"},{"data":"RobotSpaceExplorer:PowerGlove","floor":25,"key":"SMITH"},{"data":"RobotSpaceExplorer:MiniLasers","floor":28,"key":"SMITH"},{"data":"RobotSpaceExplorer:ChargingLaser","floor":32,"key":"SMITH"},{"data":"Specialist","floor":40,"key":"SMITH"},{"data":"RobotSpaceExplorer:IronShell","floor":42,"key":"SMITH"},{"data":"RobotSpaceExplorer:MiniDrones","floor":45,"key":"SMITH"},{"floor":49,"key":"RECALL"},{"data":"RobotSpaceExplorer:GlueShot","floor":52,"key":"SMITH"}],"circlet_count":0,"master_deck":["RobotSpaceExplorer:Scan","RobotSpaceExplorer:MiniLasers+1","RobotSpaceExplorer:MiniBoosters+1","RobotSpaceExplorer:Probe","RobotSpaceExplorer:MiniDrones+1","RobotSpaceExplorer:GlueShot+1","RobotSpaceExplorer:IronShell+1","RobotSpaceExplorer:MiniDrones+1","RobotSpaceExplorer:GlueShot","Crow Ritual+1","RobotSpaceExplorer:FranticSearch+1","RobotSpaceExplorer:PowerGlove+1","RobotSpaceExplorer:PowerGlove+1","RobotSpaceExplorer:ChargingLaser+1","RobotSpaceExplorer:DroneSwarm","RobotSpaceExplorer:PowerCollector","Specialist+1"],"relics":["EVO:Axolotl","Replay:Drink Me","Pantograph","Anchor","Ancient Tea Set","Question Card","Bird Faced Urn","Runic Pyramid","StSpp:GiftCard","Durian","MerchantsRug","Bottled Flame"],"acts_visited":["Exordium","TheCity","TheBeyond","TheEnding"],"potions_floor_usage":[5,6,11,41,48,55,55,55],"damage_taken":[{"damage":0,"enemies":"Cultist","floor":1,"turns":4},{"damage":0,"enemies":"2 Louse","floor":3,"turns":3},{"damage":0,"enemies":"Jaw Worm","floor":5,"turns":4},{"damage":0,"enemies":"Gremlin Nob","floor":6,"turns":6},{"damage":0,"enemies":"Large Slime","floor":11,"turns":5},{"damage":0,"enemies":"Exordium Wildlife","floor":12,"turns":5},{"damage":0,"enemies":"Lagavulin","floor":14,"turns":8},{"damage":0,"enemies":"The Guardian","floor":16,"turns":15},{"damage":0,"enemies":"3 Byrds","floor":18,"turns":3},{"damage":0,"enemies":"Shell Parasite","floor":19,"turns":3},{"damage":4,"enemies":"Snake Plant","floor":22,"turns":3},{"damage":0,"enemies":"Centurion and Healer","floor":24,"turns":2},{"damage":0,"enemies":"Book of Stabbing","floor":29,"turns":3},{"damage":0,"enemies":"Sentry and Sphere","floor":30,"turns":3},{"damage":0,"enemies":"Slavers","floor":31,"turns":3},{"damage":0,"enemies":"Automaton","floor":33,"turns":4},{"damage":0,"enemies":"3 Shapes","floor":35,"turns":3},{"damage":1,"enemies":"Orb Walker","floor":37,"turns":3},{"damage":7,"enemies":"Sphere and 2 Shapes","floor":38,"turns":4},{"damage":0,"enemies":"Transient","floor":39,"turns":5},{"damage":0,"enemies":"Giant Head","floor":41,"turns":7},{"damage":7,"enemies":"4 Shapes","floor":44,"turns":3},{"damage":0,"enemies":"Reptomancer","floor":46,"turns":4},{"damage":0,"enemies":"Writhing Mass","floor":48,"turns":4},{"damage":0,"enemies":"Donu and Deca","floor":50,"turns":5},{"damage":7,"enemies":"Shield and Spear","floor":54,"turns":3},{"damage":73,"enemies":"The Heart","floor":55,"turns":8}],"seed_played":"2507082251945145611","potions_obtained":[{"floor":3,"key":"Fruit Juice"},{"floor":5,"key":"Adrenaline Potion"},{"floor":6,"key":"Adrenaline Potion"},{"floor":16,"key":"SpeedPotion"},{"floor":20,"key":"Energy Potion"},{"floor":20,"key":"Flashbang"},{"floor":29,"key":"Slimebound:ThreeZeroPotion"}],"is_trial":false,"path_per_floor":["M","$","M","?","M","E","R","?","T","R","M","M","?","E","R_BF","B",null,"M","M","?","$","M","R","M","R","T","?","R","E","M","E","R_BF","B",null,"M","$","M","M","M","R","E","R","T","M","R","E","$","M","R","B",null,"R","$","E","B",null],"character_chosen":"RobotSpaceExplorer","items_purchased":["RobotSpaceExplorer:MiniBoosters","RobotSpaceExplorer:Probe","Question Card","RobotSpaceExplorer:PowerGlove","RobotSpaceExplorer:PowerCollector","Specialist","MerchantsRug","Energy Potion","hexamod:SoulburnPotion"],"campfire_rested":0,"item_purchase_floors":[2,2,21,21,36,36,47,47,53],"current_hp_per_floor":[57,57,57,43,48,48,48,48,48,48,48,48,48,48,48,62,62,62,62,62,62,58,58,58,58,58,58,58,58,62,62,62,62,62,62,62,61,59,62,62,62,62,76,69,69,81,81,81,81,81,81,81,81,74,12],"gold":87,"neow_bonus":"BOSS_RELIC","is_daily":false,"chose_seed":false,"campfire_upgraded":10,"win_rate":0.0,"timestamp":1613185251,"path_taken":["M","$","?","?","M","E","R","?","T","R","M","M","?","E","R_BF","BOSS","M","M","?","?","M","R","M","R","T","?","R","E","M","E","R_BF","BOSS","M","$","M","M","M","R","E","R","T","M","R","E","$","M","R","BOSS","R","$","E","BOSS"],"items_purchased_type":["Card","Card","Relic","Card","Card","Card","Relic","Potion","Potion"],"build_version":"2020-12-22","purchased_purges":2,"victory":true,"max_hp_per_floor":[57,57,57,57,62,62,62,62,62,62,62,62,62,62,62,62,62,62,62,62,62,62,62,62,62,62,62,62,62,62,62,62,62,62,62,62,62,62,62,62,62,62,76,76,76,81,81,81,81,81,81,81,81,81,81],"card_choices":[{"not_picked":["RobotSpaceExplorer:ScrapShield","RobotSpaceExplorer:DoubleBlock","RobotSpaceExplorer:DualCore"],"picked":"SKIP","floor":1},{"not_picked":["RobotSpaceExplorer:FrostMissile","RobotSpaceExplorer:ShovelStrike"],"picked":"RobotSpaceExplorer:MiniDrones","floor":3},{"not_picked":["RobotSpaceExplorer:ToxicBomb","RobotSpaceExplorer:Blaster"],"picked":"RobotSpaceExplorer:GlueShot","floor":5},{"not_picked":["RobotSpaceExplorer:Smokescreen","RobotSpaceExplorer:Jetpack"],"picked":"RobotSpaceExplorer:IronShell","floor":6},{"not_picked":["RobotSpaceExplorer:SurgingStrike","RobotSpaceExplorer:MetalStrike","RobotSpaceExplorer:Pulsar"],"picked":"SKIP","floor":11},{"not_picked":["RobotSpaceExplorer:Ammunition","RobotSpaceExplorer:SwiftStep"],"picked":"RobotSpaceExplorer:MiniDrones","floor":12},{"not_picked":["RobotSpaceExplorer:FranticSearch","RobotSpaceExplorer:SurgingShield"],"picked":"RobotSpaceExplorer:GlueShot","floor":14},{"not_picked":["RobotSpaceExplorer:Scanner","RobotSpaceExplorer:Exploration"],"picked":"RobotSpaceExplorer:Wormhole","floor":16},{"not_picked":["RobotSpaceExplorer:ImprovisedAttack","RobotSpaceExplorer:ScrapToss","RobotSpaceExplorer:SlimeMissile"],"picked":"SKIP","floor":18},{"not_picked":["RobotSpaceExplorer:MiniDrones+1","RobotSpaceExplorer:PlasmaMissile"],"picked":"RobotSpaceExplorer:PowerGlove","floor":19},{"not_picked":["RobotSpaceExplorer:MiniDrones+1","RobotSpaceExplorer:Probe","RobotSpaceExplorer:RigExplosive+1","RobotSpaceExplorer:ImprovisedAttack"],"picked":"SKIP","floor":22},{"not_picked":["RobotSpaceExplorer:StarLightning","RobotSpaceExplorer:FrostMissile","RobotSpaceExplorer:MiniDrones","RobotSpaceExplorer:Jetpack"],"picked":"SKIP","floor":24},{"not_picked":["RobotSpaceExplorer:ScrapShield","RobotSpaceExplorer:SelfCleaning","RobotSpaceExplorer:Jetpack","RobotSpaceExplorer:Fix"],"picked":"SKIP","floor":29},{"not_picked":["RobotSpaceExplorer:FranticSearch+1","RobotSpaceExplorer:StunGrenade","RobotSpaceExplorer:DoubleFind","RobotSpaceExplorer:Fix"],"picked":"SKIP","floor":30},{"not_picked":["RobotSpaceExplorer:Jetpack","RobotSpaceExplorer:Pulsar","RobotSpaceExplorer:Ammunition"],"picked":"RobotSpaceExplorer:ChargingLaser","floor":31},{"not_picked":["RobotSpaceExplorer:Wormhole","RobotSpaceExplorer:Comet","RobotSpaceExplorer:Exploration"],"picked":"RobotSpaceExplorer:DroneSwarm","floor":33},{"not_picked":["RobotSpaceExplorer:Ammunition+1","RobotSpaceExplorer:Probe+1","RobotSpaceExplorer:GlueShot","RobotSpaceExplorer:SurgingShield"],"picked":"SKIP","floor":35},{"not_picked":["RobotSpaceExplorer:PlasmaMissile+1","RobotSpaceExplorer:Ammunition","RobotSpaceExplorer:SelfCleaning+1","RobotSpaceExplorer:SurgingStrike+1"],"picked":"SKIP","floor":37},{"not_picked":["RobotSpaceExplorer:SwiftStep+1","RobotSpaceExplorer:SelfCleaning+1","RobotSpaceExplorer:HighVoltage","RobotSpaceExplorer:Electropulse+1"],"picked":"SKIP","floor":38},{"not_picked":["RobotSpaceExplorer:ExhaustFan+1","RobotSpaceExplorer:ImprovisedAttack+1","RobotSpaceExplorer:Probe","RobotSpaceExplorer:ScrapShield+1"],"picked":"SKIP","floor":39},{"not_picked":["RobotSpaceExplorer:Counterblock+1","RobotSpaceExplorer:SurgingShield","RobotSpaceExplorer:MiniDrones+1","RobotSpaceExplorer:Ammunition"],"picked":"SKIP","floor":41},{"not_picked":["RobotSpaceExplorer:Fix+1","RobotSpaceExplorer:MetalStrike","RobotSpaceExplorer:IronShell+1","RobotSpaceExplorer:Probe+1"],"picked":"SKIP","floor":44},{"not_picked":["RobotSpaceExplorer:ShockMissile","RobotSpaceExplorer:Electroshield","RobotSpaceExplorer:ShovelStrike+1","RobotSpaceExplorer:ImprovisedAttack+1"],"picked":"SKIP","floor":46},{"not_picked":["RobotSpaceExplorer:FreezingShield+1","RobotSpaceExplorer:Ammunition+1","RobotSpaceExplorer:DualCore+1","RobotSpaceExplorer:SurgingStrike"],"picked":"SKIP","floor":48},{"not_picked":["RobotSpaceExplorer:JunkDive+1","RobotSpaceExplorer:Discharger","RobotSpaceExplorer:Pulsar","RobotSpaceExplorer:Accelerator"],"picked":"SKIP","floor":54}],"player_experience":308565,"relics_obtained":[{"floor":6,"key":"Pantograph"},{"floor":9,"key":"Anchor"},{"floor":14,"key":"Ancient Tea Set"},{"floor":29,"key":"Bird Faced Urn"},{"floor":31,"key":"CeramicFish"},{"floor":41,"key":"StSpp:GiftCard"},{"floor":43,"key":"Mango"},{"floor":46,"key":"Durian"},{"floor":54,"key":"Bottled Flame"}],"event_choices":[{"damage_healed":0,"gold_gain":0,"player_choice":"Ignored","damage_taken":269,"max_hp_gain":0,"max_hp_loss":0,"event_name":"betterThird:BetterSerpent","floor":8,"gold_loss":0},{"damage_healed":48,"gold_gain":0,"player_choice":"Embrace Burn","damage_taken":0,"max_hp_gain":0,"max_hp_loss":62,"event_name":"betterThird:BetterShining","floor":13,"gold_loss":0},{"damage_healed":0,"gold_gain":0,"player_choice":"Got Potions","damage_taken":0,"max_hp_gain":0,"max_hp_loss":0,"event_name":"Lab","floor":20,"gold_loss":0},{"cards_removed":["RobotSpaceExplorer:Defend"],"damage_healed":0,"gold_gain":0,"player_choice":"Gave Gold","damage_taken":0,"max_hp_gain":0,"max_hp_loss":0,"event_name":"Beggar","floor":27,"gold_loss":75}],"is_beta":false,"boss_relics":[{"not_picked":["StSpp:FireArrow","StSpp:Balance"],"picked":"Astrolabe"},{"not_picked":["Empty Cage","StSpp:PileOfSugar"],"picked":"Runic Pyramid"}],"items_purged_floors":[21,47],"is_endless":false,"potions_floor_spawned":[3,5,6,16,29,30,31,35,39,54],"ascension_level":0}}