{"host":"eglukmwb6rueyn6u","time":1613233554,"event":{"mods":["BaseMod","Colored Map","Minty Spire (QoL Compilation)"],"gold_per_floor":[113,113,113,130,80,80,2,26,78,78,98,132,149,0,0,103,103,119,119,119,132,132,132,132,132,132,132,15,29,42,56,56,154,154,173,16,34,50,50,50,75,75,75,92,92,42,55,0,0,0],"floor_reached":51,"language":"ENG","playtime":3030,"items_purged":["Strike_B"],"score":675,"play_id":"92926fa6-ab54-4f22-9f20-ec59eb12f0ba","local_time":"20210213182554","is_ascension_mode":false,"campfire_choices":[{"data":"Zap","floor":6.0,"key":"SMITH"},{"floor":15.0,"key":"REST"},{"data":"Defragment","floor":23.0,"key":"SMITH"},{"data":"Buffer","floor":25.0,"key":"SMITH"},{"data":"Electrodynamics","floor":27.0,"key":"SMITH"},{"data":"Double Energy","floor":32.0,"key":"SMITH"},{"data":"Self Repair","floor":40.0,"key":"SMITH"},{"data":"Rebound","floor":42.0,"key":"SMITH"},{"floor":49.0,"key":"REST"}],"circlet_count":0,"master_deck":["Defend_B","Defend_B","Defend_B","Zap+1","Dualcast","Rebound+1","Beam Cell","Heatsinks","Rebound","Redo","Conserve Battery","Electrodynamics+1","Hello World","Buffer+1","Defragment+1","Capacitor+1","Defragment+1","Self Repair+1","Double Energy+1","Tempest","Beam Cell","Creative AI","Stack+1","Undo+1","All For One+1","Static Discharge+1","Tempest+1","Fusion+1","Conserve Battery+1","Enlightenment+1","Hologram+1","Self Repair"],"relics":["Cracked Core","NeowsBlessing","Mummified Hand","Odd Mushroom","Pen Nib","Gremlin Horn","Question Card","Philosopher\u0027s Stone","Gambling Chip","Astrolabe","ClockworkSouvenir","Toxic Egg 2","Bottled Tornado","Red Mask"],"acts_visited":["Exordium","TheCity","TheBeyond"],"potions_floor_usage":[50,50,50],"damage_taken":[{"damage":0.0,"enemies":"Jaw Worm","floor":1.0,"turns":1.0},{"damage":0.0,"enemies":"Small Slimes","floor":4.0,"turns":1.0},{"damage":0.0,"enemies":"The Mushroom Lair","floor":8.0,"turns":1.0},{"damage":0.0,"enemies":"2 Louse","floor":11.0,"turns":2.0},{"damage":26.0,"enemies":"Lagavulin","floor":12.0,"turns":5.0},{"damage":0.0,"enemies":"Large Slime","floor":13.0,"turns":4.0},{"damage":28.0,"enemies":"The Guardian","floor":16.0,"turns":10.0},{"damage":29.0,"enemies":"3 Byrds","floor":18.0,"turns":3.0},{"damage":0.0,"enemies":"Spheric Guardian","floor":21.0,"turns":4.0},{"damage":0.0,"enemies":"Chosen and Byrds","floor":22.0,"turns":1.0},{"damage":0.0,"enemies":"Centurion and Healer","floor":29.0,"turns":6.0},{"damage":9.0,"enemies":"Snecko","floor":30.0,"turns":3.0},{"damage":0.0,"enemies":"3 Cultists","floor":31.0,"turns":3.0},{"damage":57.0,"enemies":"Automaton","floor":33.0,"turns":8.0},{"damage":7.0,"enemies":"3 Shapes","floor":35.0,"turns":2.0},{"damage":34.0,"enemies":"3 Darklings","floor":37.0,"turns":4.0},{"damage":0.0,"enemies":"4 Shapes","floor":38.0,"turns":2.0},{"damage":0.0,"enemies":"Giant Head","floor":41.0,"turns":7.0},{"damage":6.0,"enemies":"Maw","floor":44.0,"turns":7.0},{"damage":29.0,"enemies":"Spire Growth","floor":47.0,"turns":5.0},{"damage":44,"enemies":"Time Eater","floor":50,"turns":8}],"seed_played":"-4609501414811748337","potions_obtained":[{"floor":8.0,"key":"LiquidBronze"},{"floor":12.0,"key":"SmokeBomb"},{"floor":13.0,"key":"FearPotion"},{"floor":16.0,"key":"SteroidPotion"},{"floor":29.0,"key":"SpeedPotion"},{"floor":30.0,"key":"Swift Potion"},{"floor":37.0,"key":"BlessingOfTheForge"},{"floor":41.0,"key":"PotionOfCapacity"}],"is_trial":false,"path_per_floor":["M","?","?","M","?","R","$","?","T","T","M","E","M","$","R","B",null,"M","?","?","M","M","R","?","R","T","R","$","M","M","M","R","B",null,"M","$","M","M","$","R","E","R","T","M","?","$","M","?","R","B",null],"character_chosen":"DEFECT","items_purchased":["Heatsinks","Hello World","Self Repair","Double Energy","ClockworkSouvenir","Hologram+1"],"campfire_rested":2,"item_purchase_floors":[7,14,28,28,36,46],"current_hp_per_floor":[75,80,62,62,62,62,62,62,62,62,62,36,36,36,60,32,80,51,51,51,51,51,51,51,51,51,51,51,58,56,63,63,13,80,80,80,46,46,46,46,56,56,56,60,60,60,41,41,65,38],"gold":0,"neow_bonus":"THREE_ENEMY_KILL","is_daily":false,"chose_seed":false,"campfire_upgraded":7,"win_rate":0.0,"timestamp":1613233554,"path_taken":["M","?","?","M","?","R","$","?","T","?","M","E","?","?","R","BOSS","M","?","?","M","?","R","?","R","T","R","$","M","M","M","R","BOSS","M","$","M","M","$","R","E","R","T","M","?","$","M","?","R","BOSS"],"items_purchased_type":["Card","Card","Card","Card","Relic","Card"],"build_version":"2020-12-22","purchased_purges":1,"victory":true,"max_hp_per_floor":[75,80,80,80,80,80,80,80,80,80,80,80,80,80,80,80,80,80,80,80,80,80,80,80,80,80,80,80,80,80,80,80,80,80,80,80,80,80,80,80,80,80,80,80,80,80,80,80,80,80],"card_choices":[{"not_picked":["Compile Driver","Hologram"],"picked":"Rebound","floor":1.0},{"not_picked":["Blizzard","Redo"],"picked":"Beam Cell","floor":4.0},{"not_picked":["BootSequence","Self Repair"],"picked":"Rebound","floor":8.0},{"not_picked":["Sweeping Beam","Fusion"],"picked":"Redo","floor":11.0},{"not_picked":["Cold Snap","Consume"],"picked":"Conserve Battery","floor":12.0},{"not_picked":["Ball Lightning","Go for the Eyes","Coolheaded"],"picked":"Electrodynamics","floor":13.0},{"not_picked":["Amplify","Fission","Thunder Strike"],"picked":"Buffer","floor":16.0},{"not_picked":["Ball Lightning","Streamline+1","Cold Snap"],"picked":"Defragment","floor":18.0},{"not_picked":["Beam Cell","Fusion","White Noise"],"picked":"Defragment+1","floor":21.0},{"not_picked":["Sweeping Beam","Rebound","Skim+1"],"picked":"Tempest","floor":29.0},{"not_picked":["Steam","Leap","Chaos"],"picked":"Beam Cell","floor":30.0},{"not_picked":["Auto Shields","Streamline","Hello World+1","Conserve Battery"],"picked":"SKIP","floor":31.0},{"not_picked":["Echo Form","Amplify","Machine Learning"],"picked":"Creative AI","floor":33.0},{"not_picked":["Aggregate","Ball Lightning","Doom and Gloom","Cold Snap"],"picked":"SKIP","floor":35.0},{"not_picked":["Coolheaded","Streamline+1","Chill"],"picked":"Static Discharge+1","floor":37.0},{"not_picked":["Auto Shields","Heatsinks","Conserve Battery+1"],"picked":"Tempest+1","floor":38.0},{"not_picked":["Ball Lightning+1","Coolheaded+1","Heatsinks+1"],"picked":"Fusion+1","floor":41.0},{"not_picked":["Ball Lightning+1","Rebound+1","Beam Cell"],"picked":"Conserve Battery+1","floor":44.0},{"not_picked":["HandOfGreed","Magnetism","Flash of Steel"],"picked":"Enlightenment+1","floor":45.0},{"not_picked":["Streamline+1","Compile Driver","Reprogram+1"],"picked":"Self Repair","floor":47.0}],"player_experience":17576,"relics_obtained":[{"floor":8.0,"key":"Odd Mushroom"},{"floor":9.0,"key":"Pen Nib"},{"floor":10.0,"key":"Gremlin Horn"},{"floor":12.0,"key":"Question Card"},{"floor":26.0,"key":"Gambling Chip"},{"floor":41.0,"key":"Toxic Egg 2"},{"floor":43.0,"key":"Bottled Tornado"}],"event_choices":[{"damage_healed":0.0,"max_hp_gain":5.0,"max_hp_loss":0.0,"gold_gain":0.0,"event_name":"Big Fish","player_choice":"Donut","floor":2.0,"gold_loss":0.0,"damage_taken":0.0},{"damage_healed":0.0,"max_hp_gain":0.0,"max_hp_loss":0.0,"gold_gain":0.0,"event_name":"Scrap Ooze","player_choice":"Success","floor":3.0,"gold_loss":0.0,"damage_taken":18.0,"relics_obtained":["Mummified Hand"]},{"cards_removed":["Strike_B"],"damage_healed":0.0,"max_hp_gain":0.0,"max_hp_loss":0.0,"gold_gain":0.0,"event_name":"The Cleric","player_choice":"Card Removal","floor":5.0,"gold_loss":50.0,"damage_taken":0.0},{"damage_healed":0.0,"max_hp_gain":0.0,"max_hp_loss":0.0,"gold_gain":0.0,"event_name":"Mushrooms","player_choice":"Fought Mushrooms","floor":8.0,"gold_loss":0.0,"damage_taken":0.0},{"damage_healed":0.0,"max_hp_gain":0.0,"max_hp_loss":0.0,"gold_gain":0.0,"event_name":"The Library","player_choice":"Read","floor":19.0,"gold_loss":0.0,"damage_taken":0.0,"cards_obtained":["Capacitor"]},{"damage_healed":0.0,"max_hp_gain":0.0,"max_hp_loss":0.0,"gold_gain":0.0,"event_name":"Accursed Blacksmith","player_choice":"Forge","floor":20.0,"gold_loss":0.0,"damage_taken":0.0,"cards_upgraded":["Capacitor"]},{"damage_healed":0.0,"max_hp_gain":0.0,"max_hp_loss":0.0,"gold_gain":0.0,"event_name":"Ghosts","player_choice":"Ignored","floor":24.0,"gold_loss":0.0,"damage_taken":0.0},{"damage_healed":0.0,"max_hp_gain":0.0,"max_hp_loss":0.0,"gold_gain":0.0,"event_name":"SensoryStone","player_choice":"Memory 1","floor":45.0,"gold_loss":0.0,"damage_taken":0.0},{"damage_healed":0.0,"max_hp_gain":0.0,"max_hp_loss":0.0,"gold_gain":0.0,"event_name":"Tomb of Lord Red Mask","player_choice":"Paid","floor":48.0,"gold_loss":55.0,"damage_taken":0.0,"relics_obtained":["Red Mask"]}],"is_beta":false,"boss_relics":[{"not_picked":["Sozu","Snecko Eye"],"picked":"Philosopher\u0027s Stone"},{"not_picked":["Tiny House","Fusion Hammer"],"picked":"Astrolabe"}],"items_purged_floors":[14],"is_endless":false,"potions_floor_spawned":[8,12,13,16,21,22,29,30,37,41,47],"ascension_level":0}}