{"host":"edndssuekvzbh3is","time":1613189004,"event":{"mods":["BaseMod","Colored Map","Colored Powertips","Minty Spire (QoL Compilation)","SuperFastMode"],"gold_per_floor":[110,125,143,155,155,187,25,25,25,35,53,53,72,100,100,204,204,216,245,258,275,289,321,321,338,338,338,356,385,400,400,400,503,503,522,522,535,11,25,25,53,53,53,82,114,141,49,49,49,49],"floor_reached":51,"language":"ENG","playtime":2811,"items_purged":["Parasite"],"score":859,"play_id":"ad86a29f-49e6-43e5-93fd-151c08610b4b","local_time":"20210212230324","is_ascension_mode":true,"campfire_choices":[{"data":"MentalFortress","floor":8,"key":"SMITH"},{"floor":15,"key":"REST"},{"floor":24,"key":"REST"},{"floor":27,"key":"REST"},{"floor":32,"key":"REST"},{"floor":40,"key":"REST"},{"data":"Ragnarok","floor":42,"key":"SMITH"},{"floor":49,"key":"REST"}],"circlet_count":0,"master_deck":["Strike_P+1","Strike_P+1","Strike_P+1","Strike_P+1","Defend_P+1","Defend_P+1","Defend_P+1","Defend_P+1","Eruption+1","Vigilance","Prostrate","MentalFortress+1","EmptyBody","Worship","Ragnarok+1","Adaptation","Protect","LikeWater","Prostrate","Halt","EmptyFist+1","BowlingBash+1","Omniscience","Pray","Indignation","EmptyFist+1","Devotion","Consecrate+1","Protect","WindmillStrike+1","LessonLearned+1","Prostrate","Sanctity","Wallop+1","Ragnarok+1","CrushJoints+1","Prostrate","Crescendo+1","FlyingSleeves+1"],"relics":["Snecko Eye","The Courier","Letter Opener","Molten Egg 2","Bag of Preparation","Cursed Key","Red Mask","Regal Pillow","InkBottle","Ginger","SlaversCollar","Gambling Chip","CaptainsWheel","Bag of Marbles","MawBank"],"acts_visited":["Exordium","TheCity","TheBeyond"],"potions_floor_usage":[6,16,16,23,23,29,33,35,41,41,44],"damage_taken":[{"damage":4,"enemies":"Jaw Worm","floor":1,"turns":4},{"damage":7,"enemies":"2 Louse","floor":2,"turns":3},{"damage":3,"enemies":"Cultist","floor":3,"turns":4},{"damage":19,"enemies":"Blue Slaver","floor":4,"turns":6},{"damage":2,"enemies":"Lagavulin","floor":6,"turns":7},{"damage":0,"enemies":"Exordium Wildlife","floor":10,"turns":3},{"damage":0,"enemies":"Large Slime","floor":11,"turns":4},{"damage":0,"enemies":"3 Louse","floor":13,"turns":3},{"damage":2,"enemies":"3 Sentries","floor":14,"turns":5},{"damage":19,"enemies":"The Guardian","floor":16,"turns":9},{"damage":9,"enemies":"2 Thieves","floor":18,"turns":2},{"damage":29,"enemies":"Masked Bandits","floor":19,"turns":4},{"damage":0,"enemies":"Chosen","floor":20,"turns":2},{"damage":0,"enemies":"Snake Plant","floor":21,"turns":3},{"damage":0,"enemies":"Centurion and Healer","floor":22,"turns":3},{"damage":27,"enemies":"Book of Stabbing","floor":23,"turns":6},{"damage":16,"enemies":"Snecko","floor":25,"turns":4},{"damage":0,"enemies":"Snake Plant","floor":28,"turns":2},{"damage":20,"enemies":"Slavers","floor":29,"turns":5},{"damage":15,"enemies":"Centurion and Healer","floor":30,"turns":4},{"damage":15,"enemies":"Collector","floor":33,"turns":9},{"damage":29,"enemies":"3 Shapes","floor":35,"turns":4},{"damage":16,"enemies":"3 Darklings","floor":37,"turns":2},{"damage":5,"enemies":"Jaw Worm Horde","floor":39,"turns":4},{"damage":26,"enemies":"Reptomancer","floor":41,"turns":6},{"damage":6,"enemies":"Giant Head","floor":44,"turns":4},{"damage":8,"enemies":"4 Shapes","floor":45,"turns":2},{"damage":0,"enemies":"Maw","floor":46,"turns":6},{"damage":18,"enemies":"Donu and Deca","floor":50,"turns":6}],"seed_played":"-7062837024260208007","potions_obtained":[{"floor":3,"key":"GamblersBrew"},{"floor":4,"key":"SneckoOil"},{"floor":6,"key":"Regen Potion"},{"floor":10,"key":"AttackPotion"},{"floor":22,"key":"StancePotion"},{"floor":28,"key":"AttackPotion"},{"floor":30,"key":"DistilledChaos"},{"floor":33,"key":"SneckoOil"},{"floor":39,"key":"Swift Potion"},{"floor":41,"key":"LiquidMemories"},{"floor":46,"key":"ColorlessPotion"}],"is_trial":false,"path_per_floor":["M","M","M","M","?","E","$","R","T","M","M","?","M","E","R","B",null,"M","?","M","M","M","E","R","M","T","R","M","E","M","?","R","B",null,"M","?","M","$","M","R","E","R","T","E","M","M","$","?","R","B",null],"character_chosen":"WATCHER","items_purchased":["Adaptation","Protect","LikeWater","Wallop+1","Ragnarok+1","Gambling Chip","Weak Potion","Ancient Potion","AttackPotion"],"campfire_rested":6,"item_purchase_floors":[7,7,7,38,38,38,38,47,47],"current_hp_per_floor":[68,61,58,39,27,25,25,25,25,25,25,25,25,23,44,40,72,63,34,34,34,34,7,43,27,27,63,63,43,28,28,64,49,72,43,43,27,27,22,57,31,31,31,25,17,17,17,17,52,34],"gold":49,"neow_bonus":"BOSS_RELIC","is_daily":false,"chose_seed":false,"campfire_upgraded":2,"win_rate":0.0,"timestamp":1613189004,"path_taken":["M","M","M","M","?","E","$","R","T","M","M","?","M","E","R","BOSS","M","?","M","M","M","E","R","M","T","R","M","E","M","?","R","BOSS","M","?","M","$","M","R","E","R","T","E","M","M","$","?","R","BOSS"],"items_purchased_type":["Card","Card","Card","Card","Card","Relic","Potion","Potion","Potion"],"build_version":"2020-12-22","purchased_purges":1,"victory":true,"max_hp_per_floor":[72,72,72,72,72,72,72,72,72,72,72,72,72,72,72,72,72,72,72,72,72,72,72,72,72,72,72,72,72,72,72,72,72,72,72,72,72,69,69,69,69,69,69,69,69,69,69,69,69,69],"card_choices":[{"not_picked":["ThirdEye","PathToVictory"],"picked":"Prostrate","floor":1},{"not_picked":["Crescendo","Prostrate"],"picked":"MentalFortress","floor":2},{"not_picked":["Protect","PathToVictory"],"picked":"EmptyBody","floor":3},{"not_picked":["Prostrate","FlurryOfBlows"],"picked":"Worship","floor":4},{"not_picked":["TalkToTheHand","DeceiveReality"],"picked":"Ragnarok","floor":6},{"not_picked":["FlyingSleeves+1","Protect"],"picked":"Prostrate","floor":10},{"not_picked":["PathToVictory","ThirdEye"],"picked":"Halt","floor":11},{"not_picked":["EmptyBody","Evaluate"],"picked":"EmptyFist+1","floor":13},{"not_picked":["Consecrate+1","BattleHymn"],"picked":"BowlingBash+1","floor":14},{"not_picked":["Blasphemy","SpiritShield"],"picked":"Omniscience","floor":16},{"not_picked":["Protect","Pray"],"picked":"WheelKick+1","floor":18},{"not_picked":["BowlingBash+1","CarveReality+1"],"picked":"Pray","floor":19},{"not_picked":["DeceiveReality","ForeignInfluence","Weave+1"],"picked":"SKIP","floor":20},{"not_picked":["Pray","BowlingBash+1"],"picked":"Indignation","floor":21},{"not_picked":["EmptyBody","CrushJoints+1"],"picked":"EmptyFist+1","floor":22},{"not_picked":["EmptyBody+1","BowlingBash+1"],"picked":"Devotion","floor":23},{"not_picked":["PathToVictory","InnerPeace"],"picked":"Consecrate+1","floor":25},{"not_picked":["SashWhip+1","EmptyFist+1"],"picked":"Protect","floor":28},{"not_picked":["Wireheading","Fasting2","Alpha"],"picked":"SKIP","floor":29},{"not_picked":["ThirdEye","FlyingSleeves+1"],"picked":"WindmillStrike+1","floor":30},{"not_picked":["ConjureBlade","Blasphemy"],"picked":"LessonLearned+1","floor":33},{"not_picked":["CutThroughFate+1","EmptyFist+1"],"picked":"Prostrate","floor":35},{"not_picked":["BowlingBash+1","CarveReality+1"],"picked":"Sanctity","floor":37},{"not_picked":["DeceiveReality+1","JustLucky+1"],"picked":"CrushJoints+1","floor":39},{"not_picked":["CutThroughFate+1","PathToVictory","FollowUp+1"],"picked":"SKIP","floor":41},{"not_picked":["Evaluate","ConjureBlade"],"picked":"Prostrate","floor":44},{"not_picked":["SashWhip+1","Collect+1"],"picked":"Crescendo+1","floor":45},{"not_picked":["Evaluate+1","Perseverance+1"],"picked":"FlyingSleeves+1","floor":46}],"player_experience":362590,"relics_obtained":[{"floor":6,"key":"Letter Opener"},{"floor":9,"key":"Molten Egg 2"},{"floor":14,"key":"Bag of Preparation"},{"floor":19,"key":"Red Mask"},{"floor":23,"key":"Regal Pillow"},{"floor":26,"key":"InkBottle"},{"floor":29,"key":"Ginger"},{"floor":41,"key":"CaptainsWheel"},{"floor":43,"key":"Bag of Marbles"},{"floor":44,"key":"MawBank"}],"event_choices":[{"damage_healed":0,"gold_gain":0,"player_choice":"Success","damage_taken":12,"relics_obtained":["The Courier"],"max_hp_gain":0,"max_hp_loss":0,"event_name":"Scrap Ooze","floor":5,"gold_loss":0},{"damage_healed":0,"gold_gain":0,"player_choice":"Ignored","damage_taken":0,"max_hp_gain":0,"max_hp_loss":0,"event_name":"Liars Game","floor":12,"gold_loss":0},{"damage_healed":0,"gold_gain":0,"player_choice":"Fought Bandits","damage_taken":0,"max_hp_gain":0,"max_hp_loss":0,"event_name":"Masked Bandits","floor":19,"gold_loss":0},{"damage_healed":0,"gold_gain":0,"player_choice":"Simplicity","damage_taken":0,"max_hp_gain":0,"max_hp_loss":0,"event_name":"Back to Basics","floor":31,"gold_loss":0,"cards_upgraded":["Strike_P","Strike_P","Strike_P","Strike_P","Defend_P","Defend_P","Defend_P","Defend_P"]},{"cards_removed":["WheelKick"],"damage_healed":0,"gold_gain":0,"player_choice":"Removed Attack","damage_taken":0,"max_hp_gain":0,"max_hp_loss":0,"event_name":"Falling","floor":36,"gold_loss":0},{"cards_removed":["Normality"],"damage_healed":0,"gold_gain":0,"player_choice":"Removed Curses","damage_taken":0,"max_hp_gain":0,"max_hp_loss":0,"event_name":"Fountain of Cleansing","floor":48,"gold_loss":0}],"is_beta":false,"boss_relics":[{"not_picked":["SacredBark","Ectoplasm"],"picked":"Cursed Key"},{"not_picked":["Coffee Dripper","Velvet Choker"],"picked":"SlaversCollar"}],"items_purged_floors":[38],"is_endless":false,"potions_floor_spawned":[3,4,6,10,22,28,30,33,39,41,46],"ascension_level":2}}