{"host":"1vy6j31128f61x2z","time":1613186278,"event":{"mods":["AchievementEnabler","BaseMod","Colored Powertips","Minty Spire (QoL Compilation)","Permanent Neow"],"gold_per_floor":[112,187,204,216,216,241,241,100,100,117,131,150,181,198,198,303,303,286,16,116,135,150,182,182,182,182],"floor_reached":25,"language":"ENG","playtime":2018,"items_purged":[],"score":282,"play_id":"b1f8d814-e8ce-4df7-9d09-1f229b0a51a2","local_time":"20210212221758","is_ascension_mode":true,"campfire_choices":[{"data":"Blur","floor":7,"key":"SMITH"},{"floor":15,"key":"DIG"},{"floor":24,"key":"DIG"}],"circlet_count":0,"master_deck":["Survivor","Neutralize","Flash of Steel","Blade Dance","Blur+1","Backflip","Cloak And Dagger","Flechettes","Caltrops","Escape Plan","A Thousand Cuts","Deflect","Well Laid Plans","After Image","Backstab","Prepared","Phantasmal Killer","Escape Plan","Dagger Throw","Distraction","Leg Sweep","Distraction","Tools of the Trade","PiercingWail+1","Footwork","Deflect","SashWhip","Protect"],"relics":["Ring of the Snake","CaptainsWheel","Shovel","Unceasing Top","Ginger","Pandora\u0027s Box","PrismaticShard","Bottled Lightning","Regal Pillow"],"acts_visited":["Exordium","TheCity"],"potions_floor_usage":[6],"damage_taken":[{"damage":0.0,"enemies":"Jaw Worm","floor":1.0,"turns":3.0},{"damage":3.0,"enemies":"Small Slimes","floor":3.0,"turns":4.0},{"damage":0.0,"enemies":"Cultist","floor":4.0,"turns":3.0},{"damage":3,"enemies":"3 Sentries","floor":6,"turns":13},{"damage":0,"enemies":"Red Slaver","floor":10,"turns":4},{"damage":4,"enemies":"Lots of Slimes","floor":11,"turns":4},{"damage":0,"enemies":"2 Fungi Beasts","floor":12,"turns":4},{"damage":7,"enemies":"Gremlin Nob","floor":13,"turns":4},{"damage":3,"enemies":"Blue Slaver","floor":14,"turns":3},{"damage":28,"enemies":"The Guardian","floor":16,"turns":13},{"damage":10,"enemies":"2 Thieves","floor":18,"turns":4},{"damage":0,"enemies":"3 Byrds","floor":21,"turns":6},{"damage":11,"enemies":"Snecko","floor":22,"turns":9},{"damage":12,"enemies":"Slavers","floor":23,"turns":14},{"damage":54,"enemies":"Gremlin Leader","floor":25,"turns":8}],"seed_played":"-7084430513602126942","potions_obtained":[{"floor":4.0,"key":"Dexterity Potion"},{"floor":10,"key":"Dexterity Potion"},{"floor":11,"key":"Poison Potion"},{"floor":16,"key":"Regen Potion"},{"floor":22,"key":"GhostInAJar"}],"is_trial":false,"path_per_floor":["M","?","M","M","?","E","R","$","T","M","M","M","E","M","R","B",null,"M","$","?","M","M","E","R","E"],"character_chosen":"THE_SILENT","items_purchased":["Flechettes","Caltrops","Footwork","Deflect","PrismaticShard"],"campfire_rested":0,"item_purchase_floors":[8,8,19,19,19],"current_hp_per_floor":[70,59,56,56,56,53,53,53,53,53,49,49,42,39,39,11,70,60,60,60,60,49,37,37,0,0],"gold":182,"neow_bonus":"RANDOM_COLORLESS","is_daily":false,"chose_seed":false,"campfire_upgraded":1,"win_rate":0.0,"timestamp":1613186278,"path_taken":["M","?","M","M","?","E","R","$","T","M","M","M","E","M","R","BOSS","M","$","?","M","M","E","R","E"],"items_purchased_type":["Card","Card","Card","Card","Relic"],"build_version":"2020-12-22","purchased_purges":0,"victory":false,"max_hp_per_floor":[70,70,70,70,70,70,70,70,70,70,70,70,70,70,70,70,70,70,70,70,70,70,70,70,70,70],"card_choices":[{"not_picked":["Blind","Finesse"],"picked":"Flash of Steel","floor":0.0},{"not_picked":["Distraction","Dagger Spray"],"picked":"Blade Dance","floor":1.0},{"not_picked":["Outmaneuver","Endless Agony"],"picked":"Blur","floor":3.0},{"not_picked":["Underhanded Strike","Finisher"],"picked":"Backflip","floor":4.0},{"not_picked":["Dagger Throw","Quick Slash"],"picked":"Cloak And Dagger","floor":6},{"not_picked":["Slice","Flying Knee"],"picked":"Escape Plan","floor":10},{"not_picked":["Slice","Backflip","Bane"],"picked":"SKIP","floor":11},{"not_picked":["Dash","Dodge and Roll"],"picked":"A Thousand Cuts","floor":12},{"not_picked":["Dodge and Roll","Riddle With Holes"],"picked":"Deflect","floor":13},{"not_picked":["Poisoned Stab","Outmaneuver"],"picked":"Well Laid Plans","floor":14},{"not_picked":["Doppelganger","Storm of Steel"],"picked":"After Image","floor":16},{"not_picked":["Caltrops+1","Dagger Spray"],"picked":"PiercingWail+1","floor":18},{"not_picked":["JustLucky","Finisher"],"picked":"SashWhip","floor":21},{"not_picked":["Doom and Gloom","Eviscerate","Quick Slash"],"picked":"SKIP","floor":22},{"not_picked":["Compile Driver","Stack"],"picked":"Protect","floor":23}],"player_experience":70015,"relics_obtained":[{"floor":6,"key":"CaptainsWheel"},{"floor":9,"key":"Shovel"},{"floor":13,"key":"Unceasing Top"},{"floor":15,"key":"Ginger"},{"floor":23,"key":"Bottled Lightning"},{"floor":24,"key":"Regal Pillow"}],"event_choices":[{"damage_healed":0.0,"max_hp_gain":0.0,"max_hp_loss":0.0,"gold_gain":75.0,"event_name":"World of Goop","player_choice":"Gather Gold","floor":2.0,"gold_loss":0.0,"damage_taken":11.0},{"cards_removed":["Strike_G"],"damage_healed":0.0,"max_hp_gain":0.0,"max_hp_loss":0.0,"gold_gain":0.0,"event_name":"Purifier","player_choice":"Purged","floor":5.0,"gold_loss":0.0,"damage_taken":0.0},{"damage_healed":0,"gold_gain":100,"player_choice":"Pray","damage_taken":0,"max_hp_gain":0,"max_hp_loss":0,"event_name":"Golden Shrine","floor":20,"gold_loss":0}],"is_beta":false,"boss_relics":[{"not_picked":["Busted Crown","Runic Dome"],"picked":"Pandora\u0027s Box"}],"items_purged_floors":[],"is_endless":false,"potions_floor_spawned":[4,10,11,16,22,23],"killed_by":"Gremlin Leader","ascension_level":4}}