{"host":"0mhttqdumuceah7q","time":1613210303,"event":{"mods":["AchievementEnabler","BaseMod","Colored Map","DeckTracker","Minty Spire (QoL Compilation)","Permanent Neow"],"gold_per_floor":[368,39,56,56,73,98,8,43,43,63,74,74,89,109,109,109,109],"floor_reached":16,"language":"KOR","playtime":1191,"items_purged":["Strike_R"],"score":114,"play_id":"69b0e550-d5ee-47b5-bf9a-3ffc23cac2e2","local_time":"20210213185823","is_ascension_mode":false,"campfire_choices":[{"floor":15,"key":"REST"}],"circlet_count":0,"master_deck":["Strike_R","Strike_R","Strike_R","Strike_R","Defend_R","Defend_R","Defend_R","Defend_R","Bash","Clothesline","Searing Blow","Second Wind+1","Shockwave+1","Good Instincts+1","Shrug It Off+1","Dropkick","Bloodletting+1"],"relics":["Burning Blood","Pantograph","Toxic Egg 2","Paper Frog","Centennial Puzzle","Letter Opener"],"acts_visited":["Exordium"],"potions_floor_usage":[10,11,14],"damage_taken":[{"damage":3,"enemies":"2 Louse","floor":1,"turns":3},{"damage":1,"enemies":"Cultist","floor":3,"turns":4},{"damage":11,"enemies":"Jaw Worm","floor":5,"turns":2},{"damage":24,"enemies":"Gremlin Nob","floor":6,"turns":5},{"damage":26,"enemies":"Lagavulin","floor":8,"turns":7},{"damage":9,"enemies":"Gremlin Gang","floor":10,"turns":3},{"damage":6,"enemies":"2 Fungi Beasts","floor":11,"turns":4},{"damage":0,"enemies":"Looter","floor":13,"turns":3},{"damage":11,"enemies":"Large Slime","floor":14,"turns":8},{"damage":77,"enemies":"Slime Boss","floor":16,"turns":12}],"seed_played":"8702268125978876396","potions_obtained":[{"floor":3,"key":"DuplicationPotion"},{"floor":6,"key":"Explosive Potion"},{"floor":10,"key":"BlessingOfTheForge"},{"floor":13,"key":"Weak Potion"},{"floor":14,"key":"Weak Potion"}],"is_trial":false,"path_per_floor":["M","$","M","?","M","E","$","E","T","M","M","$","M","M","R","B"],"character_chosen":"IRONCLAD","items_purchased":["Pantograph","Good Instincts+1"],"campfire_rested":1,"item_purchase_floors":[2,7],"current_hp_per_floor":[59,59,64,64,59,41,41,21,21,18,18,18,24,19,43,0,0],"gold":109,"neow_bonus":"TWO_FIFTY_GOLD","is_daily":false,"chose_seed":false,"campfire_upgraded":0,"win_rate":0.0,"timestamp":1613210303,"path_taken":["M","$","M","?","M","E","$","E","T","M","M","?","M","M","R","BOSS"],"items_purchased_type":["Relic","Card"],"build_version":"2020-12-22","purchased_purges":1,"victory":false,"max_hp_per_floor":[80,80,80,80,80,80,80,80,80,80,80,80,80,80,80,80,80],"card_choices":[{"not_picked":["Cleave","Reckless Charge"],"picked":"Clothesline","floor":1},{"not_picked":["Warcry","Headbutt"],"picked":"Searing Blow","floor":3},{"not_picked":["Wild Strike","Sever Soul"],"picked":"Second Wind+1","floor":5},{"not_picked":["Burning Pact+1","Twin Strike"],"picked":"Shockwave+1","floor":6},{"not_picked":["Heavy Blade","Offering+1","Hemokinesis"],"picked":"SKIP","floor":8},{"not_picked":["Iron Wave","Clothesline"],"picked":"Shrug It Off+1","floor":10},{"not_picked":["Feel No Pain","Hemokinesis"],"picked":"Dropkick","floor":11},{"not_picked":["Armaments+1","Wild Strike"],"picked":"Bloodletting+1","floor":13},{"not_picked":["Carnage","Inflame","True Grit+1"],"picked":"SKIP","floor":14}],"player_experience":28258,"relics_obtained":[{"floor":6,"key":"Paper Frog"},{"floor":8,"key":"Centennial Puzzle"},{"floor":9,"key":"Letter Opener"}],"event_choices":[{"damage_healed":0,"gold_gain":0,"player_choice":"Gave Potion","damage_taken":0,"relics_obtained":["Toxic Egg 2"],"max_hp_gain":0,"max_hp_loss":0,"event_name":"WeMeetAgain","floor":4,"gold_loss":0}],"is_beta":false,"boss_relics":[],"items_purged_floors":[2],"is_endless":false,"potions_floor_spawned":[3,6,10,13,14],"killed_by":"Slime Boss","ascension_level":0}}