{"host":"1q02rw1wpi0nrsss","time":1613176422,"event":{"mods":["AchievementEnabler","BaseMod","Better Note","Better Third Choice","Bossed Relics","Custom Start","Dark Map","DeckTracker","Disable Question Mark Monsters","Minty Spire (QoL Compilation)","Permanent Neow","Quick Restart","Rare Cards Sparkle","Relic Stats","StSLib","??????REMEMod"],"gold_per_floor":[115,132,132,149,166,166,200,7,32,60,74,87,10,43,43,141,141,153,169,84,95,115,115,150,150,150,170,170,187,222,39,39,144,144,184,196,58,104,104,136,136,136,136,136,186,186,198,238,238,238],"floor_reached":51,"language":"ENG","playtime":2422,"items_purged":["Strike_G","Strike_G"],"score":1147,"play_id":"e956cf35-a33c-49e3-8ab8-59c42498c645","local_time":"20210212163342","is_ascension_mode":true,"campfire_choices":[{"data":"Hyperbeam","floor":6.0,"key":"SMITH"},{"data":"Glass Knife","floor":15.0,"key":"SMITH"},{"data":"Envenom","floor":23.0,"key":"SMITH"},{"data":"Blur","floor":25.0,"key":"SMITH"},{"floor":32.0,"key":"REST"},{"data":"Venomology","floor":41.0,"key":"SMITH"},{"data":"Neutralize","floor":44.0,"key":"SMITH"},{"floor":46.0,"key":"REST"},{"data":"Dagger Spray","floor":49.0,"key":"SMITH"}],"circlet_count":0,"master_deck":["Strike_G","Strike_G","Strike_G","Defend_G","Defend_G","Defend_G","Defend_G","Defend_G","Survivor","Neutralize+1","Hyperbeam+1","Deadly Poison","Quick Slash","After Image","Cloak And Dagger","Blur+1","PiercingWail","Glass Knife+1","Envenom+1","Dagger Spray+1","Terror+1","Dodge and Roll+1","Venomology+1","REME_BuildACard"],"relics":["Ring of the Snake","REME_ComplimentaryCards","REME_HandOfSuture","Membership Card","Toy Ornithopter","Blood Vial","TwistedFunnel","Oddly Smooth Stone","Astrolabe","Pen Nib","Paper Crane","Question Card","Tingsha","Toolbox","Tiny Chest","Busted Crown","The Specimen","Strawberry","Kunai","Incense Burner"],"acts_visited":["Exordium","TheCity","TheBeyond"],"potions_floor_usage":[50,50,50,50],"damage_taken":[{"damage":4.0,"enemies":"Jaw Worm","floor":1.0,"turns":3.0},{"damage":0.0,"enemies":"Cultist","floor":2.0,"turns":2.0},{"damage":0.0,"enemies":"2 Louse","floor":4.0,"turns":1.0},{"damage":0.0,"enemies":"2 Fungi Beasts","floor":5.0,"turns":1.0},{"damage":14.0,"enemies":"Lagavulin","floor":7.0,"turns":5.0},{"damage":14.0,"enemies":"Gremlin Nob","floor":10.0,"turns":3.0},{"damage":0.0,"enemies":"Exordium Wildlife","floor":11.0,"turns":2.0},{"damage":5.0,"enemies":"Looter","floor":12.0,"turns":2.0},{"damage":10.0,"enemies":"3 Sentries","floor":14.0,"turns":4.0},{"damage":3.0,"enemies":"Hexaghost","floor":16.0,"turns":9.0},{"damage":0.0,"enemies":"2 Thieves","floor":18.0,"turns":1.0},{"damage":5.0,"enemies":"Spheric Guardian","floor":19.0,"turns":3.0},{"damage":0.0,"enemies":"3 Cultists","floor":21.0,"turns":3.0},{"damage":0.0,"enemies":"Snecko","floor":22.0,"turns":1.0},{"damage":15.0,"enemies":"Slavers","floor":24.0,"turns":3.0},{"damage":0.0,"enemies":"Cultist and Chosen","floor":27.0,"turns":3.0},{"damage":12.0,"enemies":"Chosen and Byrds","floor":29.0,"turns":2.0},{"damage":12.0,"enemies":"REME_1_Revenger","floor":30.0,"turns":5.0},{"damage":0.0,"enemies":"Champ","floor":33.0,"turns":10.0},{"damage":2.0,"enemies":"3 Shapes","floor":35.0,"turns":4.0},{"damage":1.0,"enemies":"Orb Walker","floor":36.0,"turns":4.0},{"damage":17.0,"enemies":"2 Orb Walkers","floor":38.0,"turns":2.0},{"damage":13.0,"enemies":"Nemesis","floor":40.0,"turns":7.0},{"damage":0.0,"enemies":"Giant Head","floor":42.0,"turns":1.0},{"damage":42.0,"enemies":"Mind Bloom Boss Battle","floor":45.0,"turns":5.0},{"damage":8.0,"enemies":"4 Shapes","floor":47.0,"turns":3.0},{"damage":0.0,"enemies":"Maw","floor":48.0,"turns":9.0},{"damage":27,"enemies":"Time Eater","floor":50,"turns":10}],"seed_played":"5283179000614321417","potions_obtained":[{"floor":2.0,"key":"SmokeBomb"},{"floor":3.0,"key":"LiquidMemories"},{"floor":3.0,"key":"CultistPotion"},{"floor":7.0,"key":"SpeedPotion"},{"floor":11.0,"key":"LiquidBronze"},{"floor":16.0,"key":"ColorlessPotion"},{"floor":18.0,"key":"SpeedPotion"},{"floor":21.0,"key":"SmokeBomb"},{"floor":30.0,"key":"Poison Potion"},{"floor":33.0,"key":"CultistPotion"},{"floor":35.0,"key":"Swift Potion"},{"floor":40.0,"key":"Poison Potion"},{"floor":47.0,"key":"REME_GoldPotion"}],"is_trial":false,"path_per_floor":["M","M","?","M","M","R","E","$","T","E","M","M","$","E","R","B",null,"M","M","?","M","M","R","E","R","T","M","?","M","E","$","R","B",null,"M","M","$","?","?","E","R","E","T","R","?","R","M","M","R","B",null],"character_chosen":"THE_SILENT","items_purchased":["Blur","Membership Card","TwistedFunnel","Toolbox","Tiny Chest","REME_BuildACard"],"campfire_rested":2,"item_purchase_floors":[8,8,13,31,31,37],"current_hp_per_floor":[59,59,59,59,59,59,45,45,45,36,38,35,35,27,27,36,62,64,61,61,63,65,65,55,55,55,57,57,47,37,37,58,65,69,68,69,69,63,63,64,64,71,71,71,35,58,52,59,59,54],"gold":238,"neow_bonus":"THREE_CARDS","is_daily":false,"chose_seed":false,"campfire_upgraded":7,"win_rate":0.0,"timestamp":1613176422,"path_taken":["M","M","?","M","M","R","E","?","T","E","?","M","$","E","R","BOSS","M","M","?","M","M","R","E","R","T","M","?","M","E","$","R","BOSS","M","M","$","?","?","E","R","E","T","R","?","R","M","M","R","BOSS"],"items_purchased_type":["Card","Relic","Relic","Relic","Relic","Card"],"build_version":"2020-12-22","purchased_purges":2,"victory":true,"max_hp_per_floor":[70,70,70,70,70,70,70,70,70,70,70,70,70,70,70,70,70,70,70,70,70,70,70,70,70,70,70,70,70,70,70,70,70,70,70,70,70,70,70,77,77,77,77,77,77,77,77,77,77,77],"relic_stats":{"Blood Vial":42,"Busted Crown":14,"counters":[28,108],"Astrolabe":[],"Tingsha":[35],"Tiny Chest":0,"Pen Nib":[14],"Kunai":[7],"Question Card":11,"obtain_stats":[{"TwistedFunnel":13,"The Specimen":38,"Astrolabe":17,"Oddly Smooth Stone":14,"Tingsha":30,"Pen Nib":20,"Incense Burner":45,"Paper Crane":24,"Question Card":26,"Blood Vial":10,"Busted Crown":34,"Strawberry":40,"Toolbox":31,"Tiny Chest":31,"REME_HandOfSuture":7,"Membership Card":8,"Kunai":43,"Toy Ornithopter":9,"Ring of the Snake":0,"REME_ComplimentaryCards":0},{"TwistedFunnel":8,"The Specimen":22,"Astrolabe":10,"Oddly Smooth Stone":9,"Tingsha":18,"Pen Nib":12,"Incense Burner":25,"Paper Crane":15,"Question Card":15,"Blood Vial":6,"Busted Crown":19,"Strawberry":23,"Toolbox":18,"Tiny Chest":18,"REME_HandOfSuture":5,"Membership Card":5,"Kunai":24,"Toy Ornithopter":5,"Ring of the Snake":0,"REME_ComplimentaryCards":0},{"TwistedFunnel":19,"The Specimen":73,"Astrolabe":32,"Oddly Smooth Stone":23,"Tingsha":53,"Pen Nib":36,"Incense Burner":86,"Paper Crane":43,"Question Card":43,"Blood Vial":15,"Busted Crown":63,"Strawberry":80,"Toolbox":53,"Tiny Chest":53,"REME_HandOfSuture":12,"Membership Card":12,"Kunai":81,"Toy Ornithopter":12,"Ring of the Snake":0,"REME_ComplimentaryCards":0}],"Toy Ornithopter":72,"Ring of the Snake":[56]},"card_choices":[{"not_picked":["PiercingWail","Distraction"],"picked":"Deadly Poison","floor":0.0},{"not_picked":["Cloak And Dagger","Flying Knee"],"picked":"Quick Slash","floor":1.0},{"not_picked":["Prepared","Skewer","Predator"],"picked":"SKIP","floor":2.0},{"not_picked":["Blade Dance","Quick Slash","Outmaneuver"],"picked":"SKIP","floor":4.0},{"not_picked":["Sucker Punch","PiercingWail"],"picked":"After Image","floor":5.0},{"not_picked":["Dagger Spray","Blade Dance"],"picked":"Cloak And Dagger","floor":7.0},{"not_picked":["Flying Knee","Quick Slash","Deflect"],"picked":"SKIP","floor":10.0},{"not_picked":["Outmaneuver","Deadly Poison"],"picked":"PiercingWail","floor":11.0},{"not_picked":["Eviscerate","Dagger Spray","Bane"],"picked":"SKIP","floor":12.0},{"not_picked":["Tactician","Noxious Fumes"],"picked":"Glass Knife","floor":14.0},{"not_picked":["REME_GrazeFinale","Bullet Time"],"picked":"Envenom","floor":16.0},{"not_picked":["Cloak And Dagger","Deflect","Reflex"],"picked":"SKIP","floor":18.0},{"not_picked":["Blade Dance","Dash"],"picked":"Dagger Spray","floor":19.0},{"not_picked":["Slice","Dagger Throw"],"picked":"Terror+1","floor":21.0},{"not_picked":["Heel Hook","Dagger Spray"],"picked":"Dodge and Roll+1","floor":22.0},{"not_picked":["Endless Agony","Phantasmal Killer","Infinite Blades+1"],"picked":"SKIP","floor":24.0},{"not_picked":["Deadly Poison","Prepared","PiercingWail","Backflip"],"picked":"SKIP","floor":27.0},{"not_picked":["Backstab","Outmaneuver","Distraction","Dagger Throw+1"],"picked":"SKIP","floor":29.0},{"not_picked":["Escape Plan","Dagger Spray","PiercingWail","Eviscerate"],"picked":"SKIP","floor":30.0},{"not_picked":["Wraith Form v2","REME_CopyPotion","A Thousand Cuts"],"picked":"Venomology","floor":33.0},{"not_picked":["Endless Agony+1","Underhanded Strike"],"picked":"SKIP","floor":35.0},{"not_picked":["Quick Slash+1","Masterful Stab"],"picked":"SKIP","floor":36.0},{"not_picked":["Predator","Sucker Punch+1"],"picked":"SKIP","floor":40.0},{"not_picked":["REME_ShadowStrike+1","PiercingWail+1"],"picked":"SKIP","floor":47.0},{"not_picked":["Glass Knife","Outmaneuver"],"picked":"SKIP","floor":48.0}],"player_experience":86133,"relics_obtained":[{"floor":7.0,"key":"REME_HandOfSuture"},{"floor":9.0,"key":"Toy Ornithopter"},{"floor":10.0,"key":"Blood Vial"},{"floor":14.0,"key":"Oddly Smooth Stone"},{"floor":24.0,"key":"Paper Crane"},{"floor":26.0,"key":"Question Card"},{"floor":30.0,"key":"Tingsha"},{"floor":38.0,"key":"The Specimen"},{"floor":40.0,"key":"Strawberry"},{"floor":43.0,"key":"Kunai"},{"floor":45.0,"key":"Incense Burner"}],"event_choices":[{"damage_healed":0.0,"max_hp_gain":0.0,"max_hp_loss":0.0,"gold_gain":0.0,"event_name":"Lab","player_choice":"Got Potions","floor":3.0,"gold_loss":0.0,"damage_taken":0.0},{"damage_healed":0.0,"max_hp_gain":0.0,"max_hp_loss":0.0,"gold_gain":0.0,"event_name":"Addict","player_choice":"Obtained Relic","floor":20.0,"gold_loss":85.0,"damage_taken":0.0,"relics_obtained":["Pen Nib"]},{"damage_healed":0.0,"max_hp_gain":0.0,"max_hp_loss":0.0,"gold_gain":0.0,"event_name":"The Mausoleum","player_choice":"Ignored","floor":28.0,"gold_loss":0.0,"damage_taken":0.0},{"damage_healed":0.0,"max_hp_gain":0.0,"max_hp_loss":0.0,"gold_gain":0.0,"event_name":"Mysterious Sphere","player_choice":"Fight","floor":38.0,"gold_loss":0.0,"damage_taken":0.0},{"damage_healed":0.0,"max_hp_gain":0.0,"max_hp_loss":0.0,"gold_gain":0.0,"event_name":"Tomb of Lord Red Mask","player_choice":"Ignored","floor":39.0,"gold_loss":0.0,"damage_taken":0.0},{"damage_healed":0.0,"max_hp_gain":0.0,"max_hp_loss":0.0,"gold_gain":0.0,"event_name":"MindBloom","player_choice":"Fight","floor":45.0,"gold_loss":0.0,"damage_taken":0.0}],"is_beta":false,"boss_relics":[{"not_picked":["Pandora\u0027s Box","Fusion Hammer"],"picked":"Astrolabe"},{"not_picked":["REME_DemonsWealth","Tiny House"],"picked":"Busted Crown"}],"items_purged_floors":[31,37],"is_endless":false,"potions_floor_spawned":[2,7,11,12,14,16,18,21,30,33,35,40,42,47],"ascension_level":6}}