{"host":"tia00321x3ndnwo4","time":1613188737,"event":{"mods":["2.2 Compatiblity","BaseMod","Bestiary","Colored Map","Colored Powertips","Curses Come First","Downfall","Highlight Path","Minty Spire (QoL Compilation)","Relic Stats","Slay the Relics Exporter","StSLib","SuperFastMode"],"gold_per_floor":[99,115,163,163,173,173,173,186,186,204,283,302,321,384,404,404,404,404],"floor_reached":16,"language":"ENG","playtime":573,"items_purged":[],"score":94,"play_id":"98be3c53-4674-4a3c-bfc0-c93eaa2c70ce","local_time":"20210212195857","is_ascension_mode":false,"campfire_choices":[{"data":"Guardian:TwinSlam","floor":1,"key":"SMITH"},{"data":"Guardian:RefractedBeam","floor":6,"key":"SMITH"},{"data":"Guardian:WalkerClaw","floor":9,"key":"SMITH"}],"circlet_count":0,"master_deck":["Guardian:Strike_Guardian","Guardian:Strike_Guardian","Guardian:Strike_Guardian","Guardian:Strike_Guardian","Guardian:Defend_Guardian","Guardian:Defend_Guardian","Guardian:Defend_Guardian","Guardian:Defend_Guardian","Guardian:CurlUp","Guardian:TwinSlam+1","Guardian:RefractedBeam+1","Guardian:WalkerClaw+1","Guardian:DonusPower","Guardian:Gem_Red","Guardian:RefractedBeam","Guardian:CrystalBeam","Guardian:Gem_Cyan"],"relics":["Guardian:ModeShifter","Boot","White Beast Statue","Question Card","PreservedInsect"],"acts_visited":["Exordium"],"potions_floor_usage":[14,16,16,16],"damage_taken":[{"damage":6,"enemies":"Cultist","floor":2,"turns":4},{"damage":3,"enemies":"Jaw Worm","floor":5,"turns":3},{"damage":0,"enemies":"2 Louse","floor":8,"turns":2},{"damage":3,"enemies":"Red Slaver","floor":10,"turns":3},{"damage":6,"enemies":"Exordium Wildlife","floor":12,"turns":5},{"damage":9,"enemies":"2 Fungi Beasts","floor":13,"turns":3},{"damage":13,"enemies":"3 Sentries","floor":14,"turns":5},{"damage":5,"enemies":"3 Louse","floor":15,"turns":3},{"damage":46,"enemies":"IC_STATUS_ARCHETYPE","floor":16,"turns":10}],"seed_played":"5031436835905432538","potions_obtained":[{"floor":8,"key":"DuplicationPotion"},{"floor":10,"key":"Block Potion"},{"floor":12,"key":"FairyPotion"},{"floor":13,"key":"Energy Potion"},{"floor":14,"key":"hexamod:SoulburnPotion"}],"is_trial":false,"path_per_floor":["R","M","T","?","M","R","T","M","R","M","T","M","M","?","M","B"],"character_chosen":"GUARDIAN","items_purchased":[],"campfire_rested":0,"item_purchase_floors":[],"current_hp_per_floor":[88,82,82,82,79,79,79,79,79,76,76,70,61,48,43,0,0,0],"gold":404,"neow_bonus":"TEN_PERCENT_HP_BONUS","is_daily":false,"chose_seed":false,"campfire_upgraded":3,"win_rate":0.0,"timestamp":1613188737,"path_taken":["R","M","?","?","?","R","T","M","R","M","?","M","M","?","M","BOSS"],"items_purchased_type":[],"build_version":"2020-12-22","purchased_purges":0,"victory":false,"max_hp_per_floor":[88,88,88,88,88,88,88,88,88,88,88,88,88,88,88,88,88,88],"relic_stats":{"counters":[9,38],"PreservedInsect":0,"Boot":[46],"Question Card":4,"obtain_stats":[{"Guardian:ModeShifter":0,"PreservedInsect":14,"Boot":3,"Question Card":11,"White Beast Statue":7},{"Guardian:ModeShifter":0,"PreservedInsect":7,"Boot":1,"Question Card":4,"White Beast Statue":2},{"Guardian:ModeShifter":0,"PreservedInsect":25,"Boot":4,"Question Card":12,"White Beast Statue":7}]},"card_choices":[{"not_picked":["Guardian:Suspension","Guardian:VentSteam"],"picked":"Guardian:RefractedBeam","floor":2},{"not_picked":["Guardian:Suspension","Guardian:BodySlam"],"picked":"Guardian:Gem_Cyan","floor":5},{"not_picked":["Guardian:Harden","Guardian:TimeSifter"],"picked":"Guardian:WalkerClaw","floor":8},{"not_picked":["Guardian:Gem_Green","Guardian:EvasiveProtocol"],"picked":"Guardian:DonusPower","floor":10},{"not_picked":["Guardian:ChargeCore","Guardian:Gem_Green","Guardian:Recover"],"picked":"Guardian:Gem_Red","floor":12},{"not_picked":["Guardian:RollAttack","Guardian:HyperBeam_Guardian","Guardian:TemporalStrike"],"picked":"Guardian:RefractedBeam","floor":13},{"not_picked":["Guardian:Gem_Crimson","Guardian:Gem_Red","Guardian:PrismaticBarrier"],"picked":"Guardian:CrystalBeam","floor":14},{"not_picked":["Guardian:MultiBeam","Guardian:ArmoredProtocol","Guardian:RollAttack"],"picked":"Guardian:Gem_Cyan","floor":15}],"player_experience":187655,"relics_obtained":[{"floor":3,"key":"Boot"},{"floor":7,"key":"White Beast Statue"},{"floor":11,"key":"Question Card"},{"floor":14,"key":"PreservedInsect"}],"event_choices":[{"damage_healed":0,"gold_gain":0,"player_choice":"Ignored","damage_taken":0,"max_hp_gain":0,"max_hp_loss":0,"event_name":"NoteForYourself","floor":4,"gold_loss":0}],"is_beta":false,"boss_relics":[],"items_purged_floors":[],"is_endless":false,"potions_floor_spawned":[8,10,12,13,14,15],"killed_by":"IC_STATUS_ARCHETYPE","ascension_level":0}}