{"host":"n5x0e04y88v3omrc","time":1613215998,"event":{"mods":["Aspiration","BaseMod","Colored Powertips","Downfall","Minty Spire (QoL Compilation)","Replay The Spire","Shop Mod","StSLib"],"gold_per_floor":[115,135,135,150,162,175,185,185,212,226,301,301,110,120,120,218,218,230,53,53,72,72,72,82,82,82],"floor_reached":25,"language":"ZHS","playtime":2044,"items_purged":["Defend_G"],"score":197,"play_id":"35e2db5c-ba26-40a6-892c-36f698fc85f9","local_time":"20210213193318","is_ascension_mode":false,"campfire_choices":[{"data":"Doppelganger","floor":8,"key":"SMITH"},{"data":"Slimebound:Prepare","floor":12,"key":"SMITH"},{"data":"Deadly Poison","floor":15,"key":"SMITH"},{"data":"Poisoned Stab","floor":23,"key":"SMITH"}],"circlet_count":0,"master_deck":["Strike_G+1","Strike_G","Strike_G","Strike_G","Strike_G+1","Defend_G","Defend_G","Defend_G","Survivor","Neutralize","Slimebound:Prepare+1","Flying Knee","Footwork","Doppelganger+1","Deadly Poison+1","Poisoned Stab","Well Laid Plans","Venomology","Noxious Fumes","Deflect","Deadly Poison","Tools of the Trade","Caltrops+1","Poisoned Stab+1","Poisoned Stab","Infinite Blades","Slice","Flechettes"],"relics":["Ring of the Snake","aspiration:Nostalgia","m_SlimeRing","Orichalcum","Sozu","Simple Rune","Nilry\u0027s Codex"],"acts_visited":["Exordium","TheCity"],"potions_floor_usage":[18,25,25],"damage_taken":[{"damage":0,"enemies":"Cultist","floor":1,"turns":3},{"damage":0,"enemies":"2 Louse","floor":2,"turns":3},{"damage":1,"enemies":"Jaw Worm","floor":4,"turns":4},{"damage":0,"enemies":"Red Slaver","floor":5,"turns":5},{"damage":2,"enemies":"Looter","floor":6,"turns":3},{"damage":11,"enemies":"3 Louse","floor":7,"turns":3},{"damage":5,"enemies":"2 Fungi Beasts","floor":10,"turns":3},{"damage":0,"enemies":"Blue Slaver","floor":14,"turns":4},{"damage":20,"enemies":"Slime Boss","floor":16,"turns":9},{"damage":11,"enemies":"3 Byrds","floor":18,"turns":6},{"damage":14,"enemies":"Spheric Guardian","floor":21,"turns":4},{"damage":14,"enemies":"3 Cultists","floor":24,"turns":5},{"damage":18,"enemies":"Snake Plant","floor":25,"turns":2}],"seed_played":"-3835900562220982545","potions_obtained":[{"floor":2,"key":"GamblersBrew"},{"floor":7,"key":"champ:CounterPotion"}],"is_trial":false,"path_per_floor":["M","M","?","M","M","M","M","R","T","M","?","R","$","M","R","B",null,"M","$","?","M","?","R","M","M"],"character_chosen":"THE_SILENT","items_purchased":["Noxious Fumes","Deflect","Poisoned Stab","Simple Rune"],"campfire_rested":0,"item_purchase_floors":[13,13,19,19],"current_hp_per_floor":[70,70,70,69,69,67,56,56,56,51,40,40,40,40,40,20,70,59,59,59,45,29,29,15,0,0],"gold":82,"neow_bonus":"NOSTALGIA","is_daily":false,"chose_seed":false,"campfire_upgraded":4,"win_rate":0.0,"timestamp":1613215998,"path_taken":["M","M","?","M","?","M","M","R","T","?","?","R","?","M","R","BOSS","M","$","?","M","?","R","M","M"],"items_purchased_type":["Card","Card","Card","Relic"],"build_version":"2020-12-22","purchased_purges":1,"victory":false,"max_hp_per_floor":[70,70,70,70,70,70,70,70,70,70,70,70,70,70,70,70,70,70,70,70,70,70,70,70,70,70],"card_choices":[{"not_picked":["Cloak And Dagger","Backflip"],"picked":"Slimebound:Prepare","floor":1},{"not_picked":["Sucker Punch","Prepared"],"picked":"Flying Knee","floor":2},{"not_picked":["Acrobatics","ReplayTheSpireMod:The Works"],"picked":"Doppelganger","floor":4},{"not_picked":["Slimebound:SlimeSpikes","Cloak And Dagger"],"picked":"Deadly Poison","floor":5},{"not_picked":["Backflip","Slimebound:Prepare"],"picked":"Poisoned Stab","floor":6},{"not_picked":["Acrobatics","Slimebound:Prepare"],"picked":"Well Laid Plans","floor":7},{"not_picked":["Footwork","Slimebound:Prepare"],"picked":"Venomology","floor":10},{"not_picked":["Footwork","Sucker Punch"],"picked":"Deadly Poison","floor":14},{"not_picked":["ReplayTheSpireMod:From All Sides","aspiration:Lunge"],"picked":"Tools of the Trade","floor":16},{"not_picked":["Sucker Punch+1","Prepared"],"picked":"Caltrops+1","floor":18},{"not_picked":["Deadly Poison","Finisher"],"picked":"Slice","floor":21},{"not_picked":["Acrobatics","Hidden Blade+1"],"picked":"Flechettes","floor":24}],"player_experience":15059,"relics_obtained":[{"floor":9,"key":"Orichalcum"},{"floor":22,"key":"Nilry\u0027s Codex"}],"event_choices":[{"damage_healed":0,"gold_gain":0,"cards_transformed":["Defend_G"],"player_choice":"Transformed","damage_taken":0,"max_hp_gain":0,"max_hp_loss":0,"event_name":"Transmorgrifier","floor":3,"gold_loss":0,"cards_obtained":["Footwork"]},{"damage_healed":0,"gold_gain":75,"player_choice":"Gather Gold","damage_taken":11,"max_hp_gain":0,"max_hp_loss":0,"event_name":"World of Goop","floor":11,"gold_loss":0},{"damage_healed":0,"gold_gain":0,"player_choice":"Read","damage_taken":0,"max_hp_gain":0,"max_hp_loss":0,"event_name":"The Library","floor":20,"gold_loss":0,"cards_obtained":["Infinite Blades"]},{"damage_healed":0,"gold_gain":0,"player_choice":"Obtained Book","damage_taken":16,"max_hp_gain":0,"max_hp_loss":0,"event_name":"Cursed Tome","floor":22,"gold_loss":0}],"is_beta":false,"boss_relics":[{"not_picked":["ChewingGum","Runic Pyramid"],"picked":"Sozu"}],"items_purged_floors":[13],"is_endless":false,"potions_floor_spawned":[2,7,16,18],"killed_by":"Snake Plant","ascension_level":0}}