{"host":"37ccm3d17clopct7","time":1613209196,"event":{"mods":["BaseMod","GungeonMod","Hermit","Lobotomy","Minty Spire (QoL Compilation)","StSLib","The Bug Knight","The Cursed","The Hierophant","The Jungle","The Runesmith"],"gold_per_floor":[111,130,130,141,151,178,189,189,189,222,48,75,87,109,121,237,249,272,284,296,308,320,332,344,389,401,428,440,440],"floor_reached":28,"language":"KOR","playtime":1506,"items_purged":[],"score":316,"play_id":"22e646dd-9da0-44b8-b5a9-1c5c0fce2a70","local_time":"20210213183956","is_ascension_mode":true,"campfire_choices":[{"floor":8,"key":"RECALL"},{"floor":15,"key":"REST"},{"floor":24,"key":"DIG"}],"circlet_count":0,"master_deck":["TheCursedMod:Strike_TheCursed","TheCursedMod:Strike_TheCursed","TheCursedMod:Strike_TheCursed","TheCursedMod:Strike_TheCursed","TheCursedMod:Defend_TheCursed","TheCursedMod:Defend_TheCursed","TheCursedMod:Defend_TheCursed","TheCursedMod:CursedWand","TheCursedMod:CleanUpWorkshop","TheCursedMod:Dregs","TheCursedMod:Obscuration","TheCursedMod:NeowsMight","TheCursedMod:Grudge","TheCursedMod:AbyssShockwave","TheCursedMod:CursedArmor","TheCursedMod:CircleOfCorruption","TheCursedMod:TroublousMinions","TheCursedMod:LuckyCharm","TheCursedMod:DemonSword","TheCursedMod:SpitefulPray","TheCursedMod:WearCloak","TheCursedMod:NeowsMight","TheCursedMod:WearCloak","Writhe","TheCursedMod:SurpriseAttack+1","TheCursedMod:RapidMovement"],"relics":["TheCursedMod:BlackMagic101","DemoMod:MonsterBlood","Anchor","Unceasing Top","Question Card","MawBank","Shovel","MealTicket","Blood Vial","Bottled Flame"],"acts_visited":["Exordium","theJungle:Jungle"],"potions_floor_usage":[6,23,25,28],"damage_taken":[{"damage":0,"enemies":"Cultist","floor":1,"turns":4},{"damage":6,"enemies":"Jaw Worm","floor":2,"turns":4},{"damage":0,"enemies":"2 Louse","floor":4,"turns":2},{"damage":6,"enemies":"Blue Slaver","floor":5,"turns":5},{"damage":15,"enemies":"Gremlin Nob","floor":6,"turns":4},{"damage":0,"enemies":"3 Louse","floor":7,"turns":2},{"damage":1,"enemies":"3 Sentries","floor":10,"turns":4},{"damage":23,"enemies":"Gremlin Nob","floor":12,"turns":6},{"damage":0,"enemies":"Looter","floor":14,"turns":2},{"damage":38,"enemies":"Slime Boss","floor":16,"turns":15},{"damage":6,"enemies":"theJungle:GiantWrat","floor":18,"turns":8},{"damage":0,"enemies":"theJungle:MamaSnecko","floor":23,"turns":2},{"damage":20,"enemies":"theJungle:2_Phrogs","floor":25,"turns":11},{"damage":0,"enemies":"Shell Parasite","floor":27,"turns":6},{"damage":38,"enemies":"theJungle:MamaSnecko","floor":28,"turns":5}],"seed_played":"44128809418183848","potions_obtained":[{"floor":1,"key":"Block Potion"},{"floor":2,"key":"SmokeBomb"},{"floor":7,"key":"TheCursedMod:DregsPotion"},{"floor":12,"key":"Weak Potion"},{"floor":18,"key":"ColorlessPotion"},{"floor":25,"key":"Strength Potion"},{"floor":27,"key":"BlessingOfTheForge"}],"is_trial":false,"path_per_floor":["M","M","?","M","M","E","M","R","T","E","$","E","?","M","R","B",null,"M","?","?","$","?","E","R","E","T","M","E"],"character_chosen":"THE_CURSED","items_purchased":["TheCursedMod:LuckyCharm","TheCursedMod:DemonSword"],"campfire_rested":1,"item_purchase_floors":[11,11],"current_hp_per_floor":[82,76,76,76,70,55,55,55,55,54,54,31,31,31,55,17,82,76,66,66,66,49,49,49,29,29,31,0,0],"gold":440,"neow_bonus":"RANDOM_COMMON_RELIC","is_daily":false,"chose_seed":false,"campfire_upgraded":0,"win_rate":0.0,"timestamp":1613209196,"path_taken":["M","?","?","M","?","E","M","R","T","E","?","E","?","?","R","BOSS","M","?","?","$","?","E","R","E","T","M","E"],"items_purchased_type":["Card","Card"],"build_version":"2020-12-22","purchased_purges":0,"victory":false,"max_hp_per_floor":[82,82,82,82,82,82,82,82,82,82,82,82,82,82,82,82,82,82,82,82,82,82,82,82,82,82,82,82,82],"card_choices":[{"not_picked":["TheCursedMod:FuryStrike","TheCursedMod:RavingStaff"],"picked":"TheCursedMod:Obscuration","floor":1},{"not_picked":["TheCursedMod:Torture","TheCursedMod:SurpriseAttack"],"picked":"TheCursedMod:NeowsMight","floor":2},{"not_picked":["TheCursedMod:RavingStaff","TheCursedMod:Torture"],"picked":"TheCursedMod:Grudge","floor":4},{"not_picked":["TheCursedMod:SmokeScreen","TheCursedMod:BlessingInDisguise"],"picked":"TheCursedMod:AbyssShockwave","floor":5},{"not_picked":["TheCursedMod:PrepareRite","TheCursedMod:VitalStrike"],"picked":"TheCursedMod:CursedArmor","floor":6},{"not_picked":["TheCursedMod:EmpowerCircles","TheCursedMod:VitalStrike"],"picked":"TheCursedMod:CircleOfCorruption","floor":7},{"not_picked":["TheCursedMod:CursedArmor","TheCursedMod:WearCloak"],"picked":"TheCursedMod:TroublousMinions","floor":10},{"not_picked":["TheCursedMod:ManaCirculation","TheCursedMod:CircleOfFlame","TheCursedMod:AshesToAshes"],"picked":"TheCursedMod:SpitefulPray","floor":12},{"not_picked":["TheCursedMod:SoulReap","TheCursedMod:CircleOfCorruption","TheCursedMod:DoubleShield"],"picked":"TheCursedMod:WearCloak","floor":14},{"not_picked":["TheCursedMod:ParallelWorld","TheCursedMod:OutForBlood","TheCursedMod:ManaCirculation"],"picked":"TheCursedMod:NeowsMight","floor":16},{"not_picked":["TheCursedMod:CursedArmor","TheCursedMod:Obscuration","TheCursedMod:CircleOfCorruption"],"picked":"TheCursedMod:WearCloak","floor":18},{"not_picked":["TheCursedMod:Obscuration","TheCursedMod:ShockAndAwe","TheCursedMod:CircleOfAmplification"],"picked":"TheCursedMod:SurpriseAttack+1","floor":25},{"not_picked":["TheCursedMod:WearCloak","TheCursedMod:SpitefulPray","TheCursedMod:CursedAmulet"],"picked":"TheCursedMod:RapidMovement","floor":27}],"player_experience":201463,"relics_obtained":[{"floor":3,"key":"Anchor"},{"floor":6,"key":"Unceasing Top"},{"floor":10,"key":"Question Card"},{"floor":12,"key":"MawBank"},{"floor":24,"key":"MealTicket"},{"floor":25,"key":"Blood Vial"},{"floor":26,"key":"Bottled Flame"}],"event_choices":[{"damage_healed":0,"gold_gain":0,"player_choice":"Relic","damage_taken":0,"max_hp_gain":0,"max_hp_loss":0,"event_name":"Wheel of Change","floor":3,"gold_loss":0},{"damage_healed":0,"gold_gain":0,"player_choice":"Ignored","damage_taken":0,"max_hp_gain":0,"max_hp_loss":0,"event_name":"NoteForYourself","floor":13,"gold_loss":0}],"is_beta":false,"boss_relics":[{"not_picked":["Runic Dome","Coffee Dripper","Velvet Choker"]}],"items_purged_floors":[],"is_endless":false,"potions_floor_spawned":[1,2,7,12,18,25,27],"killed_by":"theJungle:MamaSnecko","ascension_level":1}}