{"host":"l7l2v2zs4hqku4vk","time":1613210746,"event":{"mods":["Act Like it!","BaseMod","Colored Powertips","Highlight Path","Minty Spire (QoL Compilation)","Replay The Spire","RumiaBox-露米娅的神秘盒子","StSLib","TestMod","The Servant 0.9.4","篝火指南"],"gold_per_floor":[118,118,134,154,54,54,89,89,89,102,102,118,118,118,118,193,193,208,226,238,249,260,288,288,288,288],"floor_reached":25,"language":"ZHS","playtime":949,"items_purged":["Strike_G"],"score":450,"play_id":"0e14aa18-3cfa-46fe-b569-9fcfc9a6c0ee","local_time":"20210213180546","is_ascension_mode":true,"campfire_choices":[{"data":"Blade Dance","floor":6,"key":"SMITH"},{"data":"Acrobatics","floor":13,"key":"SMITH"},{"data":"Eviscerate","floor":15,"key":"SMITH"},{"data":"ReplayTheSpireMod:Scrap Shanks","floor":24,"key":"SMITH"}],"circlet_count":0,"master_deck":["AscendersBane","Strike_G","Strike_G","Defend_G","Defend_G","Defend_G","Defend_G","Defend_G","Survivor","Neutralize","Footwork+1","Eviscerate+1","Blade Dance+1","Acrobatics+1","Adrenaline","AbeCurse","ReplayTheSpireMod:Scrap Shanks+1","Accuracy","Accuracy"],"relics":["Ring of the Snake","testmod-TestBox","testmod-RealStoneCalender","NeowsBlessing","Calipers","testmod-Hope","Abe\u0027s Treasure","Tiny Chest"],"acts_visited":["Exordium","TheCity"],"potions_floor_usage":[7,23,25],"damage_taken":[{"damage":0,"enemies":"2 Louse","floor":1,"turns":1},{"damage":0,"enemies":"Jaw Worm","floor":3,"turns":1},{"damage":0,"enemies":"Cultist","floor":4,"turns":1},{"damage":19,"enemies":"Gremlin Nob","floor":7,"turns":4},{"damage":3,"enemies":"Looter","floor":10,"turns":3},{"damage":0,"enemies":"2 Fungi Beasts","floor":12,"turns":4},{"damage":18,"enemies":"Hexaghost","floor":16,"turns":7},{"damage":14,"enemies":"Shell Parasite","floor":18,"turns":3},{"damage":8,"enemies":"Spheric Guardian","floor":19,"turns":4},{"damage":15,"enemies":"Snake Plant","floor":20,"turns":4},{"damage":9,"enemies":"Centurion and Healer","floor":21,"turns":4},{"damage":12,"enemies":"Snecko","floor":22,"turns":5},{"damage":14,"enemies":"Gremlin Leader","floor":23,"turns":5},{"damage":13,"enemies":"Shelled Parasite and Fungi","floor":25,"turns":2}],"seed_played":"5109541883907942665","potions_obtained":[{"floor":1,"key":"Energy Potion"},{"floor":3,"key":"testmod-TestPotion"},{"floor":20,"key":"Poison Potion"},{"floor":22,"key":"Strength Potion"}],"is_trial":false,"path_per_floor":["M","?","M","M","$","R","E","?","T","M","?","M","R","?","R","B",null,"M","M","M","M","M","E","R","M"],"character_chosen":"THE_SILENT","items_purchased":["Blade Dance"],"campfire_rested":0,"item_purchase_floors":[5],"current_hp_per_floor":[59,59,59,59,59,59,56,56,56,53,58,58,58,58,58,40,63,71,63,48,39,27,13,13,0,0],"gold":288,"neow_bonus":"THREE_ENEMY_KILL","is_daily":false,"chose_seed":false,"campfire_upgraded":4,"win_rate":0.0,"timestamp":1613210746,"path_taken":["M","?","M","M","$","R","E","?","T","?","?","M","R","?","R","BOSS","M","M","M","M","M","E","R","M"],"items_purchased_type":["Card"],"build_version":"2020-12-22","purchased_purges":1,"victory":false,"max_hp_per_floor":[66,66,66,66,66,66,66,66,66,66,71,71,71,71,71,71,71,71,71,71,71,71,71,71,71,71],"card_choices":[{"not_picked":["All Out Attack","Replay:Poison Smokescreen"],"picked":"Footwork","floor":1},{"not_picked":["Dodge and Roll","Dagger Throw"],"picked":"Eviscerate","floor":3},{"not_picked":["Deadly Poison","Deflect","Poisoned Stab"],"picked":"SKIP","floor":4},{"not_picked":["PiercingWail","Catalyst","Noxious Fumes"],"picked":"SKIP","floor":7},{"not_picked":["Skewer","Predator","Bane"],"picked":"SKIP","floor":10},{"not_picked":["Slice","Choke"],"picked":"Acrobatics","floor":12},{"not_picked":["Bullet Time","Atom Bomb"],"picked":"Adrenaline","floor":16},{"not_picked":["Quick Slash","Slice","Cloak And Dagger"],"picked":"SKIP","floor":18},{"not_picked":["Masterful Stab+1","Outmaneuver"],"picked":"ReplayTheSpireMod:Scrap Shanks","floor":19},{"not_picked":["Predator","Backflip","Riddle With Holes"],"picked":"SKIP","floor":20},{"not_picked":["Dagger Spray","Bane","Deadly Poison"],"picked":"SKIP","floor":21},{"not_picked":["Skewer+1","Hidden Blade"],"picked":"Accuracy","floor":22},{"not_picked":["Bouncing Flask","Blade Dance"],"picked":"Accuracy","floor":23}],"player_experience":1757751,"relics_obtained":[{"floor":7,"key":"Calipers"},{"floor":9,"key":"testmod-Hope"},{"floor":23,"key":"Tiny Chest"}],"event_choices":[{"damage_healed":0,"gold_gain":0,"player_choice":"Grow","damage_taken":0,"max_hp_gain":0,"max_hp_loss":0,"event_name":"Living Wall","floor":2,"gold_loss":0,"cards_upgraded":["Footwork"]},{"cards_removed":["Strike_G"],"damage_healed":0,"gold_gain":0,"player_choice":"Offered Basic","damage_taken":0,"max_hp_gain":0,"max_hp_loss":0,"event_name":"Bonfire Elementals","floor":8,"gold_loss":0},{"damage_healed":0,"gold_gain":0,"player_choice":"Donut","damage_taken":0,"max_hp_gain":5,"max_hp_loss":0,"event_name":"Big Fish","floor":11,"gold_loss":0},{"cards_removed":["Strike_G"],"damage_healed":0,"gold_gain":0,"player_choice":"Purged","damage_taken":0,"max_hp_gain":0,"max_hp_loss":0,"event_name":"Purifier","floor":14,"gold_loss":0}],"is_beta":false,"boss_relics":[{"not_picked":["Ectoplasm","testmod-EnergyCheck"],"picked":"Abe\u0027s Treasure"}],"items_purged_floors":[5],"is_endless":false,"potions_floor_spawned":[1,3,20,22],"killed_by":"Shelled Parasite and Fungi","ascension_level":20}}