{"host":"onfdonezo2qmaex3","time":1613218410,"event":{"mods":["2.2 Compatiblity","AchievementEnabler","Act Like it!","Aspiration","BaseMod","Colored Powertips","Downfall","Friendly Minions","Gensokyo","Hallownest","Hermit","Highlight Path","Jorbs\u0027s Wanderer Trilogy","Marisa????????","Marked Mod","Minty Spire (QoL Compilation)","Quick Restart","Reliquary","Shop Mod","StSLib","The Disciple","The Hayseed","The Marked","The Runesmith"],"gold_per_floor":[112,112,112,12,12,12,38,38,117,132,132,41,57,70,70,370,370,386,386,386,386,386],"floor_reached":21,"language":"ENG","playtime":1038,"items_purged":[],"score":219,"play_id":"07bd0569-7c2a-49cf-8547-aeb91bd803fb","local_time":"20210213131330","is_ascension_mode":true,"campfire_choices":[{"floor":6,"key":"RECALL"},{"data":"Blade Dance","floor":8,"key":"SMITH"},{"data":"Cloak And Dagger","floor":15,"key":"SMITH"}],"circlet_count":0,"master_deck":["Strike_G","Strike_G","Strike_G","Strike_G","Strike_G","Defend_G","Defend_G","Defend_G","Defend_G","Defend_G","Neutralize","Blade Dance+1","Cloak And Dagger+1","Gensokyo:SummonPsychicCat"],"relics":["Ring of the Snake","NeowsBlessing","Gensokyo:Justice","reliquary:Sideboard","Potion Belt","Shuriken","Runesmith:UraniumAnvil","Gensokyo:Companionship"],"acts_visited":["Gensokyo:Gensokyo","TheCity"],"potions_floor_usage":[],"damage_taken":[{"damage":0,"enemies":"Gensokyo:2_Kodama","floor":1,"turns":1},{"damage":0,"enemies":"Gensokyo:Mamizou","floor":7,"turns":2},{"damage":0,"enemies":"Gensokyo:Python","floor":10,"turns":1},{"damage":9,"enemies":"Gensokyo:3_Fairies","floor":13,"turns":4},{"damage":2,"enemies":"Gensokyo:Python_and_Kodama","floor":14,"turns":3},{"damage":54,"enemies":"Gensokyo:Reimu","floor":16,"turns":9},{"damage":19,"enemies":"Chosen","floor":18,"turns":5},{"damage":2,"enemies":"Shell Parasite","floor":21,"turns":5}],"seed_played":"9202358961481827910","potions_obtained":[{"floor":16,"key":"Guardian:BlockOnCardUsePotion"}],"is_trial":false,"path_per_floor":["M","?","T","?","$","R","E","R","T","M","$","COS","M","M","R","B",null,"M","?","?","M"],"character_chosen":"THE_SILENT","items_purchased":[],"campfire_rested":0,"item_purchase_floors":[],"current_hp_per_floor":[70,70,70,70,70,70,70,70,70,70,70,70,61,59,59,5,70,51,35,35,33,33],"gold":386,"neow_bonus":"THREE_ENEMY_KILL","is_daily":false,"chose_seed":false,"campfire_upgraded":2,"win_rate":0.0,"timestamp":1613218410,"path_taken":["M","?","?","?","$","R","E","R","T","M","?","COS","?","M","R","BOSS","M","?","?","M"],"items_purchased_type":[],"build_version":"2020-12-22","purchased_purges":0,"victory":false,"max_hp_per_floor":[70,70,70,70,70,70,70,70,70,70,70,70,70,70,70,70,70,70,70,70,70,70],"card_choices":[{"not_picked":["Bane","Prepared","Outmaneuver"],"picked":"SKIP","floor":1},{"not_picked":["Flying Knee","Eviscerate"],"picked":"Blade Dance","floor":7},{"not_picked":["Tactician","Acrobatics","Calculated Gamble"],"picked":"SKIP","floor":10},{"not_picked":["Envenom","Bouncing Flask"],"picked":"Cloak And Dagger","floor":13},{"not_picked":["Dodge and Roll","Distraction"],"picked":"Backstab","floor":14},{"not_picked":["Unload","aspiration:Lunge"],"picked":"Wraith Form v2","floor":16},{"not_picked":["Underhanded Strike","Dagger Throw"],"picked":"Flying Knee","floor":18}],"player_experience":167743,"relics_obtained":[{"floor":7,"key":"Potion Belt"},{"floor":9,"key":"Shuriken"}],"event_choices":[{"damage_healed":0,"gold_gain":0,"player_choice":"Obtained Book","damage_taken":16,"max_hp_gain":0,"max_hp_loss":0,"event_name":"Cursed Tome","floor":19,"gold_loss":0},{"damage_healed":0,"gold_gain":0,"player_choice":"Ignored","damage_taken":0,"max_hp_gain":0,"max_hp_loss":0,"event_name":"Ghosts","floor":20,"gold_loss":0}],"is_beta":false,"boss_relics":[{"not_picked":["aspiration:WatcherSkillbook","SlaversCollar"],"picked":"Runesmith:UraniumAnvil"}],"items_purged_floors":[],"is_endless":false,"potions_floor_spawned":[16],"killed_by":"Shell Parasite","ascension_level":2}}