{"host":"vumwfieg2b2mnrfl","time":1613183600,"event":{"mods":["AchievementEnabler","BaseMod","Minty Spire (QoL Compilation)","Rare Cards Sparkle","Relic Stats"],"gold_per_floor":[363,85,95,95,119,119,160,160,184,184,220,220,243,276,276,374,374,387,148,148,148,164,190,207,132,132,132,78,108,127,161,161,236,236,253,202,221,221,221,255,255,302,374,406,30,30,49,75,75,75,75,75,75,23,49,49,49],"floor_reached":56,"language":"ENG","playtime":2687,"items_purged":["Clumsy","Finisher"],"score":2089,"play_id":"51eff5a9-a074-4101-bcb9-fda31b906ee5","local_time":"20210212203320","is_ascension_mode":true,"campfire_choices":[{"data":"Catalyst","floor":6.0,"key":"SMITH"},{"floor":8.0,"key":"REST"},{"data":"Footwork","floor":15.0,"key":"SMITH"},{"floor":27,"key":"REST"},{"data":"Envenom","floor":32,"key":"SMITH"},{"floor":41,"key":"REST"},{"floor":46,"key":"RECALL"},{"data":"Well Laid Plans","floor":49,"key":"SMITH"},{"data":"Caltrops","floor":53,"key":"SMITH"}],"circlet_count":0,"master_deck":["AscendersBane","Survivor","Neutralize","Catalyst+1","Leg Sweep+1","Crippling Poison+1","Cloak And Dagger+1","Corpse Explosion+1","A Thousand Cuts","Blade Dance+1","Footwork+1","Envenom+1","Caltrops+1","Bouncing Flask+1","Deflect+1","Accuracy","Cloak And Dagger+1","PiercingWail+1","Prepared+1","Catalyst+1","Malaise+1","Flechettes","Adrenaline+1","Dodge and Roll+1","Backflip+1","Prepared+1","Well Laid Plans+1","Predator","Deflect+1","Leg Sweep+1","Madness+1","Madness+1","Escape Plan+1","Calculated Gamble+1","Noxious Fumes","Dodge and Roll+1","Blur+1"],"relics":["Ring of the Snake","Toxic Egg 2","Bloody Idol","Regal Pillow","Boot","Anchor","Peace Pipe","Philosopher\u0027s Stone","Lee\u0027s Waffle","Letter Opener","Darkstone Periapt","Kunai","Matryoshka","Pandora\u0027s Box","Vajra","Mango","Bag of Marbles","Shovel","Pantograph","Singing Bowl","InkBottle"],"acts_visited":["Exordium","TheCity","TheBeyond","TheEnding"],"potions_floor_usage":[16,16,29,51,55,56],"damage_taken":[{"damage":11.0,"enemies":"2 Louse","floor":1.0,"turns":4.0},{"damage":4.0,"enemies":"Small Slimes","floor":3.0,"turns":5.0},{"damage":2.0,"enemies":"Jaw Worm","floor":5.0,"turns":7.0},{"damage":33.0,"enemies":"Gremlin Nob","floor":7.0,"turns":4.0},{"damage":9.0,"enemies":"Lagavulin","floor":11.0,"turns":8.0},{"damage":0.0,"enemies":"3 Louse","floor":13.0,"turns":2.0},{"damage":13.0,"enemies":"3 Sentries","floor":14.0,"turns":3.0},{"damage":4,"enemies":"Hexaghost","floor":16,"turns":9},{"damage":23,"enemies":"3 Byrds","floor":18,"turns":3},{"damage":0,"enemies":"Chosen","floor":22,"turns":3},{"damage":10,"enemies":"Slavers","floor":23,"turns":4},{"damage":33,"enemies":"Sentry and Sphere","floor":24,"turns":6},{"damage":16,"enemies":"Gremlin Leader","floor":29,"turns":5},{"damage":8,"enemies":"Cultist and Chosen","floor":30,"turns":6},{"damage":12,"enemies":"Book of Stabbing","floor":31,"turns":5},{"damage":27,"enemies":"Automaton","floor":33,"turns":10},{"damage":12,"enemies":"3 Darklings","floor":35,"turns":4},{"damage":0,"enemies":"3 Shapes","floor":37,"turns":4},{"damage":14,"enemies":"Giant Head","floor":40,"turns":8},{"damage":16,"enemies":"2 Orb Walkers","floor":42,"turns":3},{"damage":33,"enemies":"Reptomancer","floor":44,"turns":7},{"damage":0,"enemies":"Jaw Worm Horde","floor":47,"turns":4},{"damage":16,"enemies":"Nemesis","floor":48,"turns":5},{"damage":36,"enemies":"Awakened One","floor":50,"turns":16},{"damage":51,"enemies":"Time Eater","floor":51,"turns":10},{"damage":63,"enemies":"Shield and Spear","floor":55,"turns":7},{"damage":66,"enemies":"The Heart","floor":56,"turns":2}],"seed_played":"-5177267008849936811","potions_obtained":[{"floor":1.0,"key":"Dexterity Potion"},{"floor":7.0,"key":"Dexterity Potion"},{"floor":14.0,"key":"CultistPotion"},{"floor":22,"key":"Dexterity Potion"},{"floor":24,"key":"PowerPotion"},{"floor":30,"key":"Dexterity Potion"},{"floor":55,"key":"DistilledChaos"}],"is_trial":false,"path_per_floor":["M","$","M","?","M","R","E","R","T","?","E","?","M","E","R","B",null,"M","$","?","?","M","E","M","?","T","R","$","E","M","E","R","B",null,"M","$","M","?","?","E","R","?","T","E","$","R","M","E","R","B","B",null,"R","$","E","B"],"character_chosen":"THE_SILENT","items_purchased":["Toxic Egg 2","Lee\u0027s Waffle","Cloak And Dagger+1","Deflect+1","Pantograph","Dodge and Roll+1"],"campfire_rested":3,"item_purchase_floors":[2,19,28,36,45,54],"current_hp_per_floor":[48,48,44,44,42,42,9,43,43,36,27,27,27,14,14,10,52,29,73,73,73,73,68,40,40,40,73,73,62,59,52,52,30,62,55,55,60,60,47,38,73,76,81,53,53,53,58,49,49,38,12,70,70,70,12,0,0],"gold":49,"neow_bonus":"TWO_FIFTY_GOLD","is_daily":false,"chose_seed":false,"campfire_upgraded":5,"win_rate":0.0,"timestamp":1613183600,"path_taken":["M","$","M","?","M","R","E","R","T","?","E","?","M","E","R","BOSS","M","$","?","?","M","E","M","?","T","R","$","E","M","E","R","BOSS","M","$","M","?","?","E","R","?","T","E","$","R","?","E","R","BOSS","BOSS","R","$","E","BOSS"],"items_purchased_type":["Relic","Relic","Card","Card","Relic","Card"],"build_version":"2020-12-22","purchased_purges":2,"victory":false,"max_hp_per_floor":[66,66,66,66,66,66,66,66,66,66,66,66,66,66,66,66,66,66,73,73,73,73,73,73,73,73,73,73,73,73,73,73,73,73,73,73,73,73,73,73,73,87,87,87,87,87,87,89,89,89,89,89,89,89,89,89,89],"relic_stats":{"Darkstone Periapt":0,"Regal Pillow":41,"Lee\u0027s Waffle":44,"Singing Bowl":2,"counters":[27,154],"Letter Opener":[414],"Boot":[176],"Peace Pipe":0,"Shovel":0,"Bloody Idol":75,"Pantograph":75,"Pandora\u0027s Box":["Flechettes","Adrenaline","Dodge and Roll","Finisher","Glass Knife","Backflip","Prepared","Well Laid Plans"],"Kunai":[41],"obtain_stats":[{"Darkstone Periapt":26,"Regal Pillow":7,"Lee\u0027s Waffle":19,"Singing Bowl":48,"Golden Idol":4,"Vajra":40,"Mango":42,"Letter Opener":23,"Boot":9,"Peace Pipe":14,"Anchor":11,"Matryoshka":31,"Shovel":44,"Bloody Idol":21,"Pantograph":45,"Philosopher\u0027s Stone":17,"Pandora\u0027s Box":34,"Bag of Marbles":43,"Kunai":29,"Toxic Egg 2":2,"InkBottle":55,"Ring of the Snake":0},{"Darkstone Periapt":12,"Regal Pillow":4,"Lee\u0027s Waffle":9,"Singing Bowl":23,"Golden Idol":2,"Vajra":19,"Mango":20,"Letter Opener":11,"Boot":4,"Peace Pipe":7,"Anchor":5,"Matryoshka":15,"Shovel":21,"Bloody Idol":9,"Pantograph":21,"Philosopher\u0027s Stone":8,"Pandora\u0027s Box":16,"Bag of Marbles":20,"Kunai":13,"Toxic Egg 2":1,"InkBottle":26,"Ring of the Snake":0},{"Darkstone Periapt":58,"Regal Pillow":20,"Lee\u0027s Waffle":45,"Singing Bowl":119,"Golden Idol":9,"Vajra":100,"Mango":103,"Letter Opener":52,"Boot":20,"Peace Pipe":33,"Anchor":28,"Matryoshka":74,"Shovel":110,"Bloody Idol":45,"Pantograph":110,"Philosopher\u0027s Stone":42,"Pandora\u0027s Box":84,"Bag of Marbles":103,"Kunai":63,"Toxic Egg 2":4,"InkBottle":152,"Ring of the Snake":0}],"InkBottle":[1],"Ring of the Snake":[54]},"card_choices":[{"not_picked":["Reflex","Flying Knee"],"picked":"Catalyst","floor":1.0},{"not_picked":["Blade Dance+1","Poisoned Stab"],"picked":"Leg Sweep+1","floor":3.0},{"not_picked":["Flying Knee","Dagger Throw"],"picked":"Crippling Poison+1","floor":5.0},{"not_picked":["Flying Knee","Expertise+1"],"picked":"Cloak And Dagger+1","floor":7.0},{"not_picked":["Endless Agony","All Out Attack"],"picked":"Corpse Explosion+1","floor":11.0},{"not_picked":["Finisher","Reflex+1"],"picked":"Blade Dance+1","floor":13.0},{"not_picked":["Endless Agony","Deflect+1"],"picked":"Footwork","floor":14.0},{"not_picked":["Phantasmal Killer+1","After Image"],"picked":"Envenom","floor":16},{"not_picked":["Heel Hook","Tactician+1"],"picked":"Caltrops","floor":18},{"not_picked":["Masterful Stab","Slice"],"picked":"Bouncing Flask+1","floor":22},{"not_picked":["Dagger Spray","Deadly Poison+1"],"picked":"Deflect+1","floor":23},{"not_picked":["Unload","Caltrops"],"picked":"Accuracy","floor":24},{"not_picked":["Flying Knee","Bouncing Flask+1"],"picked":"PiercingWail+1","floor":29},{"not_picked":["Backstab","Flying Knee"],"picked":"Prepared+1","floor":30},{"not_picked":["Slice","Deflect+1"],"picked":"Catalyst+1","floor":31},{"not_picked":["Phantasmal Killer+1","Storm of Steel+1"],"picked":"Malaise+1","floor":33},{"not_picked":["Blade Dance+1","Sucker Punch"],"picked":"Predator","floor":35},{"not_picked":["Slice","Terror+1"],"picked":"Leg Sweep+1","floor":37},{"not_picked":["Outmaneuver+1","Cloak And Dagger+1"],"picked":"Escape Plan+1","floor":40},{"not_picked":["Quick Slash+1","Underhanded Strike"],"picked":"Calculated Gamble+1","floor":42},{"not_picked":["Poisoned Stab","Outmaneuver+1","Grand Finale"],"picked":"SKIP","floor":44},{"not_picked":["Dagger Throw","Finisher"],"picked":"Noxious Fumes","floor":47},{"not_picked":["Bane","Underhanded Strike","Deflect+1"],"picked":"Singing Bowl","floor":48},{"not_picked":["Calculated Gamble+1","Underhanded Strike"],"picked":"Blur+1","floor":55}],"player_experience":552759,"relics_obtained":[{"floor":7.0,"key":"Regal Pillow"},{"floor":9.0,"key":"Boot"},{"floor":11.0,"key":"Anchor"},{"floor":14.0,"key":"Peace Pipe"},{"floor":23,"key":"Letter Opener"},{"floor":26,"key":"Darkstone Periapt"},{"floor":29,"key":"Kunai"},{"floor":31,"key":"Matryoshka"},{"floor":40,"key":"Vajra"},{"floor":42,"key":"Mango"},{"floor":43,"key":"Bag of Marbles"},{"floor":44,"key":"Shovel"},{"floor":48,"key":"Singing Bowl"},{"floor":55,"key":"InkBottle"}],"event_choices":[{"damage_healed":0.0,"max_hp_gain":0.0,"max_hp_loss":0.0,"gold_gain":0.0,"event_name":"Golden Idol","player_choice":"Take Wound","floor":4.0,"gold_loss":0.0,"damage_taken":0.0,"relics_obtained":["Golden Idol"],"cards_obtained":["Injury"]},{"cards_removed":["Injury"],"damage_healed":0.0,"max_hp_gain":0.0,"max_hp_loss":0.0,"gold_gain":0.0,"event_name":"Golden Wing","player_choice":"Card Removal","floor":10.0,"gold_loss":0.0,"damage_taken":7.0},{"damage_healed":0.0,"max_hp_gain":0.0,"max_hp_loss":0.0,"gold_gain":0.0,"cards_transformed":["Strike_G"],"event_name":"Living Wall","player_choice":"Change","floor":12.0,"gold_loss":0.0,"damage_taken":0.0,"cards_obtained":["A Thousand Cuts"]},{"damage_healed":0,"gold_gain":0,"player_choice":"Ignored","damage_taken":0,"max_hp_gain":0,"max_hp_loss":0,"event_name":"The Mausoleum","floor":20,"gold_loss":0},{"damage_healed":0,"gold_gain":0,"player_choice":"Gave Idol","damage_taken":0,"relics_obtained":["Bloody Idol"],"max_hp_gain":0,"max_hp_loss":0,"event_name":"Forgotten Altar","floor":21,"relics_lost":["Golden Idol"],"gold_loss":0},{"cards_removed":["Defend_G"],"damage_healed":0,"gold_gain":0,"player_choice":"Gave Gold","damage_taken":0,"max_hp_gain":0,"max_hp_loss":0,"event_name":"Beggar","floor":25,"gold_loss":75},{"cards_removed":["Glass Knife"],"damage_healed":0,"gold_gain":0,"player_choice":"Removed Attack","damage_taken":0,"max_hp_gain":0,"max_hp_loss":0,"event_name":"Falling","floor":38,"gold_loss":0},{"damage_healed":0,"gold_gain":0,"player_choice":"Embrace Madness","damage_taken":13,"max_hp_gain":0,"max_hp_loss":0,"event_name":"Winding Halls","floor":39,"gold_loss":0,"cards_obtained":["Madness","Madness"]},{"damage_healed":0,"gold_gain":0,"player_choice":"Fight","damage_taken":0,"max_hp_gain":0,"max_hp_loss":0,"event_name":"Mysterious Sphere","floor":42,"gold_loss":0}],"is_beta":false,"boss_relics":[{"not_picked":["Snecko Eye","WristBlade"],"picked":"Philosopher\u0027s Stone"},{"not_picked":["Black Star","Empty Cage"],"picked":"Pandora\u0027s Box"}],"items_purged_floors":[19,45],"is_endless":false,"potions_floor_spawned":[1,7,11,13,14,22,24,30,40,42,44,48,55],"killed_by":"The Heart","ascension_level":20}}