{"host":"ootck85h63laxowj","time":1613229547,"event":{"mods":["Act Like it!","Aspiration","BaseMod","Conspire","Lobotomy","Minty Spire (QoL Compilation)","Prisma Mod","Small Relic Pack","StSLib"],"gold_per_floor":[117,131,131,146,165,165,200,210,210,310,310,330,345,365,365,365,365],"floor_reached":16,"language":"ZHS","playtime":896,"items_purged":[],"score":106,"play_id":"3253ed62-358d-4314-a023-c2510fa69281","local_time":"20210213231907","is_ascension_mode":false,"campfire_choices":[{"data":"PrismaMod:ChloeCarnivalDefend","floor":6,"key":"SMITH"},{"data":"PrismaMod:ChloeCommonAttack","floor":11,"key":"SMITH"},{"data":"PrismaMod:ChloeEyeOfTheEuryale","floor":15,"key":"SMITH"}],"circlet_count":0,"master_deck":["PrismaMod:ChloeCommonAttack","PrismaMod:ChloeCommonAttack","PrismaMod:ChloeCommonAttack","PrismaMod:ChloeCommonAttack","PrismaMod:ChloeCommonAttack+1","PrismaMod:ChloeCommonDefend","PrismaMod:ChloeCommonDefend","PrismaMod:ChloeCommonDefend","PrismaMod:ChloeCommonDefend","PrismaMod:ChloeCommonDefend","PrismaMod:ChloeCheapAttack+1","PrismaMod:ChloeCheapDefend","MeatLantern","Funeral","OSAHOGD","PrismaMod:ChloeCarnivalDefend+1","OldLady","Scorched","Wellcheers","Mercenary","Bloodbath","PrismaMod:ChloeEyeOfTheEuryale+1"],"relics":["PrismaMod:PrismaTraceOn","CogitoBucket","Unceasing Top","BackwardClock","Bottled Flame"],"acts_visited":["Exordium"],"potions_floor_usage":[7,12],"damage_taken":[{"damage":0,"enemies":"Cultist","floor":1,"turns":3},{"damage":0,"enemies":"Small Slimes","floor":2,"turns":4},{"damage":0,"enemies":"2 Louse","floor":4,"turns":4},{"damage":0,"enemies":"Exordium Wildlife","floor":5,"turns":4},{"damage":29,"enemies":"Gremlin Nob","floor":7,"turns":5},{"damage":0,"enemies":"Exordium Thugs","floor":8,"turns":2},{"damage":0,"enemies":"3 Louse","floor":12,"turns":2},{"damage":0,"enemies":"Gremlin Gang","floor":13,"turns":3},{"damage":0,"enemies":"Blue Slaver","floor":14,"turns":3},{"damage":76,"enemies":"Hexaghost","floor":16,"turns":14}],"seed_played":"989658918278667012","potions_obtained":[{"floor":4,"key":"Dexterity Potion"},{"floor":5,"key":"Explosive Potion"}],"is_trial":false,"path_per_floor":["M","M","?","M","M","R","E","M","T","?","R","M","M","M","R","B"],"character_chosen":"CHLOE","items_purchased":[],"campfire_rested":0,"item_purchase_floors":[],"current_hp_per_floor":[75,75,75,75,75,75,54,55,55,55,55,55,56,58,58,0,0],"gold":365,"neow_bonus":"","is_daily":false,"chose_seed":false,"campfire_upgraded":3,"win_rate":0.0,"timestamp":1613229547,"path_taken":["M","M","?","?","M","R","E","M","T","?","R","M","M","?","R","BOSS"],"items_purchased_type":[],"build_version":"2020-12-22","purchased_purges":0,"victory":false,"max_hp_per_floor":[75,75,75,75,75,75,75,75,75,75,75,75,75,75,75,75,75],"card_choices":[{"not_picked":["CrumblingArmor","FairyFestival","PunishingBird"],"picked":"Singing Bowl","floor":1},{"not_picked":["Murderer","BeautyBeast"],"picked":"MeatLantern","floor":1},{"not_picked":["PrismaMod:ChloeExhaustOne","PrismaMod:ChloeCheapAttackTwo","PrismaMod:ChloeCheapDefend"],"picked":"SKIP","floor":1},{"not_picked":["Porccubus","WhitesApple","MHz"],"picked":"Singing Bowl","floor":2},{"not_picked":["Freischutz","CherryBlossoms"],"picked":"Funeral","floor":2},{"not_picked":["PrismaMod:ChloeCheapAttackTwo","PrismaMod:ChloeCheapDefend","PrismaMod:ChloeCheapAttack"],"picked":"SKIP","floor":2},{"not_picked":["WallGazer","Murderer"],"picked":"OSAHOGD","floor":4},{"not_picked":["PrismaMod:ChloeCaladbolg","PrismaMod:ChloeExhaustOne"],"picked":"PrismaMod:ChloeCarnivalDefend","floor":4},{"not_picked":["MHz","WallGazer","Freischutz"],"picked":"Singing Bowl","floor":5},{"not_picked":["SpiderBud","Alriune"],"picked":"OldLady","floor":5},{"not_picked":["PrismaMod:ChloeCheapDefend","PrismaMod:ChloeDiscardRecovery","PrismaMod:ChloeExhaustOne"],"picked":"SKIP","floor":5},{"not_picked":["BlackSwan","FairyFestival","CrumblingArmor"],"picked":"Singing Bowl","floor":7},{"not_picked":["BeautyBeast","ShyLook"],"picked":"Scorched","floor":7},{"not_picked":["PrismaMod:ChloeCommonAOEAttack","PrismaMod:ChloeCheapDefend","PrismaMod:ChloeExhaustTwo"],"picked":"SKIP","floor":7},{"not_picked":["Murderer","SpiderBud","Laetitia"],"picked":"Singing Bowl","floor":8},{"not_picked":["WallGazer","Bloodbath"],"picked":"Wellcheers","floor":8},{"not_picked":["PrismaMod:ChloeCheapAttack","PrismaMod:ChloeCheapDefend","PrismaMod:ChloeRuleBreaker"],"picked":"SKIP","floor":8},{"not_picked":["VoidDream","SingingMachine"],"picked":"Mercenary","floor":12},{"not_picked":["PrismaMod:ChloeRuleBreaker","PrismaMod:ChloeRitsuka","PrismaMod:ChloeUncommonAOEAttack"],"picked":"SKIP","floor":12},{"not_picked":["CrumblingArmor","FairyFestival","BeautyBeast"],"picked":"Singing Bowl","floor":13},{"not_picked":["DreamingCurrent","CrumblingArmor"],"picked":"Bloodbath","floor":13},{"not_picked":["PrismaMod:ChloeExhaustTwo","PrismaMod:ChloeBetterTracePools"],"picked":"PrismaMod:ChloeEyeOfTheEuryale","floor":13},{"not_picked":["SingingMachine","HappyTeddy","BeautyBeast"],"picked":"Singing Bowl","floor":14},{"not_picked":["PrismaMod:ChloeCheapDefendTwo","PrismaMod:ChloeUncommonDefend","PrismaMod:ChloeExhaustOne"],"picked":"SKIP","floor":14}],"player_experience":163519,"relics_obtained":[{"floor":7,"key":"Unceasing Top"},{"floor":9,"key":"Bottled Flame"}],"event_choices":[{"damage_healed":0,"gold_gain":0,"player_choice":"Upgraded","damage_taken":0,"max_hp_gain":0,"max_hp_loss":0,"event_name":"Upgrade Shrine","floor":3,"gold_loss":0,"cards_upgraded":["PrismaMod:ChloeCheapAttack"]},{"damage_healed":0,"gold_gain":100,"player_choice":"Pray","damage_taken":0,"max_hp_gain":0,"max_hp_loss":0,"event_name":"Golden Shrine","floor":10,"gold_loss":0}],"is_beta":false,"boss_relics":[],"items_purged_floors":[],"is_endless":false,"potions_floor_spawned":[4,5],"killed_by":"Hexaghost","ascension_level":0}}