{"host":"5jdby9iqu3ct6557","time":1613189323,"event":{"mods":["BaseMod","DeckTracker","Highlight Path","Minty Spire (QoL Compilation)","Relic Stats","StSLib","ojb\u0027s Info Mod"],"gold_per_floor":[114,133,133,28,28,61,61,77,77,92,110,7,22,22,22,99,99,117,42,91,91,106,139,139,159,185,185,197,223,237,272,272,346,346,371,605,632,644,669,681,718,747,785,810,836,848,860,860],"floor_reached":47,"language":"ENG","playtime":10973,"items_purged":["Pain"],"score":1173,"play_id":"b4c664cf-ff6e-461b-8941-7d7586eca465","local_time":"20210212230843","is_ascension_mode":true,"campfire_choices":[{"floor":7,"key":"REST"},{"floor":15,"key":"REST"},{"floor":24,"key":"REST"},{"floor":27,"key":"REST"},{"floor":32,"key":"REST"},{"floor":40,"key":"RECALL"}],"circlet_count":0,"master_deck":["AscendersBane","Strike_B","Strike_B","Defend_B+1","Defend_B","Defend_B","Defend_B","Zap","Ball Lightning","Loop","Genetic Algorithm+1","Ball Lightning","All For One","Glacier","Streamline","Biased Cognition","All For One","Skim","Rainbow","Barrage","Core Surge","Reinforced Body","Core Surge","Defragment","The Bomb"],"relics":["Snecko Eye","WarpedTongs","Letter Opener","Darkstone Periapt","Fusion Hammer","Oddly Smooth Stone","War Paint","Omamori","Happy Flower","Red Mask","Calling Bell","MawBank","HornCleat","Thread and Needle","Strawberry"],"acts_visited":["Exordium","TheCity","TheBeyond"],"potions_floor_usage":[6,6,10,13,16,22,23,29,29,33,44,47],"damage_taken":[{"damage":15,"enemies":"Small Slimes","floor":1,"turns":5},{"damage":14,"enemies":"Jaw Worm","floor":2,"turns":4},{"damage":28,"enemies":"Lagavulin","floor":6,"turns":6},{"damage":3,"enemies":"Cultist","floor":8,"turns":2},{"damage":10,"enemies":"Exordium Thugs","floor":10,"turns":3},{"damage":2,"enemies":"Blue Slaver","floor":11,"turns":4},{"damage":0,"enemies":"Exordium Wildlife","floor":13,"turns":1},{"damage":7,"enemies":"Slime Boss","floor":16,"turns":8},{"damage":0,"enemies":"Chosen","floor":18,"turns":3},{"damage":5,"enemies":"3 Byrds","floor":22,"turns":6},{"damage":20,"enemies":"Slavers","floor":23,"turns":6},{"damage":0,"enemies":"Snecko","floor":25,"turns":4},{"damage":0,"enemies":"3 Cultists","floor":28,"turns":4},{"damage":9,"enemies":"Book of Stabbing","floor":29,"turns":4},{"damage":0,"enemies":"Sentry and Sphere","floor":30,"turns":4},{"damage":8,"enemies":"Masked Bandits","floor":31,"turns":5},{"damage":11,"enemies":"Champ","floor":33,"turns":13},{"damage":0,"enemies":"3 Shapes","floor":35,"turns":10},{"damage":0,"enemies":"Orb Walker","floor":37,"turns":3},{"damage":0,"enemies":"Transient","floor":39,"turns":6},{"damage":0,"enemies":"Giant Head","floor":41,"turns":1},{"damage":0,"enemies":"Spire Growth","floor":42,"turns":5},{"damage":18,"enemies":"4 Shapes","floor":44,"turns":9},{"damage":0,"enemies":"Sphere and 2 Shapes","floor":45,"turns":6},{"damage":65,"enemies":"Reptomancer","floor":47,"turns":4}],"seed_played":"4852643374983512689","potions_obtained":[{"floor":2,"key":"SpeedPotion"},{"floor":6,"key":"BlessingOfTheForge"},{"floor":8,"key":"SneckoOil"},{"floor":10,"key":"SteroidPotion"},{"floor":16,"key":"LiquidMemories"},{"floor":23,"key":"EntropicBrew"},{"floor":25,"key":"Energy Potion"},{"floor":28,"key":"DuplicationPotion"},{"floor":30,"key":"PotionOfCapacity"},{"floor":37,"key":"Regen Potion"},{"floor":41,"key":"EssenceOfDarkness"},{"floor":44,"key":"SteroidPotion"}],"is_trial":false,"path_per_floor":["M","M","?","$","?","E","R","M","T","M","M","$","M","$","R","B",null,"M","?","T","?","M","E","R","M","T","R","M","E","M","?","R","B",null,"M","?","M","?","M","R","E","M","T","M","M","?","E"],"character_chosen":"DEFECT","items_purchased":["Ball Lightning","SteroidPotion","Streamline"],"campfire_rested":5,"item_purchase_floors":[4,4,12],"current_hp_per_floor":[49,35,35,35,35,7,28,25,25,15,13,13,13,13,34,27,60,60,60,60,60,55,35,56,56,56,71,71,62,62,54,71,60,68,68,68,68,68,68,68,75,75,75,72,72,62,0,0],"gold":860,"neow_bonus":"BOSS_RELIC","is_daily":false,"chose_seed":false,"campfire_upgraded":0,"win_rate":0.0,"timestamp":1613189323,"path_taken":["M","M","?","$","?","E","R","M","T","M","?","?","M","$","R","BOSS","M","?","?","?","M","E","R","M","T","R","M","E","?","?","R","BOSS","M","?","M","?","M","R","E","M","T","M","M","?","E"],"items_purchased_type":["Card","Potion","Card"],"build_version":"2020-12-22","purchased_purges":1,"victory":false,"max_hp_per_floor":[71,71,71,71,71,71,71,71,71,71,71,71,71,71,71,71,71,71,71,71,71,71,71,71,71,71,71,71,71,71,71,71,71,71,71,71,71,71,71,71,78,78,78,78,78,78,78,78],"relic_stats":{"Darkstone Periapt":0,"Happy Flower":[22],"counters":[25,126],"Snecko Eye":[193,232,228,219],"Letter Opener":[214],"War Paint":["Genetic Algorithm","Defend_B"],"MawBank":156,"obtain_stats":[{"Darkstone Periapt":9,"Happy Flower":29,"Oddly Smooth Stone":20,"Thread and Needle":34,"Omamori":26,"Letter Opener":6,"War Paint":23,"MawBank":34,"WarpedTongs":5,"Calling Bell":34,"HornCleat":34,"Strawberry":41,"Snecko Eye":0,"Fusion Hammer":17,"Red Mask":31,"Cracked Core":0},{"Darkstone Periapt":4,"Happy Flower":14,"Oddly Smooth Stone":9,"Thread and Needle":17,"Omamori":12,"Letter Opener":3,"War Paint":11,"MawBank":17,"WarpedTongs":2,"Calling Bell":17,"HornCleat":17,"Strawberry":21,"Snecko Eye":0,"Fusion Hammer":8,"Red Mask":16,"Cracked Core":0},{"Darkstone Periapt":17,"Happy Flower":60,"Oddly Smooth Stone":36,"Thread and Needle":82,"Omamori":52,"Letter Opener":15,"War Paint":48,"MawBank":82,"WarpedTongs":9,"Calling Bell":82,"HornCleat":82,"Strawberry":102,"Snecko Eye":0,"Fusion Hammer":33,"Red Mask":69,"Cracked Core":0}],"WarpedTongs":[117]},"card_choices":[{"not_picked":["Conserve Battery","White Noise"],"picked":"Ball Lightning","floor":1},{"not_picked":["Rebound","Reprogram"],"picked":"Loop","floor":2},{"not_picked":["Stack","Chill"],"picked":"All For One","floor":8},{"not_picked":["Cold Snap","Steam"],"picked":"Glacier","floor":10},{"not_picked":["Fission","Reboot"],"picked":"Biased Cognition","floor":16},{"not_picked":["Heatsinks","Blizzard","Compile Driver"],"picked":"SKIP","floor":18},{"not_picked":["Steam","Turbo"],"picked":"Skim","floor":22},{"not_picked":["Beam Cell","Go for the Eyes","Fission"],"picked":"SKIP","floor":23},{"not_picked":["Go for the Eyes","Hello World","Gash"],"picked":"SKIP","floor":28},{"not_picked":["Redo","Reprogram"],"picked":"Rainbow","floor":29},{"not_picked":["Beam Cell","Consume"],"picked":"Barrage","floor":31},{"not_picked":["Machine Learning","Electrodynamics"],"picked":"Core Surge","floor":33},{"not_picked":["Ball Lightning","Lockon+1"],"picked":"Reinforced Body","floor":35},{"not_picked":["Turbo","White Noise"],"picked":"Core Surge","floor":42},{"not_picked":["Coolheaded","Hello World"],"picked":"Defragment","floor":45},{"not_picked":["Apotheosis","Deep Breath"],"picked":"The Bomb","floor":46}],"player_experience":2704161,"relics_obtained":[{"floor":6,"key":"Letter Opener"},{"floor":9,"key":"Darkstone Periapt"},{"floor":20,"key":"Oddly Smooth Stone"},{"floor":23,"key":"War Paint"},{"floor":26,"key":"Omamori"},{"floor":29,"key":"Happy Flower"},{"floor":31,"key":"Red Mask"},{"floor":34,"key":"MawBank"},{"floor":34,"key":"HornCleat"},{"floor":34,"key":"Thread and Needle"},{"floor":41,"key":"Strawberry"}],"event_choices":[{"damage_healed":0,"gold_gain":0,"cards_transformed":["Strike_B"],"player_choice":"Change","damage_taken":0,"max_hp_gain":0,"max_hp_loss":0,"event_name":"Living Wall","floor":3,"gold_loss":0,"cards_obtained":["Genetic Algorithm"]},{"damage_healed":0,"gold_gain":0,"player_choice":"Rummage","damage_taken":0,"relics_obtained":["WarpedTongs"],"max_hp_gain":0,"max_hp_loss":0,"event_name":"Accursed Blacksmith","floor":5,"gold_loss":0,"cards_obtained":["Pain"]},{"cards_removed":["Strike_B"],"damage_healed":0,"gold_gain":0,"player_choice":"Gave Gold","damage_taken":0,"max_hp_gain":0,"max_hp_loss":0,"event_name":"Beggar","floor":19,"gold_loss":75},{"damage_healed":0,"gold_gain":0,"player_choice":"Copied","damage_taken":0,"max_hp_gain":0,"max_hp_loss":0,"event_name":"Duplicator","floor":21,"gold_loss":0,"cards_obtained":["All For One"]},{"damage_healed":0,"gold_gain":0,"player_choice":"Fought Bandits","damage_taken":0,"max_hp_gain":0,"max_hp_loss":0,"event_name":"Masked Bandits","floor":31,"gold_loss":0},{"damage_healed":0,"gold_gain":222,"player_choice":"Wore Mask","damage_taken":0,"max_hp_gain":0,"max_hp_loss":0,"event_name":"Tomb of Lord Red Mask","floor":36,"gold_loss":0},{"cards_removed":["Dualcast"],"damage_healed":0,"gold_gain":0,"player_choice":"Removed Skill","damage_taken":0,"max_hp_gain":0,"max_hp_loss":0,"event_name":"Falling","floor":38,"gold_loss":0},{"damage_healed":0,"gold_gain":0,"player_choice":"Memory 3","damage_taken":10,"max_hp_gain":0,"max_hp_loss":0,"event_name":"SensoryStone","floor":46,"gold_loss":0}],"is_beta":false,"boss_relics":[{"not_picked":["Ectoplasm","Sozu"],"picked":"Fusion Hammer"},{"not_picked":["Tiny House","Runic Pyramid"],"picked":"Calling Bell"}],"items_purged_floors":[12],"is_endless":false,"potions_floor_spawned":[2,6,8,10,16,23,25,28,30,37,41,44,45],"killed_by":"Reptomancer","ascension_level":20}}