{"host":"erh089znuovh6twj","time":1613242342,"event":{"mods":["AchievementEnabler","Act Like it!","Aspiration","BaseMod","Better Note","Better Skull","Better Third Choice","BetterRewards","Defuse TimeMaze Blight","Energized Spire","Hermit","Highlight Path","Hubris","Infinite Spire","Minty Spire (QoL Compilation)","Permanent Neow","Quick Restart","Replay The Spire","StSLib","The Jungle","everything is the same but u backflip on backflip"],"gold_per_floor":[113,0,221,240,240,240,274,274,274,274,131,156,168,187,187,292,292,312,312,330,229,229,229,240,271,295,295,309,336,349,349,349,468,468,515,515,568,618,677,677,677,677,677,748,748,748,808,881,881,1041,1091,1160,1130,1209,1209,1297,1389,1478,1478,1502,1597,1597,1693,1693,1200,1200,1344,1344,1406,1406,1480,1570,1642,1681,1681,1596,1596,1596,1117,1117,1117,1161,1161,1240,1240,1291,1291,1291,908,949,648,637,637,688,680,660,674,674,685,685,721,721,771,771,826,886,930,976,1022,1022,1046,1046,1132,1132,1197,1197,1197,1313,1313,1388,1474,1474,1149,1200,1200,1244,1244,1317,1396,1396,1478,1351,1432,1432,1579,1579,1675,1779,1505,1590,1590,1590,1674,1674,1698,1698,1813,1813,1813],"floor_reached":148,"language":"ENG","playtime":6654,"items_purged":["Enlightenment+1","Delirium","Writhe","infinitespire:SealOfDarkness+"],"score":3666,"play_id":"7295493c-edfe-4a46-9b6f-99a8b8ac40f4","local_time":"20210213135222","is_ascension_mode":false,"campfire_choices":[{"floor":6.0,"key":"REST"},{"floor":8.0,"key":"REST"},{"data":"Beam Cell","floor":10.0,"key":"SMITH"},{"floor":15.0,"key":"REST"},{"data":"Reboot","floor":23.0,"key":"SMITH"},{"data":"hubris:DuctTapeCard","floor":27.0,"key":"SMITH"},{"floor":40.0,"key":"REST"},{"floor":49.0,"key":"REST"},{"floor":59.0,"key":"REST"},{"floor":66.0,"key":"RECALL"},{"floor":75.0,"key":"REST"},{"floor":78.0,"key":"REST"},{"floor":81.0,"key":"DIG"},{"floor":83.0,"key":"REST"},{"floor":83.0,"key":"DIG"},{"floor":110.0,"key":"DIG"},{"floor":114.0,"key":"DIG"},{"floor":117.0,"key":"DIG"},{"floor":125.0,"key":"DIG"},{"floor":127.0,"key":"DIG"},{"floor":134.0,"key":"DIG"},{"floor":142.0,"key":"DIG"},{"floor":144.0,"key":"DIG"}],"circlet_count":0,"master_deck":["Strike_B","Strike_B","Strike_B","Strike_B","Zap+1","Dualcast","Beam Cell","Reboot+1","Go for the Eyes","Gash","Panic Button","Scrape+1","Steam","Chill+1","Panic Button","Reboot","Seek+1","Panic Button","Beam Cell","Beam Cell+1","infinitespire:Collect","Redo+1","Seek","Steam Power","Melter","Beam Cell","Steam","Turbo","Go for the Eyes","hubris:Rewind+1","Turbo","Panic Button","infinitespire:NeuralNetwork","Seek","Double Energy","Skim","Sweeping Beam","Coolheaded+1","Beam Cell+1","Good Instincts","Panic Button","All For One+1","ReplayGash","Replay:Fractal Strike","Finesse","Violence","Dramatic Entrance","ReplayTheSpireMod:Repulse","Hologram+1","Beam Cell","ReplayGash","Ball Lightning","Sweeping Beam+1","Beam Cell+1","Reprogram+1","Chill","Go for the Eyes","Reprogram","ReplayGash","Turbo","hubris:Rewind","Dagger Spray","Gash","Reprogram","Machine Learning","Gash+1","Reboot","Skim+1","Scrape","ReplayGash","Swift Strike","Seek","Steam Power+1","infinitespire:Execution","Terror","Double Energy","Dagger Spray","Blade Dance","Turbo","Reboot","Aggregate","ReplayTheSpireMod:Repulse","Hologram+1","Hidden Blade","Turbo","Good Instincts","Coolheaded","Finisher","Skim+1","infinitespire:Collect","infinitespire:TheBestDefense","hubris:DuctTapeCard"],"relics":["FrozenCore","ReplayTheSpireMod:Lightbulb","Akabeko","Kunai","Boot","hubris:DuctTape","Runic Dome","ReplayTheSpireMod:Shallot","hubris:SoftwareUpdate","aspiration:TomeofQuesting","Geode","infinitespire:EvilPickle","Fusion Hammer","hubris:Towel","infinitespire:Bottled Soul","aspiration:EnhancedActuators","Solar Panel","Tiny House","Vajra","Nunchaku","Centennial Puzzle","hubris:Potato","Replay:Fungal Core","Ring of Fury","infinitespire:Magic Flask","Replay:Antivirus Software","Pear","Membership Card","Shovel","hubris:MysteriousPyramids","aspiration:ArtOfWarUpgrade","Incense Burner","aspiration:RitualDagger","aspiration:HiddenCompartment","Snack Pack","Guide Book","Replay:Ringing Soul","Lantern","Bottled Flame","Potion Belt","hubris:HollowSoul","Prayer Wheel","hubris:DisguiseKit","Replay:Rubber Ducky","Smiling Mask","Mummified Hand","Pet Ghost","infinitespire:SolderingIron","InkBottle","Juzu Bracelet","Frozen Egg 2","hubris:SlimyHat","Onion Ring","infinitespire:ShieldingShard","hubris:TinFlute","aspiration:SeaSaltIceCream","aspiration:Nostalgia","Replay:M_SmolderingBlood","Prayer Wheel","Symbiotic Virus","energizedSpire:RedRose","Sling","Turnip","Frozen Eye","Ancient Tea Set","Replay:Mystery Machine","Replay:Wax Seal","Regal Pillow"],"acts_visited":["Exordium","TheCity","TheBeyond","Exordium","TheCity","TheBeyond","Exordium","TheCity","TheBeyond"],"potions_floor_usage":[148,148,148,148],"damage_taken":[{"damage":6.0,"enemies":"Cultist","floor":1.0,"turns":3.0},{"damage":2.0,"enemies":"Small Slimes","floor":4.0,"turns":2.0},{"damage":15.0,"enemies":"Gremlin Nob","floor":7.0,"turns":4.0},{"damage":25.0,"enemies":"3 Sentries","floor":12.0,"turns":5.0},{"damage":0.0,"enemies":"2 Louse","floor":13.0,"turns":1.0},{"damage":5.0,"enemies":"Lots of Slimes","floor":14.0,"turns":2.0},{"damage":47.0,"enemies":"Fading Forest","floor":16.0,"turns":11.0},{"damage":10.0,"enemies":"3 Byrds","floor":18.0,"turns":3.0},{"damage":0.0,"enemies":"Chosen","floor":20.0,"turns":4.0},{"damage":18.0,"enemies":"Centurion and Healer","floor":24.0,"turns":3.0},{"damage":12.0,"enemies":"Nightmare","floor":25.0,"turns":8.0},{"damage":2.0,"enemies":"Snake Plant","floor":28.0,"turns":2.0},{"damage":0.0,"enemies":"Book of Stabbing","floor":29.0,"turns":3.0},{"damage":0.0,"enemies":"Cultist and Chosen","floor":30.0,"turns":4.0},{"damage":31.0,"enemies":"Pondfish","floor":33.0,"turns":9.0},{"damage":1.0,"enemies":"Orb Walker","floor":35.0,"turns":2.0},{"damage":6.0,"enemies":"3 Shapes","floor":37.0,"turns":2.0},{"damage":0.0,"enemies":"3 Darklings","floor":38.0,"turns":3.0},{"damage":39.0,"enemies":"Transient","floor":39.0,"turns":5.0},{"damage":1.0,"enemies":"R_Hoarder","floor":44.0,"turns":4.0},{"damage":0.0,"enemies":"Maw","floor":47.0,"turns":5.0},{"damage":43.0,"enemies":"4 Shapes","floor":48.0,"turns":4.0},{"damage":58.0,"enemies":"Donu and Deca","floor":50.0,"turns":7.0},{"damage":0.0,"enemies":"Jaw Worm","floor":52.0,"turns":1.0},{"damage":0.0,"enemies":"2 Louse","floor":54.0,"turns":1.0},{"damage":0.0,"enemies":"Small Slimes","floor":56.0,"turns":1.0},{"damage":0.0,"enemies":"Lagavulin","floor":57.0,"turns":1.0},{"damage":0.0,"enemies":"Looter","floor":58.0,"turns":1.0},{"damage":0.0,"enemies":"2 Fungi Beasts","floor":61.0,"turns":2.0},{"damage":0.0,"enemies":"Exordium Thugs","floor":63.0,"turns":1.0},{"damage":0.0,"enemies":"Slime Boss","floor":67.0,"turns":1.0},{"damage":17.0,"enemies":"2 Thieves","floor":69.0,"turns":2.0},{"damage":0.0,"enemies":"Chosen","floor":71.0,"turns":2.0},{"damage":0.0,"enemies":"Snecko","floor":72.0,"turns":2.0},{"damage":0.0,"enemies":"Snake Plant","floor":73.0,"turns":1.0},{"damage":135.0,"enemies":"Nightmare","floor":74.0,"turns":6.0},{"damage":0.0,"enemies":"Cultist and Chosen","floor":82.0,"turns":2.0},{"damage":17.0,"enemies":"Collector","floor":84.0,"turns":4.0},{"damage":0.0,"enemies":"3 Shapes","floor":86.0,"turns":2.0},{"damage":0.0,"enemies":"Orb Walker","floor":90.0,"turns":1.0},{"damage":0.0,"enemies":"Nemesis","floor":92.0,"turns":1.0},{"damage":0.0,"enemies":"Writhing Mass","floor":95.0,"turns":2.0},{"damage":0.0,"enemies":"Maw","floor":96.0,"turns":2.0},{"damage":0.0,"enemies":"4 Shapes","floor":97.0,"turns":1.0},{"damage":19.0,"enemies":"Spire Growth","floor":99.0,"turns":3.0},{"damage":0.0,"enemies":"Replay:Hell Engine","floor":101.0,"turns":2.0},{"damage":0.0,"enemies":"Jaw Worm","floor":103.0,"turns":1.0},{"damage":0.0,"enemies":"2 Louse","floor":105.0,"turns":1.0},{"damage":0.0,"enemies":"Small Slimes","floor":106.0,"turns":1.0},{"damage":19.0,"enemies":"Looter","floor":107.0,"turns":2.0},{"damage":0.0,"enemies":"Lagavulin","floor":108.0,"turns":1.0},{"damage":0.0,"enemies":"Large Slime","floor":109.0,"turns":2.0},{"damage":0.0,"enemies":"Exordium Wildlife","floor":113.0,"turns":1.0},{"damage":0.0,"enemies":"3 Louse","floor":115.0,"turns":1.0},{"damage":0.0,"enemies":"The Guardian","floor":118.0,"turns":2.0},{"damage":0.0,"enemies":"2 Thieves","floor":120.0,"turns":1.0},{"damage":0.0,"enemies":"Spheric Guardian","floor":121.0,"turns":1.0},{"damage":0.0,"enemies":"Snake Plant","floor":124.0,"turns":1.0},{"damage":0.0,"enemies":"Nightmare","floor":126.0,"turns":1.0},{"damage":0.0,"enemies":"Snecko","floor":129.0,"turns":2.0},{"damage":0.0,"enemies":"Shelled Parasite and Fungi","floor":131.0,"turns":1.0},{"damage":0.0,"enemies":"Book of Stabbing","floor":133.0,"turns":2.0},{"damage":0.0,"enemies":"hubris:MusketHawk","floor":135.0,"turns":1.0},{"damage":0.0,"enemies":"3 Shapes","floor":137.0,"turns":1.0},{"damage":0.0,"enemies":"Orb Walker","floor":138.0,"turns":1.0},{"damage":0.0,"enemies":"4 Shapes","floor":140.0,"turns":1.0},{"damage":0.0,"enemies":"3 Darklings","floor":143.0,"turns":1.0},{"damage":0.0,"enemies":"R_Hoarder","floor":147.0,"turns":2.0},{"damage":0,"enemies":"Transient","floor":148,"turns":1}],"seed_played":"-400664417501425827","potions_obtained":[{"floor":1.0,"key":"BlessingOfTheForge"},{"floor":7.0,"key":"PowerPotion"},{"floor":13.0,"key":"Swift Potion"},{"floor":14.0,"key":"FairyPotion"},{"floor":24.0,"key":"ColorlessPotion"},{"floor":28.0,"key":"LiquidMemories"},{"floor":30.0,"key":"Elixir"},{"floor":33.0,"key":"LiquidMemories"},{"floor":35.0,"key":"Swift Potion"},{"floor":39.0,"key":"DistilledChaos"},{"floor":44.0,"key":"FearPotion"},{"floor":46.0,"key":"EssenceOfDarkness"},{"floor":48.0,"key":"Elixir"},{"floor":51.0,"key":"FairyPotion"},{"floor":53.0,"key":"Dexterity Potion"},{"floor":53.0,"key":"CultistPotion"},{"floor":56.0,"key":"PowerPotion"},{"floor":61.0,"key":"DuplicationPotion"},{"floor":67.0,"key":"Block Potion"},{"floor":72.0,"key":"ColorlessPotion"},{"floor":84.0,"key":"DistilledChaos"},{"floor":90.0,"key":"DuplicationPotion"},{"floor":95.0,"key":"GamblersBrew"},{"floor":96.0,"key":"PowerPotion"},{"floor":97.0,"key":"Fire Potion"},{"floor":107.0,"key":"PowerPotion"},{"floor":108.0,"key":"PowerPotion"},{"floor":109.0,"key":"GamblersBrew"},{"floor":115.0,"key":"FocusPotion"},{"floor":120.0,"key":"AttackPotion"},{"floor":129.0,"key":"DuplicationPotion"},{"floor":138.0,"key":"Toxic Potion"},{"floor":143.0,"key":"Strength Potion"}],"is_trial":false,"path_per_floor":["M","?","?","M","?","R","E","R","T","R","$","E","M","M","R","B",null,"M","AVR","M","$","?","R","M","NM","T","R","M","E","M","?","R","B",null,"M","?","M","M","M","R","?","?","T","E","AVR","?","M","M","R","B",null,"M","?","M","?","M","E","M","R","T","M","AVR","M","T","$","R","B",null,"M","?","M","M","M","NM","R","?","T","R","$","?","R","M","R","B",null,"M","AVR","?","$","M","$","E","?","T","M","M","M","R","M","R","B",null,"M","?","M","M","M","E","M","R","T","AVR","M","R","M","?","R","B",null,"M","M","?","$","M","R","NM","R","T","M","?","M","$","E","R","B",null,"M","M","$","M","AVR","R","M","R","T","?","E","M"],"character_chosen":"DEFECT","items_purchased":["Boot","Gash","Panic Button","Panic Button","Adrenaline Potion","hubris:Potato","Membership Card","Good Instincts","Shovel","Milkshake","Energy Potion","AttackPotion","Snack Pack","Guide Book","SteroidPotion","Swift Potion","EssenceOfSteel","ReplayTheSpireMod:Repulse","Replay:Ringing Soul","Beam Cell","Lantern","InkBottle","Scrape","ReplayGash","Juzu Bracelet","Swift Strike","aspiration:SeaSaltIceCream","Sling","Turnip","Good Instincts"],"campfire_rested":9,"item_purchase_floors":[11,21,21,65,65,65,79,79,79,79,79,79,89,89,89,89,89,89,91,91,91,123,123,123,123,123,132,139,139,139],"current_hp_per_floor":[48,54,17,15,15,39,24,48,48,48,48,23,23,18,42,5,81,71,71,71,71,71,71,53,41,41,41,39,39,39,39,63,32,81,80,80,74,74,35,59,59,59,59,58,58,58,62,21,45,46,86,86,86,86,69,69,69,71,86,86,86,86,86,86,86,86,86,86,69,69,69,71,73,10,35,35,45,73,73,73,73,75,96,79,96,96,96,86,86,92,95,102,102,102,105,108,111,111,101,101,117,117,117,117,120,123,107,126,132,132,132,135,138,138,141,134,134,144,144,147,150,150,153,156,156,159,159,159,162,162,165,165,165,165,168,168,171,174,177,180,183,183,183,183,183,142,148,148,148],"gold":1813,"neow_bonus":"REMOVE_TWO","is_daily":false,"chose_seed":false,"campfire_upgraded":3,"win_rate":0.0,"timestamp":1613242342,"path_taken":["M","?","?","?","?","R","E","R","T","R","$","E","?","M","R","BOSS","M","AVR","M","$","?","R","M","NM","T","R","M","E","M","?","R","BOSS","M","?","M","M","M","R","?","?","T","E","AVR","?","M","M","R","BOSS","M","?","?","?","M","E","M","R","T","M","AVR","M","?","$","R","BOSS","M","?","M","M","M","NM","R","?","T","R","$","?","R","M","R","BOSS","M","AVR","?","$","M","$","E","?","T","M","?","M","R","M","R","BOSS","M","?","M","M","M","E","M","R","T","AVR","M","R","?","?","R","BOSS","M","M","?","$","M","R","NM","R","T","M","?","M","$","E","R","BOSS","M","M","$","M","AVR","R","M","R","T","?","E","M"],"items_purchased_type":["Relic","Card","Card","Card","Potion","Relic","Relic","Card","Relic","Potion","Potion","Potion","Relic","Relic","Potion","Potion","Potion","Card","Relic","Card","Relic","Relic","Card","Card","Relic","Card","Relic","Relic","Relic","Card"],"build_version":"2020-12-22","purchased_purges":4,"victory":false,"max_hp_per_floor":[75,81,81,81,81,81,81,81,81,81,81,81,81,81,81,81,81,81,81,81,81,81,81,81,81,81,81,81,81,81,81,81,81,81,81,81,81,81,81,81,81,81,81,81,81,81,81,81,81,81,86,86,86,86,86,86,86,86,86,86,86,86,86,86,86,86,86,86,86,86,86,86,86,86,86,86,96,96,96,96,96,96,96,96,96,96,96,96,96,96,99,102,102,102,105,108,111,111,114,114,117,117,117,117,120,123,126,129,132,132,132,135,138,138,141,141,141,144,144,147,150,150,153,156,156,159,159,159,162,162,165,165,165,165,168,168,171,174,177,180,183,183,183,183,183,186,186,186,186],"card_choices":[{"not_picked":["Coolheaded","ReplayTheSpireMod:Repulse"],"picked":"Gash","floor":1.0},{"not_picked":["Sweeping Beam","Crystallizer"],"picked":"Beam Cell","floor":4.0},{"not_picked":["Creative AI","Streamline","Rebound"],"picked":"SKIP","floor":7.0},{"not_picked":["Steam Power","hubris:PowerSurge"],"picked":"Beam Cell","floor":12.0},{"not_picked":["BasicCrystalCard","Time Bomb","Barrage"],"picked":"SKIP","floor":13.0},{"not_picked":["BasicCrystalCard","Coolheaded"],"picked":"ReplayTheSpireMod:GoodbyeWorld","floor":14.0},{"not_picked":["Amplify","Echo Form"],"picked":"Reboot","floor":16.0},{"not_picked":["Hello World","Rebound+1","Leap"],"picked":"SKIP","floor":18.0},{"not_picked":["Leap","Rebound"],"picked":"Go for the Eyes","floor":20.0},{"not_picked":["Beam Cell","BasicCrystalCard+1"],"picked":"Scrape","floor":24.0},{"not_picked":["Stack","ReplayTheSpireMod:GoodbyeWorld+1"],"picked":"Steam","floor":25.0},{"not_picked":["Melter+1","Barrage"],"picked":"Chill","floor":28.0},{"not_picked":["Sweeping Beam","Doom and Gloom"],"picked":"Panic Button","floor":29.0},{"not_picked":["Ball Lightning","Panic Button"],"picked":"Reboot","floor":30.0},{"not_picked":["hubris:DoWhile","Biased Cognition"],"picked":"Seek","floor":33.0},{"not_picked":["Compile Driver","Sweeping Beam+1"],"picked":"Panic Button","floor":35.0},{"not_picked":["Leap","Stack","BasicCrystalCard+1"],"picked":"SKIP","floor":37.0},{"not_picked":["Rainbow","Compile Driver+1","Defragment"],"picked":"SKIP","floor":38.0},{"not_picked":["Sunder+1","Cold Snap"],"picked":"Beam Cell","floor":39.0},{"not_picked":["Steam Power+1","ReplayTheSpireMod:System Scan+1"],"picked":"Beam Cell+1","floor":44.0},{"not_picked":["Cold Snap+1","Turbo+1","Glacier+1"],"picked":"SKIP","floor":47.0},{"not_picked":["Thunder Strike","Coolheaded+1"],"picked":"Redo+1","floor":48.0},{"not_picked":["Echo Form","Creative AI"],"picked":"Seek","floor":50.0},{"not_picked":["Streamline","Genetic Algorithm+1"],"picked":"Steam Power","floor":51.0},{"not_picked":["Stack","Rebound"],"picked":"Melter","floor":52.0},{"not_picked":["Streamline","Tempest","Conserve Battery"],"picked":"SKIP","floor":54.0},{"not_picked":["Leap","Crystallizer"],"picked":"Beam Cell","floor":56.0},{"not_picked":["Blizzard","Compile Driver"],"picked":"Steam","floor":57.0},{"not_picked":["Leap","Tempest"],"picked":"Turbo","floor":58.0},{"not_picked":["Hologram","BasicCrystalCard"],"picked":"Go for the Eyes","floor":61.0},{"not_picked":["Panic Button","Storm"],"picked":"Turbo","floor":63.0},{"not_picked":["hubris:InfiniteBlow","infinitespire:SealOfDarkness+"],"picked":"infinitespire:NeuralNetwork","floor":67.0},{"not_picked":["Mirror Shield","Creative AI"],"picked":"Seek","floor":67.0},{"not_picked":["BasicCrystalCard","Doom and Gloom"],"picked":"Double Energy","floor":69.0},{"not_picked":["Stack","BasicCrystalCard+1"],"picked":"Skim","floor":71.0},{"not_picked":["Redo","BasicCrystalCard"],"picked":"Sweeping Beam","floor":72.0},{"not_picked":["Barrage","ReplayTheSpireMod:GoodbyeWorld"],"picked":"Coolheaded+1","floor":73.0},{"not_picked":["BasicCrystalCard","Lockon"],"picked":"Beam Cell+1","floor":74.0},{"not_picked":["Blizzard","Redo"],"picked":"Panic Button","floor":82.0},{"not_picked":["Biased Cognition","hubris:SpecializedCircuitry"],"picked":"All For One","floor":84.0},{"not_picked":["ReplaySort","Redo"],"picked":"ReplayGash","floor":86.0},{"not_picked":["Trip","PanicButton"],"picked":"Finesse","floor":88.0},{"not_picked":["Replay:Bootleg Shield Generator","Discovery"],"picked":"Violence","floor":88.0},{"not_picked":["ReplayTheSpireMod:Uncanny Aura","Replay:Bootleg Shield Generator"],"picked":"Dramatic Entrance","floor":88.0},{"not_picked":["Cold Snap","Rebound+1"],"picked":"Hologram+1","floor":90.0},{"not_picked":["Meteor Strike","Auto Shields"],"picked":"ReplayGash","floor":92.0},{"not_picked":["Thunder Strike","Sunder+1"],"picked":"Ball Lightning","floor":95.0},{"not_picked":["Conserve Battery","Compile Driver"],"picked":"Sweeping Beam+1","floor":96.0},{"not_picked":["Force Field+1","White Noise"],"picked":"Beam Cell+1","floor":97.0},{"not_picked":["Genetic Algorithm+1","Leap+1"],"picked":"Reprogram+1","floor":99.0},{"not_picked":["All For One","Fission"],"picked":"ReplayTheSpireMod:Fabricate Wheel","floor":101.0},{"not_picked":["Streamline","Self Repair","ReplayTheSpireMod:Reroute Power"],"picked":"SKIP","floor":103.0},{"not_picked":["Gash","Coolheaded"],"picked":"hubris:DoWhile","floor":105.0},{"not_picked":["Ball Lightning","Panic Button"],"picked":"Chill","floor":106.0},{"not_picked":["Blizzard","Steam"],"picked":"Go for the Eyes","floor":107.0},{"not_picked":["Lockon","Sweeping Beam","Coolheaded"],"picked":"SKIP","floor":107.0},{"not_picked":["Ball Lightning","Cold Snap"],"picked":"Reprogram","floor":108.0},{"not_picked":["Sunder","White Noise","Prepared"],"picked":"ReplayGash","floor":109.0},{"not_picked":["Compile Driver","Beam Cell","Infinite Blades"],"picked":"Turbo","floor":109.0},{"not_picked":["Rebound","Sweeping Beam","Cold Snap"],"picked":"Dagger Spray","floor":113.0},{"not_picked":["Rip and Tear","ReplayTheSpireMod:Reroute Power","Deflect"],"picked":"Gash","floor":113.0},{"not_picked":["Capacitor","Melter","Crippling Poison"],"picked":"Reprogram","floor":115.0},{"not_picked":["Conserve Battery","Rebound","Consume","Cloak And Dagger"],"picked":"SKIP","floor":115.0},{"not_picked":["Amplify","Echo Form","Storm of Steel"],"picked":"Machine Learning","floor":118.0},{"not_picked":["Fusion","Ball Lightning+1","Poisoned Stab"],"picked":"Gash+1","floor":120.0},{"not_picked":["Stack+1","Sweeping Beam","All Out Attack"],"picked":"Reboot","floor":120.0},{"not_picked":["Conserve Battery","Self Repair","Tactician"],"picked":"Skim+1","floor":121.0},{"not_picked":["ReplayRNGCard","Crystallizer+1","Hologram+1","PiercingWail"],"picked":"SKIP","floor":121.0},{"not_picked":["Reprogram","Rip and Tear+1","Poisoned Stab"],"picked":"Seek","floor":124.0},{"not_picked":["ReplayTheSpireMod:Repulse","aspiration:Polymerization+1","Flying Knee"],"picked":"Steam Power+1","floor":124.0},{"not_picked":["hubris:InfiniteBlow","infinitespire:SealOfDarkness+"],"picked":"infinitespire:Execution","floor":126.0},{"not_picked":["Stack","Conserve Battery","Ball Lightning"],"picked":"Terror","floor":126.0},{"not_picked":["Time Bomb","FTL","Choke"],"picked":"Double Energy","floor":129.0},{"not_picked":["Conserve Battery","Stack","Cold Snap+1"],"picked":"Dagger Spray","floor":129.0},{"not_picked":["Skim","Stack+1","Time Bomb"],"picked":"Blade Dance","floor":131.0},{"not_picked":["Ball Lightning","Barrage+1","Storm of Steel"],"picked":"Turbo","floor":131.0},{"not_picked":["FlyingSleeves+1","Conserve Battery","WreathOfFlame","Heel Hook"],"picked":"SKIP","floor":133.0},{"not_picked":["Bludgeon","Creative AI+1","Doppelganger"],"picked":"Reboot","floor":135.0},{"not_picked":["Static Discharge+1","Panic Button","Dodge and Roll"],"picked":"Aggregate","floor":137.0},{"not_picked":["Time Bomb","Capacitor+1","Skewer"],"picked":"ReplayTheSpireMod:Repulse","floor":137.0},{"not_picked":["Rebound","Ball Lightning","Stack+1","ReplayTheSpireMod:Tripwire"],"picked":"SKIP","floor":137.0},{"not_picked":["Barrage+1","Streamline+1","PiercingWail"],"picked":"Hologram+1","floor":138.0},{"not_picked":["Compile Driver","hubris:DoWhile","BasicCrystalCard+1"],"picked":"Hidden Blade","floor":138.0},{"not_picked":["Leap+1","Compile Driver+1","Outmaneuver"],"picked":"Turbo","floor":138.0},{"not_picked":["Leap","Streamline+1","Catalyst"],"picked":"Coolheaded","floor":140.0},{"not_picked":["Loop+1","White Noise+1","Heatsinks+1"],"picked":"Finisher","floor":140.0},{"not_picked":["Panic Button+1","Crystallizer+1","Replay:Poison Smokescreen"],"picked":"Skim+1","floor":140.0},{"not_picked":["Recycle","Capacitor+1","Hello World+1","Bouncing Flask"],"picked":"SKIP","floor":143.0},{"not_picked":["Storm+1","Tempest","ReplayTheSpireMod:GoodbyeWorld+1","Quick Slash"],"picked":"SKIP","floor":143.0},{"not_picked":["Barrage+1","ReplayTheSpireMod:Reroute Power","Reinforced Body+1","ReplayTheSpireMod:Scrap Shanks"],"picked":"SKIP","floor":143.0},{"not_picked":["infinitespire:Fortify","hubris:Rewind"],"picked":"infinitespire:TheBestDefense","floor":146.0},{"not_picked":["Leap+1","Barrage","Conserve Battery+1","PiercingWail"],"picked":"SKIP","floor":147.0}],"player_experience":329200,"relics_obtained":[{"floor":7.0,"key":"Akabeko"},{"floor":9.0,"key":"Kunai"},{"floor":12.0,"key":"hubris:DuctTape"},{"floor":25.0,"key":"hubris:SoftwareUpdate"},{"floor":26.0,"key":"aspiration:TomeofQuesting"},{"floor":29.0,"key":"Geode"},{"floor":43.0,"key":"infinitespire:Bottled Soul"},{"floor":44.0,"key":"aspiration:EnhancedActuators"},{"floor":57.0,"key":"Vajra"},{"floor":60.0,"key":"Nunchaku"},{"floor":64.0,"key":"Centennial Puzzle"},{"floor":70.0,"key":"Ring of Fury"},{"floor":74.0,"key":"infinitespire:Magic Flask"},{"floor":77.0,"key":"Pear"},{"floor":81.0,"key":"Art of War"},{"floor":83.0,"key":"Incense Burner"},{"floor":92.0,"key":"Bottled Flame"},{"floor":94.0,"key":"Potion Belt"},{"floor":108.0,"key":"hubris:DisguiseKit"},{"floor":110.0,"key":"Replay:Rubber Ducky"},{"floor":111.0,"key":"Smiling Mask"},{"floor":114.0,"key":"Pet Ghost"},{"floor":117.0,"key":"infinitespire:SolderingIron"},{"floor":125.0,"key":"Frozen Egg 2"},{"floor":126.0,"key":"hubris:SlimyHat"},{"floor":127.0,"key":"Onion Ring"},{"floor":128.0,"key":"infinitespire:ShieldingShard"},{"floor":133.0,"key":"Prayer Wheel"},{"floor":134.0,"key":"Symbiotic Virus"},{"floor":142.0,"key":"Ancient Tea Set"},{"floor":144.0,"key":"Replay:Mystery Machine"},{"floor":145.0,"key":"Replay:Wax Seal"},{"floor":147.0,"key":"Regal Pillow"}],"event_choices":[{"damage_healed":0.0,"max_hp_gain":0.0,"max_hp_loss":0.0,"gold_gain":0.0,"event_name":"betterThird:BetterSerpent","player_choice":"RENOUNCE","floor":2.0,"gold_loss":113.0,"damage_taken":113.0,"cards_obtained":["Enlightenment"]},{"damage_healed":0.0,"max_hp_gain":0.0,"max_hp_loss":0.0,"gold_gain":221.0,"event_name":"betterSkull:BetterSkull","player_choice":"GO GO RE ","floor":3.0,"gold_loss":0.0,"damage_taken":41.0,"cards_upgraded":[],"relics_obtained":["ReplayTheSpireMod:Lightbulb"]},{"damage_healed":0.0,"max_hp_gain":0.0,"max_hp_loss":0.0,"gold_gain":0.0,"event_name":"Upgrade Shrine","player_choice":"Upgraded","floor":5.0,"gold_loss":0.0,"damage_taken":0.0,"cards_upgraded":["Enlightenment"]},{"cards_removed":["Reboot"],"damage_healed":0.0,"max_hp_gain":0.0,"max_hp_loss":0.0,"gold_gain":0.0,"event_name":"betterNote:BetterNote","player_choice":"Give","floor":22.0,"gold_loss":0.0,"damage_taken":0.0,"cards_obtained":["Power Through"]},{"damage_healed":0.0,"max_hp_gain":0.0,"max_hp_loss":0.0,"gold_gain":0.0,"event_name":"Vampires","player_choice":"Ignored","floor":31.0,"gold_loss":0.0,"damage_taken":0.0},{"cards_removed":["ReplayTheSpireMod:GoodbyeWorld"],"damage_healed":0.0,"max_hp_gain":0.0,"max_hp_loss":0.0,"gold_gain":0.0,"event_name":"Falling","player_choice":"Removed Power","floor":41.0,"gold_loss":0.0,"damage_taken":0.0},{"damage_healed":0.0,"max_hp_gain":0.0,"max_hp_loss":0.0,"gold_gain":0.0,"event_name":"Lab","player_choice":"Got Potions","floor":46.0,"gold_loss":0.0,"damage_taken":0.0},{"damage_healed":0.0,"max_hp_gain":0.0,"max_hp_loss":0.0,"gold_gain":0.0,"event_name":"The Woman in Blue","player_choice":"Bought 2 Potions","floor":53.0,"gold_loss":0.0,"damage_taken":0.0},{"damage_healed":86.0,"max_hp_gain":0.0,"max_hp_loss":86.0,"gold_gain":0.0,"event_name":"betterThird:BetterShining","player_choice":"Upgrade","floor":55.0,"gold_loss":0.0,"damage_taken":17.0,"cards_upgraded":["Defend_B","Chill"]},{"damage_healed":0.0,"max_hp_gain":0.0,"max_hp_loss":0.0,"gold_gain":0.0,"event_name":"Addict","player_choice":"Obtained Relic","floor":76.0,"gold_loss":85.0,"damage_taken":0.0,"relics_obtained":["Replay:Antivirus Software"]},{"damage_healed":0.0,"max_hp_gain":0.0,"max_hp_loss":0.0,"gold_gain":0.0,"event_name":"The Mausoleum","player_choice":"Opened","floor":80.0,"gold_loss":0.0,"damage_taken":0.0,"relics_obtained":["hubris:MysteriousPyramids"],"cards_obtained":["Writhe"]},{"damage_healed":0.0,"max_hp_gain":0.0,"max_hp_loss":0.0,"gold_gain":0.0,"event_name":"SensoryStone","player_choice":"Memory 3","floor":88.0,"gold_loss":0.0,"damage_taken":10.0},{"cards_removed":["Defend_B"],"damage_healed":0.0,"max_hp_gain":0.0,"max_hp_loss":0.0,"gold_gain":0.0,"event_name":"Falling","player_choice":"Removed Skill","floor":93.0,"gold_loss":0.0,"damage_taken":0.0},{"cards_removed":["Defend_B"],"damage_healed":0.0,"max_hp_gain":0.0,"max_hp_loss":0.0,"gold_gain":0.0,"event_name":"Purifier","player_choice":"Purged","floor":104.0,"gold_loss":0.0,"damage_taken":0.0},{"cards_removed":["hubris:DoWhile"],"damage_healed":0.0,"max_hp_gain":0.0,"max_hp_loss":0.0,"gold_gain":0.0,"event_name":"Golden Wing","player_choice":"Card Removal","floor":116.0,"gold_loss":0.0,"damage_taken":7.0},{"damage_healed":0.0,"max_hp_gain":0.0,"max_hp_loss":0.0,"gold_gain":0.0,"event_name":"Upgrade Shrine","player_choice":"Upgraded","floor":122.0,"gold_loss":0.0,"damage_taken":0.0,"cards_upgraded":["hubris:Rewind"]},{"damage_healed":0.0,"max_hp_gain":0.0,"max_hp_loss":0.0,"gold_gain":0.0,"event_name":"WeMeetAgain","player_choice":"Gave Potion","floor":130.0,"gold_loss":0.0,"damage_taken":0.0,"relics_obtained":["hubris:TinFlute"]}],"is_beta":false,"boss_relics":[{"not_picked":["energizedSpire:EnergizedDie","hubris:VirtuousBlindfold"],"picked":"Runic Dome"},{"not_picked":["Empty Cage","hubris:BlackHole"],"picked":"Fusion Hammer"},{"not_picked":["Runic Pyramid","SacredBark"],"picked":"Tiny House"},{"not_picked":["aspiration:SilentSkillbook","aspiration:Stellarator"],"picked":"Replay:Fungal Core"},{"not_picked":["Busted Crown","Runic Pyramid"],"picked":"aspiration:RitualDagger"},{"not_picked":["energizedSpire:StickyHand","hubris:TerracottaHorce"],"picked":"hubris:HollowSoul"},{"not_picked":["Painkiller Herb","aspiration:RunicSpoon"],"picked":"FrozenCore"},{"not_picked":["hubris:GrandSneckoEye","hubris:Stopwatch"],"picked":"energizedSpire:RedRose"}],"items_purged_floors":[65,79,89,91],"is_endless":true,"potions_floor_spawned":[1,7,13,14,24,28,30,33,35,39,44,48,56,61,67,72,84,90,95,96,97,107,108,109,115,120,129,138,143],"killed_by":"Transient","ascension_level":0}}