{"host":"clf2hd4adhiiw0zf","time":1613194400,"event":{"mods":["AchievementEnabler","BaseMod","Beaked The Cultist","Bestiary","Dark Map","Downfall","Gremlin Mod","Hermit","Jorbs\u0027s Wanderer Trilogy","Marisa????????","Minty Spire (QoL Compilation)","Shop Mod","StSLib","The Cursed","The Servant 0.9.4","Wide Potions"],"gold_per_floor":[99,112,562,562,562,562,562,576,605,622,422,438,438,449,469,573,573,573,587,602,602,182,182,208,224,235,235,254,287,187,97,111,210,210,210,224,243,263,222,235,235,268,280,280,280,309,309,343,355,355,355,388,39,39,39,39],"floor_reached":57,"language":"ENG","playtime":2358,"items_purged":["downfall:Icky"],"score":1937,"play_id":"59c210d6-0e6f-4024-beb3-17ced1288b4e","local_time":"20210212223320","is_ascension_mode":true,"campfire_choices":[{"floor":1,"key":"RECALL"},{"data":"champ:Duel","floor":11,"key":"SMITH"},{"data":"champ:PerfectedStrike","floor":13,"key":"SMITH"},{"data":"champ:Parry","floor":18,"key":"SMITH"},{"data":"champ:Execute","floor":23,"key":"SMITH"},{"data":"champ:Parry","floor":27,"key":"SMITH"},{"data":"champ:AdrenalArmor","floor":30,"key":"SMITH"},{"data":"champ:HoldFirm","floor":35,"key":"SMITH"},{"data":"champ:GladiatorStyle","floor":45,"key":"SMITH"},{"data":"champ:ShieldWall","floor":47,"key":"SMITH"},{"data":"champ:Taunt","floor":54,"key":"SMITH"}],"circlet_count":0,"master_deck":["champ:Strike","champ:Strike","champ:Strike","champ:Defend","champ:Defend","champ:Execute+1","champ:Taunt+1","champ:PerfectedStrike+1","champ:Duel+1","champ:BringItOn","champ:AdrenalArmor+1","champ:Parry+1","champ:Haymaker+1","champ:SwordThrow+1","champ:Parry+1","champ:TornadoPunch+1","expansioncontent:DashGenerateEvil+1","champ:FaceSlap+1","champ:Haymaker+1","champ:ShieldWall+1","champ:TripleStrike+1","champ:HoldFirm+1","champ:PerfectedStrike+1","champ:PerfectedStrike+1","champ:IgnorePain","champ:GladiatorStyle+1","champ:TornadoPunch+1","champ:Improvising","champ:GladiatorStyle+1","champ:TornadoPunch+1","champ:PerfectedStrike+1","champ:Improvising"],"relics":["Snecko Eye","Orichalcum","Molten Egg 2","downfall:HeartBlessingRed","downfall:HeartBlessingBlue","champ:PowerArmor","champ:FightingForDummies","Blood Vial","Mummified Hand","downfall:HeartBlessingGreen","Empty Cage","Frozen Eye","bronze:DecasWashers","MealTicket","hexamod:BolsterEngine","Gremlin Horn","Art of War","Lee\u0027s Waffle","Slimebound:StickyStick"],"acts_visited":["Exordium","TheCity","TheBeyond","TheEnding"],"potions_floor_usage":[12,16,19,29,31,52,52,56],"damage_taken":[{"damage":24,"enemies":"Small Slimes","floor":2,"turns":3},{"damage":0,"enemies":"2 Louse","floor":8,"turns":2},{"damage":18,"enemies":"Gremlin Nob","floor":9,"turns":3},{"damage":20,"enemies":"Jaw Worm","floor":10,"turns":3},{"damage":0,"enemies":"3 Louse","floor":12,"turns":1},{"damage":24,"enemies":"Exordium Thugs","floor":14,"turns":4},{"damage":18,"enemies":"Gremlin Gang","floor":15,"turns":3},{"damage":21,"enemies":"IC_STATUS_ARCHETYPE","floor":16,"turns":4},{"damage":15,"enemies":"Spheric Guardian","floor":19,"turns":4},{"damage":26,"enemies":"3 Byrds","floor":20,"turns":5},{"damage":10,"enemies":"downfall:FleeingMerchant","floor":22,"turns":4},{"damage":10,"enemies":"Cultist and Chosen","floor":25,"turns":4},{"damage":20,"enemies":"Shelled Parasite and Fungi","floor":26,"turns":3},{"damage":13,"enemies":"Snake Plant","floor":28,"turns":2},{"damage":0,"enemies":"Book of Stabbing","floor":29,"turns":3},{"damage":10,"enemies":"downfall:FleeingMerchant","floor":31,"turns":4},{"damage":10,"enemies":"Centurion and Healer","floor":32,"turns":3},{"damage":63,"enemies":"DF_ARCHETYPE_CLAW","floor":33,"turns":6},{"damage":0,"enemies":"3 Shapes","floor":36,"turns":3},{"damage":30,"enemies":"Orb Walker","floor":37,"turns":3},{"damage":24,"enemies":"Writhing Mass","floor":38,"turns":3},{"damage":0,"enemies":"downfall:FleeingMerchant","floor":39,"turns":1},{"damage":20,"enemies":"Jaw Worm Horde","floor":40,"turns":4},{"damage":0,"enemies":"Reptomancer","floor":42,"turns":4},{"damage":18,"enemies":"3 Darklings","floor":43,"turns":4},{"damage":20,"enemies":"Giant Head","floor":46,"turns":2},{"damage":10,"enemies":"Reptomancer","floor":48,"turns":4},{"damage":20,"enemies":"Transient","floor":49,"turns":5},{"damage":16,"enemies":"SI_POISON_ARCHETYPE","floor":50,"turns":6},{"damage":38,"enemies":"downfall:CharBossMerchant","floor":52,"turns":6},{"damage":22,"enemies":"downfall:NeowBoss","floor":55,"turns":10},{"damage":34,"enemies":"downfall:NeowBossFinal","floor":56,"turns":6}],"seed_played":"962445240895873253","potions_obtained":[{"floor":10,"key":"AttackPotion"},{"floor":12,"key":"AttackPotion"},{"floor":16,"key":"ColorlessPotion"},{"floor":28,"key":"Swift Potion"},{"floor":29,"key":"ColorlessPotion"},{"floor":32,"key":"FearPotion"},{"floor":33,"key":"DuplicationPotion"},{"floor":36,"key":"DistilledChaos"},{"floor":46,"key":"PowerPotion"}],"is_trial":false,"path_per_floor":["R","M","?","?","?","T","T","M","E","M","R","M","R","M","M","B",null,"R","M","M","?","$","R","T","M","M","R","M","E","R","$","M","B",null,"R","M","M","M","$","M","T","E","M","?","R","E","R","E","M","B",null,"E","$","R","B","B",null],"character_chosen":"THE_CHAMP","items_purchased":["expansioncontent:DashGenerateEvil+1","champ:FightingForDummies","champ:ShieldWall","champ:IgnorePain","champ:GladiatorStyle","Frozen Eye","Lee\u0027s Waffle","Slimebound:StickyStick","AttackPotion"],"campfire_rested":0,"item_purchase_floors":[22,22,31,39,39,39,53,53,53],"current_hp_per_floor":[81,77,77,77,77,77,77,77,69,69,79,79,79,65,62,61,90,90,75,64,100,100,100,100,100,90,90,79,81,81,83,85,44,86,86,88,80,78,80,62,62,64,48,48,48,50,50,52,54,50,88,52,107,107,95,73],"gold":39,"neow_bonus":"BOSS_RELIC","is_daily":false,"chose_seed":false,"campfire_upgraded":10,"win_rate":0.0,"timestamp":1613194400,"path_taken":["R","M","?","?","?","?","T","?","E","M","R","M","R","M","M","BOSS","R","M","M","?","$","R","T","M","M","R","M","E","R","?","M","BOSS","R","M","M","M","$","?","T","E","M","?","R","E","R","E","M","BOSS","E","$","R","BOSS","BOSS"],"items_purchased_type":["Card","Relic","Card","Card","Card","Relic","Relic","Relic","Potion"],"build_version":"2020-12-22","purchased_purges":1,"victory":true,"max_hp_per_floor":[90,90,90,90,90,90,90,90,90,90,100,100,100,100,100,100,100,100,100,100,100,100,100,100,100,100,100,100,100,100,100,100,100,100,100,100,100,100,100,100,100,100,100,100,100,100,100,100,100,100,100,100,107,107,107,107],"card_choices":[{"not_picked":["champ:EnGarde","champ:Haymaker"],"picked":"champ:PerfectedStrike","floor":2},{"not_picked":["champ:CrookedStrike","champ:CalledShot"],"picked":"champ:BringItOn","floor":8},{"not_picked":["champ:DefensiveShout","champ:CrownThrow+1","champ:StanceDance"],"picked":"SKIP","floor":9},{"not_picked":["champ:CrownThrow+1","champ:FancyFootwork"],"picked":"champ:AdrenalArmor","floor":10},{"not_picked":["champ:FocusedDefense","champ:ShieldSlam"],"picked":"champ:Parry","floor":12},{"not_picked":["champ:StanceDance","champ:RageSigil"],"picked":"champ:CalledShot","floor":14},{"not_picked":["champ:EndlessRage","champ:Lariat"],"picked":"champ:Haymaker+1","floor":15},{"not_picked":["champ:EnchantShield","champ:EnchantCrown"],"picked":"champ:SwordThrow+1","floor":16},{"not_picked":["champ:EnGarde","champ:CrownThrow+1","champ:CalledShot"],"picked":"SKIP","floor":19},{"not_picked":["champ:HeartStrike+1","champ:PreciseThrust+1"],"picked":"champ:Parry","floor":20},{"not_picked":["champ:StrikeOfGenius","champ:PreemptiveStrike+1"],"picked":"champ:TornadoPunch+1","floor":22},{"not_picked":["champ:GutPunch+1","champ:BerserkersShout","champ:FalseCounter"],"picked":"SKIP","floor":25},{"not_picked":["champ:Lariat","champ:BladeFlurry+1","champ:SwordSigil"],"picked":"SKIP","floor":26},{"not_picked":["champ:BladeFlurry+1","champ:Shatter+1"],"picked":"champ:FaceSlap+1","floor":28},{"not_picked":["champ:FocusedDefense+1","champ:CrownThrow+1","champ:RapidStrikes+1"],"picked":"SKIP","floor":29},{"not_picked":["champ:DefensiveShout","champ:IronFortress"],"picked":"champ:Haymaker+1","floor":31},{"not_picked":["champ:StanceDance","champ:ArenaPreparation"],"picked":"champ:TripleStrike+1","floor":32},{"not_picked":["champ:StrikeOfGenius","champ:EnchantShield"],"picked":"champ:HoldFirm","floor":33},{"not_picked":["champ:FanOfKnives+1","champ:ArenaPreparation+1"],"picked":"champ:PerfectedStrike+1","floor":36},{"not_picked":["champ:FocusedBerserking","champ:BringItOn","champ:ArenaPreparation+1"],"picked":"SKIP","floor":37},{"not_picked":["champ:BerserkerStyle+1","champ:SetATrap+1"],"picked":"champ:PerfectedStrike+1","floor":38},{"not_picked":["champ:FocusedBerserking+1","champ:FaceSlap+1","champ:GutPunch+1"],"picked":"SKIP","floor":39},{"not_picked":["champ:FanOfKnives+1","champ:GutPunch+1"],"picked":"champ:TornadoPunch+1","floor":40},{"not_picked":["champ:ShieldSigil","champ:IronFortress+1"],"picked":"champ:Improvising","floor":42},{"not_picked":["champ:Haymaker+1","champ:BringItOn"],"picked":"champ:GladiatorStyle+1","floor":43},{"not_picked":["champ:FlashCut+1","champ:Shatter+1"],"picked":"champ:TornadoPunch+1","floor":46},{"not_picked":["champ:SkillfulDodge+1","champ:GutPunch+1"],"picked":"champ:PerfectedStrike+1","floor":48},{"not_picked":["champ:StanceDance","champ:HeartStrike+1","champ:PreciseThrust+1"],"picked":"SKIP","floor":49},{"not_picked":["champ:EnragedBash+1","champ:CrownThrow+1"],"picked":"champ:Improvising","floor":52}],"player_experience":266120,"relics_obtained":[{"floor":7,"key":"Orichalcum"},{"floor":9,"key":"Molten Egg 2"},{"floor":24,"key":"Blood Vial"},{"floor":29,"key":"Mummified Hand"},{"floor":41,"key":"bronze:DecasWashers"},{"floor":42,"key":"MealTicket"},{"floor":46,"key":"hexamod:BolsterEngine"},{"floor":48,"key":"Gremlin Horn"},{"floor":52,"key":"Art of War"}],"event_choices":[{"cards_removed":["downfall:Icky"],"damage_healed":0,"gold_gain":0,"player_choice":"Card Removal","damage_taken":0,"max_hp_gain":0,"max_hp_loss":0,"event_name":"The Cleric","floor":4,"gold_loss":0},{"damage_healed":0,"gold_gain":0,"cards_transformed":["champ:Strike"],"player_choice":"Change","damage_taken":0,"max_hp_gain":0,"max_hp_loss":0,"event_name":"Living Wall","floor":5,"gold_loss":0,"cards_obtained":["champ:Duel"]},{"cards_removed":["champ:CalledShot"],"damage_healed":36,"gold_gain":0,"player_choice":"Offered Uncommon","damage_taken":0,"max_hp_gain":0,"max_hp_loss":0,"event_name":"Bonfire Elementals","floor":21,"gold_loss":0},{"cards_removed":["champ:Defend"],"damage_healed":0,"gold_gain":0,"player_choice":"Removed Skill","damage_taken":0,"max_hp_gain":0,"max_hp_loss":0,"event_name":"Falling","floor":44,"gold_loss":0}],"is_beta":false,"boss_relics":[{"not_picked":["Coffee Dripper","beaked:MawFillet"],"picked":"champ:PowerArmor"},{"not_picked":["Tiny House","bronze:MakeshiftBattery"],"picked":"Empty Cage"}],"items_purged_floors":[22],"is_endless":false,"potions_floor_spawned":[10,12,16,28,29,32,33,36,37,40,46],"ascension_level":8}}