{"host":"xxl27ehzxw6j4k3y","time":1613214458,"event":{"mods":["Act Like it!","Alarm Clock","Aspiration","BaseMod","Better Altar","Better Match","Better Note","Better Sensory Stone","Better Skull","Better Third Choice","BetterRewards","Card Forge","Conspire","Displayed Cursed Tome","Hermit","Hubris","Minty Spire (QoL Compilation)","Quick Restart","Shop Mod","Spicy Shops","StSLib","SuperFastMode","Transform Curses"],"gold_per_floor":[119,119,39,56,56,56,97,97,97,97,115,153,167,37,37,128,128,148,171,11,11,11,29,29,29,29],"floor_reached":25,"language":"ENG","playtime":809,"items_purged":[],"score":418,"play_id":"948a9bfc-a964-4035-9d23-8333f22d5e22","local_time":"20210213120738","is_ascension_mode":true,"campfire_choices":[{"data":"hubris:PowerSurge","floor":6,"key":"SMITH"},{"floor":8,"key":"REST"},{"floor":10,"key":"REST"},{"floor":15,"key":"REST"}],"circlet_count":0,"master_deck":["AscendersBane","Strike_B","Defend_B","Defend_B","Defend_B","Defend_B","Zap","Dualcast","Chaos","Strike_G","Flechettes","Die Die Die","hubris:PowerSurge+1","Hologram","Injury","Leap","Ball Lightning","Beam Cell","Stack","conspire:SharedLibrary","Multi-Cast","Conserve Battery","hubris:Ukulele","Stack","Beam Cell"],"relics":["Cracked Core","Hammer of Thor","Seething Fire","Anvil of the Gods","aspiration:DSix","Golden Idol","StrikeDummy","hubris:Reverence","Inserter","aspiration:Nostalgia","Ring of the Snake","Bag of Marbles"],"acts_visited":["Exordium","TheCity"],"potions_floor_usage":[12,16,16],"damage_taken":[{"damage":2,"enemies":"2 Louse","floor":1,"turns":2},{"damage":3,"enemies":"Jaw Worm","floor":4,"turns":3},{"damage":53,"enemies":"Gremlin Nob","floor":7,"turns":4},{"damage":0,"enemies":"conspire:RoseBush","floor":11,"turns":3},{"damage":10,"enemies":"3 Sentries","floor":12,"turns":3},{"damage":4,"enemies":"conspire:2 RoseBushes","floor":13,"turns":3},{"damage":26,"enemies":"The Guardian","floor":16,"turns":7},{"damage":28,"enemies":"Chosen","floor":18,"turns":4},{"damage":4,"enemies":"Shell Parasite","floor":19,"turns":6},{"damage":18,"enemies":"Snake Plant","floor":23,"turns":3},{"damage":12,"enemies":"conspire:SneckoGhost","floor":25,"turns":2}],"seed_played":"-7970058050261233547","potions_obtained":[{"floor":4,"key":"SpeedPotion"},{"floor":11,"key":"DuplicationPotion"},{"floor":13,"key":"AttackPotion"},{"floor":16,"key":"FocusPotion"},{"floor":19,"key":"PowerPotion"}],"is_trial":false,"path_per_floor":["M","?","$","M","?","R","E","R","T","R","M","E","M","$","R","B",null,"M","M","$","?","$","M","?","E"],"character_chosen":"DEFECT","items_purchased":["hubris:PowerSurge","conspire:SharedLibrary","PowerPotion","aspiration:Nostalgia"],"campfire_rested":3,"item_purchase_floors":[3,14,14,20],"current_hp_per_floor":[62,62,62,59,59,59,6,27,27,48,48,38,34,34,55,29,61,33,29,29,29,29,11,11,0,0],"gold":29,"neow_bonus":"DSIX","is_daily":false,"chose_seed":false,"campfire_upgraded":1,"win_rate":0.0,"timestamp":1613214458,"path_taken":["M","?","?","M","?","R","E","R","T","R","?","E","?","?","R","BOSS","M","M","$","?","$","M","?","E"],"items_purchased_type":["Card","Card","Potion","Relic"],"build_version":"2020-12-22","purchased_purges":0,"victory":false,"max_hp_per_floor":[71,71,71,71,71,71,71,71,71,71,71,71,71,71,71,71,71,71,71,71,71,71,71,71,71,71],"card_choices":[{"not_picked":["Gash","Hologram"],"picked":"Chaos","floor":1},{"not_picked":["Go for the Eyes","Leap"],"picked":"Hologram","floor":4},{"not_picked":["Turbo","Rainbow"],"picked":"Leap","floor":7},{"not_picked":["Stack","Coolheaded"],"picked":"Ball Lightning","floor":11},{"not_picked":["Glacier","Machine Learning"],"picked":"Beam Cell","floor":12},{"not_picked":["Turbo","Redo"],"picked":"Stack","floor":13},{"not_picked":["Reboot","Rainbow"],"picked":"Multi-Cast","floor":16},{"not_picked":["Leap+1","Recycle"],"picked":"Conserve Battery","floor":18},{"not_picked":["Leap","Sweeping Beam+1"],"picked":"hubris:Ukulele","floor":19},{"not_picked":["Reprogram","Recycle"],"picked":"Stack","floor":23}],"player_experience":571577,"relics_obtained":[{"floor":7,"key":"StrikeDummy"},{"floor":12,"key":"hubris:Reverence"}],"event_choices":[{"damage_healed":0,"gold_gain":0,"player_choice":"Take Wound","damage_taken":0,"relics_obtained":["Golden Idol"],"max_hp_gain":0,"max_hp_loss":0,"event_name":"Golden Idol","floor":5,"gold_loss":0,"cards_obtained":["Injury"]},{"damage_healed":0,"gold_gain":0,"player_choice":"Gave Potion","damage_taken":0,"relics_obtained":["Bag of Marbles"],"max_hp_gain":0,"max_hp_loss":0,"event_name":"WeMeetAgain","floor":21,"gold_loss":0},{"cards_removed":["Die Die Die"],"damage_healed":0,"gold_gain":0,"player_choice":"Take \u0026 Give","damage_taken":0,"max_hp_gain":0,"max_hp_loss":0,"event_name":"betterNote:BetterNote","floor":24,"gold_loss":0,"cards_obtained":["Beam Cell"]}],"is_beta":false,"boss_relics":[{"not_picked":["hubris:HollowSoul","SacredBark"],"picked":"Inserter"}],"items_purged_floors":[],"is_endless":false,"potions_floor_spawned":[4,11,13,16,19],"killed_by":"conspire:SneckoGhost","ascension_level":20}}