{"host":"yhhyog5h1q67ienp","time":1613250211,"event":{"mods":["AchievementEnabler","BaseMod","Block Reminder","Colored Map","Colored Powertips","Minty Spire (QoL Compilation)","Quick Restart","Relic Stats","StSLib","ojb\u0027s Better Paths Mod","ojb\u0027s Info Mod"],"gold_per_floor":[119,119,138,152,169,199,199,234,257,276,17,17,34,61,61,139,139,157,134,153,153,153],"floor_reached":21,"language":"ENG","playtime":2126,"items_purged":["Strike_P"],"score":456,"play_id":"8565309f-0825-4526-bb7a-27f31171f292","local_time":"20210213180331","is_ascension_mode":true,"campfire_choices":[{"data":"CrushJoints","floor":7,"key":"SMITH"},{"floor":12,"key":"REST"},{"data":"FollowUp","floor":15,"key":"SMITH"}],"circlet_count":0,"master_deck":["AscendersBane","Strike_P","Strike_P","Defend_P+1","Defend_P+1","Defend_P","Defend_P","Eruption","Vigilance","SashWhip","Adaptation","FlurryOfBlows","CrushJoints+1","ThirdEye","Weave","CutThroughFate","ThirdEye","FollowUp+1","CutThroughFate","FlurryOfBlows","Brilliance","WaveOfTheHand+1","Collect+1","WaveOfTheHand"],"relics":["PureWater","GoldenEye","Oddly Smooth Stone","Boot","War Paint","Black Star"],"acts_visited":["Exordium","TheCity"],"potions_floor_usage":[8,8,14,16,19],"damage_taken":[{"damage":0,"enemies":"Jaw Worm","floor":1,"turns":4},{"damage":0,"enemies":"Cultist","floor":3,"turns":2},{"damage":8,"enemies":"Small Slimes","floor":4,"turns":3},{"damage":5,"enemies":"2 Fungi Beasts","floor":5,"turns":4},{"damage":16,"enemies":"Gremlin Nob","floor":6,"turns":3},{"damage":22,"enemies":"3 Sentries","floor":8,"turns":6},{"damage":0,"enemies":"Looter","floor":10,"turns":2},{"damage":0,"enemies":"Large Slime","floor":13,"turns":4},{"damage":0,"enemies":"Lagavulin","floor":14,"turns":2},{"damage":9,"enemies":"Hexaghost","floor":16,"turns":7},{"damage":0,"enemies":"Chosen","floor":18,"turns":3},{"damage":4,"enemies":"2 Thieves","floor":19,"turns":4},{"damage":31,"enemies":"Snecko","floor":20,"turns":7},{"damage":37,"enemies":"3 Cultists","floor":21,"turns":3}],"seed_played":"-8710390347952279820","potions_obtained":[{"floor":1,"key":"ColorlessPotion"},{"floor":6,"key":"BlessingOfTheForge"},{"floor":10,"key":"Block Potion"},{"floor":14,"key":"StancePotion"},{"floor":20,"key":"CultistPotion"}],"is_trial":false,"path_per_floor":["M","?","M","M","M","E","R","E","T","M","$","R","M","E","R","B",null,"M","M","M","M"],"character_chosen":"WATCHER","items_purchased":["CutThroughFate","FearPotion","ThirdEye","FollowUp"],"campfire_rested":1,"item_purchase_floors":[11,11,11,11],"current_hp_per_floor":[67,67,67,59,54,38,38,16,16,16,16,38,38,38,38,29,63,63,59,28,0,0],"gold":153,"neow_bonus":"TEN_PERCENT_HP_BONUS","is_daily":false,"chose_seed":false,"campfire_upgraded":2,"win_rate":0.0,"timestamp":1613250211,"path_taken":["M","?","M","M","M","E","R","E","T","M","?","R","M","E","R","BOSS","M","M","M","M"],"items_purchased_type":["Card","Potion","Card","Card"],"build_version":"2020-12-22","purchased_purges":1,"victory":false,"max_hp_per_floor":[74,74,74,74,74,74,74,74,74,74,74,74,74,74,74,74,74,74,74,74,74,74],"relic_stats":{"counters":[14,54],"Black Star":0,"War Paint":["Defend_P","Defend_P"],"GoldenEye":[41],"Boot":[29],"obtain_stats":[{"Oddly Smooth Stone":8,"Black Star":17,"PureWater":0,"War Paint":14,"GoldenEye":6,"Boot":9},{"Oddly Smooth Stone":6,"Black Star":10,"PureWater":0,"War Paint":9,"GoldenEye":5,"Boot":6},{"Oddly Smooth Stone":22,"Black Star":37,"PureWater":0,"War Paint":30,"GoldenEye":16,"Boot":22}]},"card_choices":[{"not_picked":["Study","Nirvana"],"picked":"SashWhip","floor":1},{"not_picked":["EmptyBody","PathToVictory"],"picked":"Adaptation","floor":3},{"not_picked":["SignatureMove","EmptyMind"],"picked":"FlurryOfBlows","floor":4},{"not_picked":["Collect","WindmillStrike"],"picked":"CrushJoints","floor":5},{"not_picked":["DevaForm","ClearTheMind"],"picked":"ThirdEye","floor":6},{"not_picked":["CrushJoints","Consecrate"],"picked":"Weave","floor":8},{"not_picked":["WaveOfTheHand","Swivel","Evaluate"],"picked":"SKIP","floor":10},{"not_picked":["Consecrate","BattleHymn"],"picked":"CutThroughFate","floor":13},{"not_picked":["Halt","PathToVictory"],"picked":"FlurryOfBlows","floor":14},{"not_picked":["Judgement","Ragnarok"],"picked":"Brilliance","floor":16},{"not_picked":["Collect","Prostrate"],"picked":"WaveOfTheHand+1","floor":18},{"not_picked":["Crescendo","Prostrate"],"picked":"Collect+1","floor":19},{"not_picked":["Halt","InnerPeace"],"picked":"WaveOfTheHand","floor":20}],"player_experience":1473235,"relics_obtained":[{"floor":6,"key":"GoldenEye"},{"floor":8,"key":"Oddly Smooth Stone"},{"floor":9,"key":"Boot"},{"floor":14,"key":"War Paint"}],"event_choices":[{"cards_removed":["Strike_P"],"damage_healed":0,"gold_gain":0,"player_choice":"Purged","damage_taken":0,"max_hp_gain":0,"max_hp_loss":0,"event_name":"Purifier","floor":2,"gold_loss":0}],"is_beta":false,"boss_relics":[{"not_picked":["Cursed Key","SacredBark"],"picked":"Black Star"}],"items_purged_floors":[11],"is_endless":false,"potions_floor_spawned":[1,6,10,14,20],"killed_by":"3 Cultists","ascension_level":20}}