{"host":"7qoz5gmva6til3yp","time":1613240726,"event":{"mods":["2.2 Compatiblity","Astrologer","BaseMod","Minty Spire (QoL Compilation)","StSLib","SuperFastMode"],"gold_per_floor":[113,113,131,151,23,23,49,49,72,72,90,90,108,125,125,125,125],"floor_reached":16,"language":"KOR","playtime":304,"items_purged":["Strike_B"],"score":153,"play_id":"8d4922aa-4459-4c0e-92db-2fee4ff78704","local_time":"20210214032526","is_ascension_mode":true,"campfire_choices":[{"data":"Streamline","floor":6,"key":"SMITH"},{"floor":8,"key":"REST"},{"floor":10,"key":"REST"},{"floor":15,"key":"REST"}],"circlet_count":0,"master_deck":["AscendersBane","Strike_B","Strike_B","Strike_B","Defend_B","Defend_B","Defend_B","Defend_B","Zap","Dualcast","Machine Learning","Compile Driver","Leap","Cold Snap","Streamline+1","Ball Lightning","Reboot"],"relics":["Cracked Core","CultistMask","Tiny Chest","Nunchaku"],"acts_visited":["Exordium"],"potions_floor_usage":[14,16,16],"damage_taken":[{"damage":17,"enemies":"Small Slimes","floor":1,"turns":3},{"damage":5,"enemies":"Cultist","floor":3,"turns":5},{"damage":7,"enemies":"Jaw Worm","floor":4,"turns":3},{"damage":35,"enemies":"Lagavulin","floor":7,"turns":7},{"damage":16,"enemies":"Gremlin Gang","floor":11,"turns":5},{"damage":10,"enemies":"Large Slime","floor":13,"turns":4},{"damage":17,"enemies":"Lots of Slimes","floor":14,"turns":3},{"damage":32,"enemies":"Slime Boss","floor":16,"turns":5}],"seed_played":"-649318154082390162","potions_obtained":[{"floor":3,"key":"SpeedPotion"},{"floor":4,"key":"Strength Potion"},{"floor":11,"key":"AttackPotion"},{"floor":13,"key":"LiquidMemories"}],"is_trial":false,"path_per_floor":["M","?","M","M","$","R","E","R","T","R","M","$","M","M","R","B"],"character_chosen":"DEFECT","items_purchased":["Streamline"],"campfire_rested":3,"item_purchase_floors":[5],"current_hp_per_floor":[51,51,46,39,39,39,4,26,26,48,32,32,22,5,27,0,0],"gold":125,"neow_bonus":"ONE_RANDOM_RARE_CARD","is_daily":false,"chose_seed":false,"campfire_upgraded":1,"win_rate":0.0,"timestamp":1613240726,"path_taken":["M","?","M","M","?","R","E","R","T","R","M","$","M","M","R","BOSS"],"items_purchased_type":["Card"],"build_version":"2020-12-22","purchased_purges":1,"victory":false,"max_hp_per_floor":[75,75,75,75,75,75,75,75,75,75,75,75,75,75,75,75,75],"card_choices":[{"not_picked":["Reprogram","Go for the Eyes"],"picked":"Compile Driver","floor":1},{"not_picked":["Static Discharge","Beam Cell"],"picked":"Leap","floor":3},{"not_picked":["Beam Cell","White Noise"],"picked":"Cold Snap","floor":4},{"not_picked":["Turbo","Consume"],"picked":"Ball Lightning","floor":7},{"not_picked":["Rebound","Compile Driver"],"picked":"Reboot","floor":11},{"not_picked":["Stack","Hologram","Gash"],"picked":"SKIP","floor":13},{"not_picked":["Stack","Hologram","Gash"],"picked":"SKIP","floor":13},{"not_picked":["Capacitor","Static Discharge","Hologram"],"picked":"SKIP","floor":14}],"player_experience":501441,"relics_obtained":[{"floor":7,"key":"Tiny Chest"},{"floor":9,"key":"Nunchaku"}],"event_choices":[{"damage_healed":0,"gold_gain":0,"player_choice":"Trade","damage_taken":0,"relics_obtained":["CultistMask"],"max_hp_gain":0,"max_hp_loss":0,"event_name":"FaceTrader","floor":2,"gold_loss":0}],"is_beta":false,"boss_relics":[],"items_purged_floors":[5],"is_endless":false,"potions_floor_spawned":[3,4,11,13],"killed_by":"Slime Boss","ascension_level":10}}