{"host":"fevvm7bbzuh4s1jc","time":1613200927,"event":{"mods":["BaseMod","Highlight Path","Minty Spire (QoL Compilation)","Relic Stats"],"gold_per_floor":[167,92,112,112,131,163,163,198,198,178,178,198,68,82,82,155,155,168,184,184,184,184,213,213,243,269,269,298,315,342,358,358,431,431,449,449,32,50,67,97,131,176,188,200,212,224,249,271,283,295,307,319,331,1,26,26,26],"floor_reached":56,"language":"ENG","playtime":5292,"items_purged":["Strike_B"],"score":2296,"play_id":"b88de6e1-d659-4407-8e6a-0a86ab7029db","local_time":"20210213022207","is_ascension_mode":true,"campfire_choices":[{"data":"Darkness","floor":7.0,"key":"SMITH"},{"data":"Hologram","floor":11.0,"key":"SMITH"},{"data":"Turbo","floor":15.0,"key":"SMITH"},{"data":"Defragment","floor":27.0,"key":"SMITH"},{"data":"Capacitor","floor":32.0,"key":"SMITH"},{"floor":46.0,"key":"RECALL"},{"floor":49.0,"key":"REST"},{"data":"Defragment","floor":53.0,"key":"SMITH"}],"circlet_count":0,"master_deck":["AscendersBane","Zap","Dualcast","Cold Snap","Capacitor+1","Cold Snap","Darkness+1","Hologram+1","Reinforced Body","Turbo+1","Barrage","Glacier","Electrodynamics","Glacier","Scrape","Rainbow","Self Repair","Defragment+1","White Noise","Loop","Ghostly","Ghostly","Ghostly","Lockon","Skim","Reboot","Defragment+1","Reinforced Body+1","Echo Form"],"relics":["Tiny House","WingedGreaves","Sundial","Boot","FossilizedHelix","Pandora\u0027s Box","MutagenicStrength","HornCleat","Lizard Tail","Potion Belt","Mango","Cursed Key","Torii","Happy Flower","MawBank","Dream Catcher","Cables","Pocketwatch"],"acts_visited":["Exordium","TheCity","TheBeyond","TheEnding"],"potions_floor_usage":[56,56,56],"damage_taken":[{"damage":14.0,"enemies":"2 Louse","floor":1.0,"turns":3.0},{"damage":8.0,"enemies":"Jaw Worm","floor":3.0,"turns":5.0},{"damage":0.0,"enemies":"Cultist","floor":5.0,"turns":3.0},{"damage":16.0,"enemies":"Gremlin Nob","floor":6.0,"turns":4.0},{"damage":8.0,"enemies":"Lagavulin","floor":8.0,"turns":7.0},{"damage":0.0,"enemies":"2 Fungi Beasts","floor":12.0,"turns":5.0},{"damage":6.0,"enemies":"Red Slaver","floor":14.0,"turns":6.0},{"damage":0.0,"enemies":"The Guardian","floor":16.0,"turns":13.0},{"damage":0.0,"enemies":"Chosen","floor":18.0,"turns":5.0},{"damage":0.0,"enemies":"Shell Parasite","floor":19.0,"turns":6.0},{"damage":0.0,"enemies":"Book of Stabbing","floor":23.0,"turns":6.0},{"damage":7.0,"enemies":"Slavers","floor":25.0,"turns":3.0},{"damage":33.0,"enemies":"Gremlin Leader","floor":28.0,"turns":12.0},{"damage":0.0,"enemies":"Shelled Parasite and Fungi","floor":29.0,"turns":8.0},{"damage":0.0,"enemies":"Book of Stabbing","floor":30.0,"turns":6.0},{"damage":0.0,"enemies":"Centurion and Healer","floor":31.0,"turns":12.0},{"damage":14.0,"enemies":"Collector","floor":33.0,"turns":25.0},{"damage":0.0,"enemies":"3 Shapes","floor":35.0,"turns":3.0},{"damage":0.0,"enemies":"3 Darklings","floor":38.0,"turns":4.0},{"damage":0.0,"enemies":"Maw","floor":39.0,"turns":8.0},{"damage":26.0,"enemies":"Reptomancer","floor":40.0,"turns":10.0},{"damage":0.0,"enemies":"Nemesis","floor":41.0,"turns":7.0},{"damage":14.0,"enemies":"Giant Head","floor":42.0,"turns":9.0},{"damage":0.0,"enemies":"Spire Growth","floor":47.0,"turns":6.0},{"damage":12.0,"enemies":"3 Darklings","floor":48.0,"turns":3.0},{"damage":57.0,"enemies":"Awakened One","floor":50.0,"turns":21.0},{"damage":3.0,"enemies":"Time Eater","floor":51.0,"turns":19.0},{"damage":49.0,"enemies":"Shield and Spear","floor":55.0,"turns":9.0},{"damage":10,"enemies":"The Heart","floor":56,"turns":12}],"seed_played":"-5005712893432637368","potions_obtained":[{"floor":0.0,"key":"Weak Potion"},{"floor":8.0,"key":"Dexterity Potion"},{"floor":10.0,"key":"PowerPotion"},{"floor":12.0,"key":"Fire Potion"},{"floor":23.0,"key":"BlessingOfTheForge"},{"floor":29.0,"key":"Block Potion"},{"floor":31.0,"key":"FearPotion"},{"floor":33.0,"key":"SteroidPotion"},{"floor":38.0,"key":"CultistPotion"},{"floor":41.0,"key":"LiquidBronze"},{"floor":42.0,"key":"Fire Potion"},{"floor":55.0,"key":"FocusPotion"}],"is_trial":false,"path_per_floor":["M","?","M","T","M","E","R","E","T","?","R","M","$","M","R","B",null,"M","M","?","?","?","E","?","E","T","R","E","M","E","M","R","B",null,"M","?","$","M","M","E","E","E","T","?","$","R","M","M","R","B","B",null,"R","$","E","B"],"character_chosen":"DEFECT","items_purchased":["Barrage","Defragment","Torii","Cables","Block Potion"],"campfire_rested":1,"item_purchase_floors":[13,37,37,54,54],"current_hp_per_floor":[55,55,47,47,47,31,31,23,23,23,23,23,23,17,17,17,61,68,75,38,38,38,38,38,38,38,38,12,19,40,47,47,40,49,49,52,52,52,52,33,33,26,26,26,26,26,33,21,36,39,50,52,52,52,10,0,0],"gold":26,"neow_bonus":"BOSS_RELIC","is_daily":false,"chose_seed":false,"campfire_upgraded":6,"win_rate":0.0,"timestamp":1613200927,"path_taken":["M","?","M","?","?","E","R","E","T","?","R","M","$","?","R","BOSS","M","?","?","?","?","E","?","E","T","R","E","M","E","M","R","BOSS","M","?","$","?","M","E","E","E","T","?","?","R","M","M","R","BOSS","BOSS","R","$","E","BOSS"],"items_purchased_type":["Card","Card","Relic","Relic","Potion"],"build_version":"2020-12-22","purchased_purges":1,"victory":false,"max_hp_per_floor":[76,76,76,76,76,76,76,76,76,76,76,76,76,76,76,76,76,76,76,38,38,38,38,38,38,38,38,38,38,52,52,52,52,52,52,52,52,52,52,52,52,52,52,52,52,52,52,52,52,52,52,52,52,52,52,52,52],"relic_stats":{"Torii":10,"Happy Flower":[28],"counters":[29,240],"Boot":[235],"Cursed Key":0,"MawBank":156,"Cables":[18,4,13,1,0],"Lizard Tail":26,"Dream Catcher":1,"Sundial":[38],"Pandora\u0027s Box":["Glacier","Scrape","Rainbow","Self Repair","Defragment","White Noise"],"obtain_stats":[{"Potion Belt":28,"Tiny House":0,"Torii":37,"Happy Flower":40,"Mango":30,"Boot":8,"Cursed Key":34,"MawBank":41,"Cables":54,"Lizard Tail":25,"Dream Catcher":42,"HornCleat":23,"Sundial":6,"MutagenicStrength":22,"Pandora\u0027s Box":17,"WingedGreaves":4,"Cracked Core":0,"FossilizedHelix":9,"Pocketwatch":55},{"Potion Belt":13,"Tiny House":0,"Torii":18,"Happy Flower":21,"Mango":15,"Boot":5,"Cursed Key":17,"MawBank":22,"Cables":27,"Lizard Tail":12,"Dream Catcher":23,"HornCleat":11,"Sundial":4,"MutagenicStrength":10,"Pandora\u0027s Box":8,"WingedGreaves":2,"Cracked Core":0,"FossilizedHelix":5,"Pocketwatch":28},{"Potion Belt":78,"Tiny House":0,"Torii":132,"Happy Flower":154,"Mango":92,"Boot":22,"Cursed Key":129,"MawBank":161,"Cables":219,"Lizard Tail":66,"Dream Catcher":170,"HornCleat":63,"Sundial":15,"MutagenicStrength":57,"Pandora\u0027s Box":46,"WingedGreaves":8,"Cracked Core":0,"FossilizedHelix":22,"Pocketwatch":228}],"Pocketwatch":[21]},"card_choices":[{"not_picked":["Redo","Sweeping Beam"],"picked":"Cold Snap","floor":0.0},{"not_picked":["Sunder","Rip and Tear"],"picked":"Capacitor","floor":1.0},{"not_picked":["Redo","Conserve Battery"],"picked":"Cold Snap","floor":3.0},{"not_picked":["Static Discharge","Steam"],"picked":"Darkness","floor":5.0},{"not_picked":["Barrage","Redo"],"picked":"Hologram","floor":6.0},{"not_picked":["Force Field","Barrage"],"picked":"Reinforced Body","floor":8.0},{"not_picked":["Capacitor","Double Energy"],"picked":"Turbo","floor":12.0},{"not_picked":["Lockon","Chill"],"picked":"Glacier","floor":14.0},{"not_picked":["Machine Learning","Echo Form"],"picked":"Electrodynamics","floor":16.0},{"not_picked":["Stack","Sunder","Ball Lightning"],"picked":"SKIP","floor":18.0},{"not_picked":["Redo+1","Leap"],"picked":"Loop","floor":19.0},{"not_picked":["Conserve Battery","Ball Lightning","Recycle"],"picked":"SKIP","floor":23.0},{"not_picked":["Stack","Streamline","Rebound"],"picked":"SKIP","floor":25.0},{"not_picked":["Double Energy","Ball Lightning","Cold Snap"],"picked":"SKIP","floor":28.0},{"not_picked":["Reinforced Body","Barrage"],"picked":"Lockon","floor":29.0},{"not_picked":["Electrodynamics","Compile Driver"],"picked":"Skim","floor":30.0},{"not_picked":["Streamline","Static Discharge+1","Sweeping Beam"],"picked":"SKIP","floor":31.0},{"not_picked":["Hyperbeam","Fission"],"picked":"Reboot","floor":33.0},{"not_picked":["Gash","Chill","Coolheaded"],"picked":"SKIP","floor":35.0},{"not_picked":["Double Energy","Melter","Streamline"],"picked":"SKIP","floor":38.0},{"not_picked":["BootSequence+1","Steam","Streamline"],"picked":"SKIP","floor":39.0},{"not_picked":["Steam","Loop","Auto Shields+1"],"picked":"SKIP","floor":40.0},{"not_picked":["Self Repair","Sweeping Beam","Turbo"],"picked":"SKIP","floor":41.0},{"not_picked":["Static Discharge+1","Heatsinks"],"picked":"Reinforced Body+1","floor":42.0},{"not_picked":["Self Repair","Force Field","Beam Cell"],"picked":"SKIP","floor":47.0},{"not_picked":["White Noise","Rebound","Chaos"],"picked":"SKIP","floor":48.0},{"not_picked":["Redo","Storm"],"picked":"Echo Form","floor":49.0},{"not_picked":["Tempest","Darkness","Self Repair"],"picked":"SKIP","floor":55.0}],"player_experience":2832483,"relics_obtained":[{"floor":4.0,"key":"WingedGreaves"},{"floor":6.0,"key":"Sundial"},{"floor":8.0,"key":"Boot"},{"floor":9.0,"key":"FossilizedHelix"},{"floor":23.0,"key":"HornCleat"},{"floor":25.0,"key":"Lizard Tail"},{"floor":28.0,"key":"Potion Belt"},{"floor":30.0,"key":"Mango"},{"floor":40.0,"key":"Happy Flower"},{"floor":41.0,"key":"MawBank"},{"floor":42.0,"key":"Dream Catcher"},{"floor":55.0,"key":"Pocketwatch"}],"event_choices":[{"cards_removed":["Strike_B"],"damage_healed":0.0,"max_hp_gain":0.0,"max_hp_loss":0.0,"gold_gain":0.0,"event_name":"The Cleric","player_choice":"Card Removal","floor":2.0,"gold_loss":75.0,"damage_taken":0.0},{"damage_healed":0.0,"max_hp_gain":0.0,"max_hp_loss":0.0,"gold_gain":0.0,"event_name":"The Woman in Blue","player_choice":"Bought 1 Potion","floor":10.0,"gold_loss":0.0,"damage_taken":0.0},{"damage_healed":0.0,"max_hp_gain":0.0,"max_hp_loss":38.0,"gold_gain":0.0,"event_name":"Ghosts","player_choice":"Became a Ghost","floor":20.0,"gold_loss":0.0,"damage_taken":0.0,"cards_obtained":["Ghostly","Ghostly","Ghostly"]},{"damage_healed":0.0,"max_hp_gain":0.0,"max_hp_loss":0.0,"gold_gain":0.0,"event_name":"Vampires","player_choice":"Ignored","floor":21.0,"gold_loss":0.0,"damage_taken":0.0},{"damage_healed":0.0,"max_hp_gain":0.0,"max_hp_loss":0.0,"gold_gain":0.0,"event_name":"Drug Dealer","player_choice":"Inject Mutagens","floor":22.0,"gold_loss":0.0,"damage_taken":0.0,"relics_obtained":["MutagenicStrength"]},{"damage_healed":0.0,"max_hp_gain":0.0,"max_hp_loss":0.0,"gold_gain":0.0,"event_name":"The Mausoleum","player_choice":"Ignored","floor":24.0,"gold_loss":0.0,"damage_taken":0.0},{"damage_healed":3.0,"max_hp_gain":0.0,"max_hp_loss":0.0,"gold_gain":0.0,"event_name":"Wheel of Change","player_choice":"Full Heal","floor":36.0,"gold_loss":0.0,"damage_taken":0.0},{"damage_healed":0.0,"max_hp_gain":0.0,"max_hp_loss":0.0,"gold_gain":0.0,"event_name":"Tomb of Lord Red Mask","player_choice":"Ignored","floor":44.0,"gold_loss":0.0,"damage_taken":0.0}],"is_beta":false,"boss_relics":[{"not_picked":["SacredBark","Ectoplasm"],"picked":"Pandora\u0027s Box"},{"not_picked":["Fusion Hammer","Philosopher\u0027s Stone"],"picked":"Cursed Key"}],"items_purged_floors":[13],"is_endless":false,"potions_floor_spawned":[8,12,16,23,29,31,33,38,41,42,55],"killed_by":"The Heart","ascension_level":20}}