{"host":"1bzbl1adcbkdzqlf","time":1613178421,"event":{"mods":["BaseMod","Minty Spire (QoL Compilation)","Slay the Relics Exporter"],"gold_per_floor":[117,117,127,191,206,241,241,270,295,295,313,35,85,113,113,185,185,204,179,229,297,347,382,382,414,487,500,516,516,536,586,586,661,661,674,724,788,808,572,582,616,666,691,724,724,302,352,402,402,402,402,402,135,135,135],"floor_reached":54,"language":"ENG","playtime":9520,"items_purged":["Flex","Bite"],"score":1493,"play_id":"51384185-cedd-475d-8466-a4967b4ed61e","local_time":"20210212190701","is_ascension_mode":true,"campfire_choices":[{"data":"Bash","floor":7,"key":"SMITH"},{"data":"Shrug It Off","floor":10,"key":"SMITH"},{"floor":15,"key":"REST"},{"floor":24,"key":"DIG"},{"floor":29,"key":"DIG"},{"floor":32,"key":"DIG"},{"floor":45,"key":"DIG"},{"floor":49,"key":"RECALL"},{"floor":52,"key":"DIG"}],"circlet_count":0,"master_deck":["AscendersBane","Defend_R","Defend_R","Defend_R","Defend_R","Bash+1","Twin Strike","Thunderclap","Clothesline","Sword Boomerang","Shrug It Off+1","Shockwave","Iron Wave","Offering","Battle Trance","Bite","Bite","Bite","Bite","Ghostly Armor","Shrug It Off","RitualDagger","Demon Form+1","Heavy Blade+1","Brutality+1","Finesse","Secret Technique"],"relics":["Burning Blood","Bronze Scales","SsserpentHead","Lantern","Orichalcum","Omamori","Kunai","Akabeko","Coffee Dripper","Shovel","Shuriken","Singing Bowl","Eternal Feather","Frozen Egg 2","Meat on the Bone","Black Star","WarpedTongs","Oddly Smooth Stone","Self Forming Clay","Art of War","TungstenRod","Centennial Puzzle","Strawberry","Bag of Preparation","Anchor","Ornamental Fan","Paper Frog"],"acts_visited":["Exordium","TheCity","TheBeyond","TheEnding"],"potions_floor_usage":[6,8,16,25,37,53,54,54],"damage_taken":[{"damage":3,"enemies":"2 Louse","floor":1,"turns":3},{"damage":2,"enemies":"Cultist","floor":3,"turns":4},{"damage":4,"enemies":"Jaw Worm","floor":4,"turns":3},{"damage":23,"enemies":"Large Slime","floor":5,"turns":6},{"damage":15,"enemies":"3 Sentries","floor":6,"turns":6},{"damage":25,"enemies":"Gremlin Nob","floor":8,"turns":4},{"damage":7,"enemies":"Lots of Slimes","floor":11,"turns":4},{"damage":20,"enemies":"3 Sentries","floor":14,"turns":7},{"damage":23,"enemies":"The Guardian","floor":16,"turns":10},{"damage":5,"enemies":"2 Thieves","floor":18,"turns":3},{"damage":17,"enemies":"Chosen","floor":21,"turns":4},{"damage":33,"enemies":"Slavers","floor":23,"turns":7},{"damage":12,"enemies":"Gremlin Leader","floor":25,"turns":5},{"damage":1,"enemies":"Snecko","floor":27,"turns":3},{"damage":7,"enemies":"Shelled Parasite and Fungi","floor":28,"turns":2},{"damage":15,"enemies":"Snake Plant","floor":30,"turns":2},{"damage":106,"enemies":"Champ","floor":33,"turns":11},{"damage":15,"enemies":"3 Shapes","floor":35,"turns":4},{"damage":1,"enemies":"Orb Walker","floor":37,"turns":3},{"damage":27,"enemies":"Jaw Worm Horde","floor":38,"turns":4},{"damage":36,"enemies":"Spire Growth","floor":40,"turns":4},{"damage":63,"enemies":"Reptomancer","floor":41,"turns":8},{"damage":32,"enemies":"Giant Head","floor":44,"turns":8},{"damage":31,"enemies":"Time Eater","floor":50,"turns":6},{"damage":87,"enemies":"Shield and Spear","floor":54,"turns":6}],"seed_played":"-7179966462559180096","potions_obtained":[{"floor":4,"key":"Weak Potion"},{"floor":5,"key":"Fire Potion"},{"floor":14,"key":"Swift Potion"},{"floor":16,"key":"SpeedPotion"},{"floor":18,"key":"ElixirPotion"},{"floor":23,"key":"FairyPotion"},{"floor":33,"key":"PowerPotion"},{"floor":35,"key":"LiquidMemories"},{"floor":38,"key":"EntropicBrew"}],"is_trial":false,"path_per_floor":["M","?","M","M","M","E","R","E","T","R","M","$","?","E","R","B",null,"M","?","?","M","?","E","R","E","T","M","M","R","M","?","R","B",null,"M","?","M","M","$","M","E","?","T","E","R","$","?","?","R","B",null,"R","$","E"],"character_chosen":"IRONCLAD","items_purchased":["Kunai","Oddly Smooth Stone","Bag of Preparation","Anchor","Paper Frog"],"campfire_rested":1,"item_purchase_floors":[12,39,46,46,53],"current_hp_per_floor":[71,71,75,75,58,49,49,30,30,30,29,29,29,15,37,20,61,62,62,56,45,45,34,34,48,48,56,58,58,55,49,58,36,53,51,51,62,48,48,46,29,42,42,46,68,68,61,61,75,55,70,75,75,0,0],"gold":135,"neow_bonus":"RANDOM_COMMON_RELIC","is_daily":false,"chose_seed":false,"campfire_upgraded":2,"win_rate":0.0,"timestamp":1613178421,"path_taken":["M","?","M","?","M","E","R","E","T","R","M","$","?","E","R","BOSS","M","?","?","?","?","E","R","E","T","M","M","R","M","?","R","BOSS","M","?","?","M","$","M","E","?","T","E","R","$","?","?","R","BOSS","R","$","E"],"items_purchased_type":["Relic","Relic","Relic","Relic","Relic"],"build_version":"2020-12-22","purchased_purges":2,"victory":false,"max_hp_per_floor":[75,75,75,75,75,75,75,75,75,75,75,75,75,75,75,75,75,75,75,75,75,52,52,52,54,54,56,58,58,58,58,58,58,58,60,60,62,62,62,64,66,66,66,66,73,73,75,75,75,75,75,75,75,75,75],"card_choices":[{"not_picked":["Wild Strike","Warcry"],"picked":"Flex","floor":1},{"not_picked":["Warcry","Havoc"],"picked":"Twin Strike","floor":3},{"not_picked":["Armaments","Evolve"],"picked":"Thunderclap","floor":4},{"not_picked":["Evolve","Rupture"],"picked":"Clothesline","floor":5},{"not_picked":["Havoc","Fire Breathing"],"picked":"Sword Boomerang","floor":6},{"not_picked":["Warcry","Limit Break"],"picked":"Shrug It Off","floor":8},{"not_picked":["Dropkick","Headbutt"],"picked":"Shockwave","floor":11},{"not_picked":["Heavy Blade","Offering"],"picked":"Iron Wave","floor":14},{"not_picked":["Double Tap","Fiend Fire"],"picked":"Offering","floor":16},{"not_picked":["Warcry","Headbutt"],"picked":"Battle Trance","floor":18},{"not_picked":["Body Slam","Clash+1","Dropkick"],"picked":"SKIP","floor":21},{"not_picked":["Twin Strike","Whirlwind"],"picked":"Ghostly Armor","floor":23},{"not_picked":["Infernal Blade","Armaments","Clash"],"picked":"Singing Bowl","floor":25},{"not_picked":["Rage","True Grit","Entrench"],"picked":"Singing Bowl","floor":27},{"not_picked":["Cleave","Rampage","Headbutt"],"picked":"Singing Bowl","floor":28},{"not_picked":["Clash","Cleave"],"picked":"Shrug It Off","floor":30},{"not_picked":["Fiend Fire","Impervious"],"picked":"Demon Form+1","floor":33},{"not_picked":["Cleave","Searing Blow","Heavy Blade"],"picked":"Singing Bowl","floor":35},{"not_picked":["Anger","Wild Strike+1","Clash"],"picked":"Singing Bowl","floor":37},{"not_picked":["Clash","Twin Strike+1"],"picked":"Heavy Blade+1","floor":38},{"not_picked":["Seeing Red","Anger","Sentinel"],"picked":"Singing Bowl","floor":40},{"not_picked":["Shockwave","Infernal Blade","Dual Wield"],"picked":"Singing Bowl","floor":41},{"not_picked":["Wild Strike","Anger"],"picked":"Brutality+1","floor":44},{"not_picked":["Blind","Good Instincts","Madness"],"picked":"Singing Bowl","floor":47},{"not_picked":["Deep Breath","Sadistic Nature+1"],"picked":"Finesse","floor":47},{"not_picked":["Dramatic Entrance","Blind"],"picked":"Secret Technique","floor":47}],"player_experience":468756,"relics_obtained":[{"floor":6,"key":"Lantern"},{"floor":8,"key":"Orichalcum"},{"floor":9,"key":"Omamori"},{"floor":14,"key":"Akabeko"},{"floor":23,"key":"Shovel"},{"floor":24,"key":"Shuriken"},{"floor":25,"key":"Singing Bowl"},{"floor":26,"key":"Eternal Feather"},{"floor":29,"key":"Frozen Egg 2"},{"floor":32,"key":"Meat on the Bone"},{"floor":41,"key":"Self Forming Clay"},{"floor":41,"key":"Art of War"},{"floor":44,"key":"TungstenRod"},{"floor":44,"key":"Centennial Puzzle"},{"floor":45,"key":"Strawberry"},{"floor":52,"key":"Ornamental Fan"}],"event_choices":[{"damage_healed":0,"gold_gain":0,"player_choice":"Trade","damage_taken":0,"relics_obtained":["SsserpentHead"],"max_hp_gain":0,"max_hp_loss":0,"event_name":"FaceTrader","floor":2,"gold_loss":0},{"damage_healed":0,"gold_gain":0,"player_choice":"Ignored","damage_taken":0,"max_hp_gain":0,"max_hp_loss":0,"event_name":"Shining Light","floor":13,"gold_loss":0},{"cards_removed":["Strike_R"],"damage_healed":0,"gold_gain":0,"player_choice":"Gave Gold","damage_taken":0,"max_hp_gain":0,"max_hp_loss":0,"event_name":"Beggar","floor":19,"gold_loss":75},{"damage_healed":0,"gold_gain":0,"player_choice":"","damage_taken":6,"max_hp_gain":0,"max_hp_loss":0,"event_name":"Knowing Skull","floor":20,"potions_obtained":[],"gold_loss":0,"cards_obtained":[]},{"damage_healed":0,"gold_gain":0,"player_choice":"Became a vampire","damage_taken":0,"max_hp_gain":0,"max_hp_loss":23,"event_name":"Vampires","floor":22,"gold_loss":0,"cards_obtained":["Bite","Bite","Bite","Bite","Bite"]},{"damage_healed":0,"gold_gain":0,"player_choice":"Joined the Cult","damage_taken":6,"max_hp_gain":0,"max_hp_loss":0,"event_name":"Nest","floor":31,"gold_loss":0,"cards_obtained":["RitualDagger"]},{"damage_healed":0,"gold_gain":0,"player_choice":"Rummage","damage_taken":0,"relics_obtained":["WarpedTongs"],"max_hp_gain":0,"max_hp_loss":0,"event_name":"Accursed Blacksmith","floor":36,"gold_loss":0,"cards_obtained":["Pain"]},{"damage_healed":13,"gold_gain":0,"player_choice":"Writhe","damage_taken":0,"max_hp_gain":0,"max_hp_loss":0,"event_name":"Winding Halls","floor":42,"gold_loss":0,"cards_obtained":["Writhe"]},{"damage_healed":0,"gold_gain":0,"player_choice":"Memory 3","damage_taken":10,"max_hp_gain":0,"max_hp_loss":0,"event_name":"SensoryStone","floor":47,"gold_loss":0},{"damage_healed":0,"gold_gain":0,"player_choice":"Ignored","damage_taken":0,"max_hp_gain":0,"max_hp_loss":0,"event_name":"Tomb of Lord Red Mask","floor":48,"gold_loss":0}],"is_beta":false,"boss_relics":[{"not_picked":["Runic Dome","Snecko Eye"],"picked":"Coffee Dripper"},{"not_picked":["Sozu","Tiny House"],"picked":"Black Star"}],"items_purged_floors":[39,46],"is_endless":false,"potions_floor_spawned":[4,5,14,16,18,23,33,35,38,44],"killed_by":"Shield and Spear","ascension_level":17}}