{"host":"knspyp6dy614fx6e","time":1613183311,"event":{"mods":["ATMod(°¢èªMod)","Aspiration","BaseMod","Bestiary","Better Altar","Better Skull","Better Third Choice","Block Reminder","Card Filter","Conspire","DeckTracker","Dota2Spire","Energized Spire","Jedi Mod","Minty Spire (QoL Compilation)","Monster B Gone","Quick Restart","Relic Filter Mod","Relic Stats","Reliquary","Replay The Spire","Shop Mod","Spicy Shops","StSLib","TestMod","Waifu the Spire","Weighted Paths","¡¾ÒÅÎï¿¨ÅÆ¡¿REMEMod"],"gold_per_floor":[117,117,134,134,134,168,186,186,209,240,259,259,290,310,310,387,387,405,405,446,12,12,12,56,102,152,185,185,244,289,339,339,443,443,484,528,528,606,651,651,294,294,294,294,294,353,371,371,85,85,85,115,115],"floor_reached":52,"language":"ZHS","playtime":2621,"items_purged":["Strike_G","Strike_G","Strike_G"],"score":1038,"play_id":"d3b50ec6-ac92-4e34-8e71-9e2f3a26f901","local_time":"20210213102831","is_ascension_mode":true,"campfire_choices":[{"data":"Neutralize","floor":8.0,"key":"SMITH"},{"data":"REME_GreenPollution","floor":12.0,"key":"SMITH"},{"data":"testmod-Recap","floor":23.0,"key":"SMITH"},{"data":"AT_ShadowStep","floor":28.0,"key":"SMITH"},{"data":"Tactician","floor":32.0,"key":"SMITH"},{"data":"testmod-CardIndex","floor":40,"key":"SMITH"},{"data":"Venomology","floor":42,"key":"SMITH"},{"floor":51,"key":"RECALL"}],"circlet_count":0,"master_deck":["AscendersBane","Defend_G","Defend_G","Defend_G","Defend_G","Defend_G","Survivor","Neutralize+1","All Out Attack+1","Cloak And Dagger","Flying Knee","Corpse Explosion","Adrenaline","Well Laid Plans","REME_GreenPollution+1","PiercingWail","AT_ShadowStep+1","REME_SpectralBlade","Slice","testmod-Recap+1","Acrobatics","Footwork","Venomology+1","Neutralize","Tactician+1","Noxious Fumes+1","jedi:forcepush","testmod-CardIndex+1","Backflip","Heel Hook"],"relics":["Ring of the Snake","AT_ATBox","testmod-TestBox","REME_ComplimentaryCards","NeowsBlessing","BargainBundle","Replay:Rubber Ducky","PreservedInsect","White Beast Statue","Odd Mushroom","jedi:paperlyon","Dota2Spire:HandOfMidas","Omamori","Akabeko","Eternal Feather","Ring of Chaos","jedi:fakemustache","Potion Belt","Dota2Spire:Desolator","Pen Nib","testmod-BlackFramedGlasses"],"acts_visited":["Exordium","TheCity","TheBeyond"],"potions_floor_usage":[36,39,39,39,39,39,39,47,47,52,52,52],"damage_taken":[{"damage":0.0,"enemies":"Small Slimes","floor":1.0,"turns":1.0},{"damage":0.0,"enemies":"2 Louse","floor":3.0,"turns":1.0},{"damage":0.0,"enemies":"Lagavulin","floor":6.0,"turns":2.0},{"damage":0.0,"enemies":"Cultist","floor":7.0,"turns":4.0},{"damage":7.0,"enemies":"Gremlin Nob","floor":10.0,"turns":4.0},{"damage":0.0,"enemies":"2 Fungi Beasts","floor":11.0,"turns":2.0},{"damage":1.0,"enemies":"Lagavulin","floor":13.0,"turns":7.0},{"damage":0.0,"enemies":"The Mushroom Lair","floor":14.0,"turns":2.0},{"damage":7.0,"enemies":"Hexaghost","floor":16.0,"turns":15.0},{"damage":12.0,"enemies":"Spheric Guardian","floor":18.0,"turns":5.0},{"damage":0.0,"enemies":"Chosen","floor":20.0,"turns":4.0},{"damage":5.0,"enemies":"Sentry and Sphere","floor":24.0,"turns":5.0},{"damage":0.0,"enemies":"3 Cultists","floor":25.0,"turns":4.0},{"damage":9.0,"enemies":"Book of Stabbing","floor":27.0,"turns":4.0},{"damage":7.0,"enemies":"Slavers","floor":29.0,"turns":4.0},{"damage":0.0,"enemies":"Shelled Parasite and Fungi","floor":30.0,"turns":5.0},{"damage":0.0,"enemies":"Snecko","floor":31.0,"turns":3.0},{"damage":35.0,"enemies":"Champ","floor":33.0,"turns":8.0},{"damage":0.0,"enemies":"Orb Walker","floor":35.0,"turns":5.0},{"damage":5,"enemies":"3 Shapes","floor":36,"turns":5},{"damage":14,"enemies":"Transient","floor":39,"turns":5},{"damage":1,"enemies":"Reptomancer","floor":46,"turns":5},{"damage":26,"enemies":"Jaw Worm Horde","floor":47,"turns":3},{"damage":72,"enemies":"Awakened One","floor":52,"turns":6}],"seed_played":"6769127640519590002","potions_obtained":[{"floor":1.0,"key":"testmod-SpacePotion"},{"floor":3.0,"key":"Block Potion"},{"floor":11.0,"key":"Energy Potion"},{"floor":14.0,"key":"Languid Potion"},{"floor":16.0,"key":"Explosive Potion"},{"floor":18.0,"key":"REME_GoldPotion"},{"floor":20.0,"key":"Swift Potion"},{"floor":24.0,"key":"EssenceOfSteel"},{"floor":25.0,"key":"SkillPotion"},{"floor":27.0,"key":"Fire Potion"},{"floor":29.0,"key":"Explosive Potion"},{"floor":30.0,"key":"Elixir"},{"floor":33.0,"key":"Strength Potion"},{"floor":35.0,"key":"Dota2Spire:HealingSalve"},{"floor":36,"key":"SneckoOil"},{"floor":39,"key":"SkillPotion"},{"floor":46,"key":"Reflective Coating"},{"floor":47,"key":"AttackPotion"}],"is_trial":false,"path_per_floor":["M","?","M","$","?","E","M","R","T","E","M","R","E","?","R","B",null,"M","?","M","$","?","R","M","M","T","E","R","E","M","M","R","B",null,"M","M","?","?","M","R","$","R","PTL","PTL","T","E","M","?","$","?","R","B"],"character_chosen":"THE_SILENT","items_purchased":["BargainBundle","Flying Knee","Poison Potion","Adrenaline Potion","Corpse Explosion","Dota2Spire:HandOfMidas","testmod-Recap","Acrobatics","jedi:fakemustache","Potion Belt","testmod-BlackFramedGlasses"],"campfire_rested":0,"item_purchase_floors":[4,4,4,4,4,21,21,21,41,41,49],"current_hp_per_floor":[59,52,52,52,52,52,52,52,52,45,45,45,44,44,63,56,64,52,52,52,52,52,52,47,47,47,38,38,31,31,31,46,11,52,52,62,52,31,17,35,55,66,66,66,66,65,39,35,45,45,63,0,0],"gold":115,"neow_bonus":"THREE_ENEMY_KILL","is_daily":false,"chose_seed":false,"campfire_upgraded":7,"win_rate":0.0,"timestamp":1613183311,"path_taken":["M","?","M","$","?","E","M","R","T","E","M","R","E","?","R","BOSS","M","?","?","$","?","R","?","M","T","E","R","E","M","M","R","BOSS","M","M","?","?","?","R","$","R","PTL","PTL","T","E","M","?","$","?","R","BOSS"],"items_purchased_type":["Relic","Card","Potion","Potion","Card","Relic","Card","Card","Relic","Relic","Relic"],"build_version":"2020-12-22","purchased_purges":3,"victory":false,"max_hp_per_floor":[66,66,66,66,66,66,66,66,66,66,66,66,66,66,66,66,66,66,66,66,66,66,66,66,66,66,66,66,66,66,66,66,66,66,66,66,66,66,66,66,66,66,66,66,66,66,66,66,66,63,63,63,63],"relic_stats":{"counters":[24,109],"Eternal Feather":62,"PreservedInsect":174,"Pen Nib":[2],"obtain_stats":[{"Potion Belt":41,"Dota2Spire:HandOfMidas":21,"BargainBundle":4,"AT_ATBox":0,"testmod-TestBox":0,"NeowsBlessing":0,"Eternal Feather":29,"PreservedInsect":10,"Ring of Chaos":34,"Pen Nib":46,"Omamori":26,"Odd Mushroom":14,"White Beast Statue":13,"Akabeko":27,"testmod-BlackFramedGlasses":49,"Replay:Rubber Ducky":6,"jedi:fakemustache":41,"jedi:paperlyon":17,"Ring of the Snake":0,"REME_ComplimentaryCards":0,"Dota2Spire:Desolator":45},{"Potion Belt":21,"Dota2Spire:HandOfMidas":11,"BargainBundle":2,"AT_ATBox":0,"testmod-TestBox":0,"NeowsBlessing":0,"Eternal Feather":15,"PreservedInsect":5,"Ring of Chaos":18,"Pen Nib":22,"Omamori":13,"Odd Mushroom":8,"White Beast Statue":7,"Akabeko":14,"testmod-BlackFramedGlasses":23,"Replay:Rubber Ducky":3,"jedi:fakemustache":21,"jedi:paperlyon":9,"Ring of the Snake":0,"REME_ComplimentaryCards":0,"Dota2Spire:Desolator":21},{"Potion Belt":95,"Dota2Spire:HandOfMidas":47,"BargainBundle":2,"AT_ATBox":0,"testmod-TestBox":0,"NeowsBlessing":0,"Eternal Feather":64,"PreservedInsect":12,"Ring of Chaos":80,"Pen Nib":100,"Omamori":56,"Odd Mushroom":23,"White Beast Statue":21,"Akabeko":60,"testmod-BlackFramedGlasses":103,"Replay:Rubber Ducky":4,"jedi:fakemustache":95,"jedi:paperlyon":38,"Ring of the Snake":0,"REME_ComplimentaryCards":0,"Dota2Spire:Desolator":95}],"Ring of the Snake":[48]},"card_choices":[{"not_picked":["Dash","Deadly Poison"],"picked":"All Out Attack","floor":1.0},{"not_picked":["Eviscerate","PiercingWail"],"picked":"Cloak And Dagger","floor":3.0},{"not_picked":["Dagger Throw","Flying Knee"],"picked":"Adrenaline","floor":6.0},{"not_picked":["Dagger Throw","AT_WindFlip"],"picked":"Well Laid Plans","floor":7.0},{"not_picked":["Bullet Time","AT_Desolate"],"picked":"REME_GreenPollution","floor":10.0},{"not_picked":["Dagger Throw","Bane"],"picked":"PiercingWail","floor":11.0},{"not_picked":["Eviscerate","Bane"],"picked":"AT_ShadowStep","floor":13.0},{"not_picked":["jedi:rejectivetoxin","Die Die Die"],"picked":"REME_SpectralBlade","floor":16.0},{"not_picked":["PiercingWail","Quick Slash+1","Dagger Throw"],"picked":"SKIP","floor":18.0},{"not_picked":["AT_ShadowStep","Prepared","Flying Knee"],"picked":"SKIP","floor":20.0},{"not_picked":["Quick Slash+1","Deadly Poison","Flechettes"],"picked":"SKIP","floor":24.0},{"not_picked":["Deadly Poison","Blade Dance","Prepared"],"picked":"SKIP","floor":25.0},{"not_picked":["Slice","REME_ShadowForm","Caltrops"],"picked":"SKIP","floor":27.0},{"not_picked":["Cloak And Dagger+1","Dagger Throw","Malaise"],"picked":"SKIP","floor":29.0},{"not_picked":["PiercingWail","Outmaneuver","Blade Dance"],"picked":"SKIP","floor":30.0},{"not_picked":["Sucker Punch","Dodge and Roll"],"picked":"Tactician","floor":31.0},{"not_picked":["Endless Agony+1","Backflip+1","Dodge and Roll"],"picked":"SKIP","floor":35.0},{"not_picked":["Outmaneuver","Tactician"],"picked":"Noxious Fumes+1","floor":36},{"not_picked":["Madness","testmod-Bloodthirsty"],"picked":"jedi:forcepush","floor":37},{"not_picked":["testmod-Mystery","testmod-Arrangement"],"picked":"testmod-CardIndex","floor":37},{"not_picked":["PiercingWail","Blade Dance"],"picked":"Backflip","floor":38},{"not_picked":["Backflip","Infinite Blades"],"picked":"Heel Hook","floor":39},{"not_picked":["Poisoned Stab","Prepared","Bane"],"picked":"SKIP","floor":46},{"not_picked":["Backflip","Outmaneuver","Riddle With Holes+1"],"picked":"SKIP","floor":47}],"player_experience":345018,"relics_obtained":[{"floor":6.0,"key":"Replay:Rubber Ducky"},{"floor":10.0,"key":"PreservedInsect"},{"floor":13.0,"key":"White Beast Statue"},{"floor":14.0,"key":"Odd Mushroom"},{"floor":26.0,"key":"Omamori"},{"floor":27.0,"key":"Akabeko"},{"floor":29.0,"key":"Eternal Feather"},{"floor":45,"key":"Dota2Spire:Desolator"},{"floor":46,"key":"Pen Nib"}],"event_choices":[{"cards_removed":["Strike_G"],"damage_healed":0.0,"max_hp_gain":0.0,"max_hp_loss":0.0,"gold_gain":0.0,"event_name":"Golden Wing","player_choice":"Card Removal","floor":2.0,"gold_loss":0.0,"damage_taken":7.0},{"damage_healed":0.0,"max_hp_gain":0.0,"max_hp_loss":0.0,"gold_gain":0.0,"event_name":"Liars Game","player_choice":"Ignored","floor":5.0,"gold_loss":0.0,"damage_taken":0.0},{"damage_healed":0.0,"max_hp_gain":0.0,"max_hp_loss":0.0,"gold_gain":0.0,"event_name":"Mushrooms","player_choice":"Fought Mushrooms","floor":14.0,"gold_loss":0.0,"damage_taken":0.0},{"damage_healed":0.0,"max_hp_gain":0.0,"max_hp_loss":0.0,"gold_gain":0.0,"cards_transformed":["Strike_G"],"event_name":"Transmorgrifier","player_choice":"Transformed","floor":19.0,"gold_loss":0.0,"damage_taken":0.0,"cards_obtained":["Slice"]},{"damage_healed":0.0,"max_hp_gain":0.0,"max_hp_loss":0.0,"gold_gain":0.0,"event_name":"Match and Keep!","player_choice":"3 cards matched","floor":22.0,"gold_loss":0.0,"damage_taken":0.0,"cards_obtained":["Footwork","Venomology","Neutralize"]},{"damage_healed":0,"gold_gain":0,"player_choice":"Memory 3","damage_taken":10,"max_hp_gain":0,"max_hp_loss":0,"event_name":"SensoryStone","floor":37,"gold_loss":0},{"damage_healed":0,"gold_gain":0,"player_choice":"Leave","damage_taken":0,"max_hp_gain":0,"max_hp_loss":0,"event_name":"conspire:Investor","floor":48,"gold_loss":0},{"damage_healed":0,"gold_gain":0,"player_choice":"Max HP","damage_taken":0,"max_hp_gain":0,"max_hp_loss":3,"event_name":"Winding Halls","floor":50,"gold_loss":0}],"is_beta":false,"boss_relics":[{"not_picked":["testmod-EnergyCheck","energizedSpire:HighHeels"],"picked":"jedi:paperlyon"},{"not_picked":["testmod-Nine","Replay:Wanted Poster"],"picked":"Ring of Chaos"}],"items_purged_floors":[4,41,49],"is_endless":false,"potions_floor_spawned":[1,3,11,14,16,18,20,24,25,27,29,30,31,33,35,36,39,46,47],"killed_by":"Awakened One","ascension_level":16}}