{"host":"Krakhan","time":1613190875,"event":{"mods":["AchievementEnabler","BaseMod","Colored Map","Colored Powertips","Faster Ascension Climbing","Highlight Path","Minty Spire (QoL Compilation)","Rare Cards Sparkle","Relic Stats","StSLib"],"gold_per_floor":[114,264,281,298,41,72,30,30,30,41,72,72,72,88,88,187,187,201,126,177,208,223,261,261,300,300,330,30,62,107,116,116,223,223,245,264,296,296,296],"floor_reached":38,"language":"ENG","playtime":2781,"items_purged":["Doubt","Strike_P"],"score":923,"play_id":"e46271aa-eb3f-4949-a93d-f6464b84d340","local_time":"20210212233435","is_ascension_mode":true,"campfire_choices":[{"floor":8.0,"key":"REST"},{"floor":15,"key":"REST"},{"floor":24,"key":"REST"},{"floor":32,"key":"REST"}],"circlet_count":0,"master_deck":["AscendersBane","Defend_P+1","Defend_P","Defend_P+1","Eruption","Vigilance","JustLucky","FlyingSleeves","InnerPeace","TalkToTheHand","MentalFortress","EmptyBody","ForeignInfluence","Meditate","Tantrum+1","FlurryOfBlows+1","Halt","Ragnarok+1","SashWhip+1","CutThroughFate+1","DeceiveReality","Wallop+1","Crescendo","Wallop+1","Conclude+1","Bite+1","Bite+1","Bite+1","Bite+1","Bite+1","J.A.X.","LessonLearned+1","MentalFortress+1","Meditate"],"relics":["Black Star","TungstenRod","Molten Egg 2","Du-Vu Doll","Omamori","Damaru","Golden Idol","Philosopher\u0027s Stone","Smiling Mask","Red Mask","Peace Pipe","InkBottle","Pen Nib","CeramicFish","Kunai","PreservedInsect","SlaversCollar"],"acts_visited":["Exordium","TheCity","TheBeyond"],"potions_floor_usage":[11,16,21,21,21,25,25,33],"damage_taken":[{"damage":7.0,"enemies":"Small Slimes","floor":1.0,"turns":4.0},{"damage":2.0,"enemies":"Jaw Worm","floor":3.0,"turns":5.0},{"damage":0.0,"enemies":"Cultist","floor":4.0,"turns":3.0},{"damage":47.0,"enemies":"3 Sentries","floor":6.0,"turns":14.0},{"damage":10.0,"enemies":"Exordium Wildlife","floor":10.0,"turns":4.0},{"damage":0,"enemies":"Gremlin Nob","floor":11,"turns":3},{"damage":8,"enemies":"Looter","floor":14,"turns":2},{"damage":23,"enemies":"The Guardian","floor":16,"turns":7},{"damage":16,"enemies":"Shell Parasite","floor":18,"turns":5},{"damage":0,"enemies":"Masked Bandits","floor":21,"turns":3},{"damage":4,"enemies":"3 Byrds","floor":22,"turns":4},{"damage":8,"enemies":"Book of Stabbing","floor":23,"turns":3},{"damage":3,"enemies":"Slavers","floor":25,"turns":4},{"damage":10,"enemies":"Centurion and Healer","floor":27,"turns":4},{"damage":0,"enemies":"Snake Plant","floor":29,"turns":1},{"damage":50,"enemies":"Collector","floor":33,"turns":10},{"damage":0,"enemies":"Orb Walker","floor":35,"turns":2},{"damage":12,"enemies":"3 Darklings","floor":36,"turns":3},{"damage":4,"enemies":"Maw","floor":37,"turns":4},{"damage":50,"enemies":"Spire Growth","floor":38,"turns":3}],"seed_played":"700732476876825547","potions_obtained":[{"floor":1.0,"key":"SpeedPotion"},{"floor":4.0,"key":"AttackPotion"},{"floor":10.0,"key":"Energy Potion"},{"floor":14,"key":"SteroidPotion"},{"floor":18,"key":"EntropicBrew"},{"floor":22,"key":"AttackPotion"},{"floor":27,"key":"Energy Potion"},{"floor":29,"key":"SteroidPotion"},{"floor":36,"key":"Explosive Potion"}],"is_trial":false,"path_per_floor":["M","?","M","M","$","E","$","R","T","M","E","?","?","M","R","B",null,"M","?","T","?","M","E","R","E","T","M","$","M","?","?","R","B",null,"M","M","M","M"],"character_chosen":"WATCHER","items_purchased":["TalkToTheHand","MentalFortress","EmptyBody","Meditate","PreservedInsect","Wallop+1"],"campfire_rested":4,"item_purchase_floors":[5,5,5,7,28,28],"current_hp_per_floor":[54,54,52,52,52,5,5,25,25,15,15,15,15,7,25,2,47,31,31,31,31,27,19,37,34,34,24,24,24,24,24,36,7,34,37,31,36,0,0],"gold":296,"neow_bonus":"BOSS_RELIC","is_daily":false,"chose_seed":false,"campfire_upgraded":0,"win_rate":0.0,"timestamp":1613190875,"path_taken":["M","?","M","M","$","E","$","R","T","M","E","?","?","M","R","BOSS","M","?","?","?","M","E","R","E","T","?","?","M","?","?","R","BOSS","M","M","M","M"],"items_purchased_type":["Card","Card","Card","Card","Relic","Card"],"build_version":"2020-12-18","purchased_purges":2,"victory":false,"max_hp_per_floor":[68,68,68,68,68,68,68,68,68,68,68,62,62,62,62,62,62,62,62,62,62,62,62,62,62,62,62,62,62,43,43,43,43,43,43,43,43,43,43],"relic_stats":{"Peace Pipe":0,"counters":[20,88],"Golden Idol":92,"CeramicFish":108,"Pen Nib":[7],"PreservedInsect":0,"Black Star":4,"Kunai":[17],"Smiling Mask":50,"obtain_stats":[{"Golden Idol":12,"CeramicFish":25,"Damaru":11,"Pen Nib":25,"PreservedInsect":28,"Omamori":11,"Smiling Mask":20,"Du-Vu Doll":9,"Peace Pipe":23,"SlaversCollar":34,"Molten Egg 2":6,"Philosopher\u0027s Stone":17,"Black Star":0,"Red Mask":21,"Kunai":26,"PureWater":0,"TungstenRod":6,"InkBottle":23},{"Golden Idol":6,"CeramicFish":13,"Damaru":6,"Pen Nib":13,"PreservedInsect":14,"Omamori":6,"Smiling Mask":9,"Du-Vu Doll":4,"Peace Pipe":12,"SlaversCollar":16,"Molten Egg 2":4,"Philosopher\u0027s Stone":8,"Black Star":0,"Red Mask":10,"Kunai":13,"PureWater":0,"TungstenRod":4,"InkBottle":12},{"Golden Idol":33,"CeramicFish":61,"Damaru":33,"Pen Nib":61,"PreservedInsect":65,"Omamori":33,"Smiling Mask":47,"Du-Vu Doll":26,"Peace Pipe":57,"SlaversCollar":76,"Molten Egg 2":26,"Philosopher\u0027s Stone":42,"Black Star":0,"Red Mask":50,"Kunai":61,"PureWater":0,"TungstenRod":26,"InkBottle":57}],"TungstenRod":29,"InkBottle":[12]},"card_choices":[{"not_picked":["DeceiveReality","ThirdEye"],"picked":"JustLucky","floor":1.0},{"not_picked":["Swivel","Halt"],"picked":"FlyingSleeves","floor":3.0},{"not_picked":["Collect","ThirdEye"],"picked":"InnerPeace","floor":4.0},{"not_picked":["Alpha","Worship"],"picked":"ForeignInfluence","floor":6.0},{"not_picked":["BattleHymn","ClearTheMind"],"picked":"Tantrum+1","floor":10.0},{"not_picked":["Meditate","EmptyBody"],"picked":"FlurryOfBlows+1","floor":11},{"not_picked":["FlyingSleeves+1","PathToVictory"],"picked":"Halt","floor":14},{"not_picked":["ConjureBlade","Judgement"],"picked":"Ragnarok+1","floor":16},{"not_picked":["Indignation","LikeWater"],"picked":"SashWhip+1","floor":18},{"not_picked":["Tantrum+1","Collect"],"picked":"CutThroughFate+1","floor":21},{"not_picked":["LikeWater","BowlingBash+1"],"picked":"DeceiveReality","floor":22},{"not_picked":["BowlingBash+1","FlyingSleeves+1"],"picked":"Wallop+1","floor":23},{"not_picked":["ForeignInfluence","SashWhip+1","FlyingSleeves+1"],"picked":"SKIP","floor":25},{"not_picked":["EmptyBody","CrushJoints+1"],"picked":"Crescendo","floor":27},{"not_picked":["Weave+1","Sanctity"],"picked":"Conclude+1","floor":29},{"not_picked":["Brilliance+1","Alpha"],"picked":"LessonLearned+1","floor":33},{"not_picked":["EmptyBody","Prostrate"],"picked":"MentalFortress+1","floor":35},{"not_picked":["Worship","CarveReality+1","Evaluate"],"picked":"SKIP","floor":36},{"not_picked":["Fasting2+1","ClearTheMind+1"],"picked":"Meditate","floor":37}],"player_experience":1387639,"relics_obtained":[{"floor":6.0,"key":"TungstenRod"},{"floor":6.0,"key":"Molten Egg 2"},{"floor":9.0,"key":"Du-Vu Doll"},{"floor":11,"key":"Omamori"},{"floor":11,"key":"Damaru"},{"floor":20,"key":"Smiling Mask"},{"floor":21,"key":"Red Mask"},{"floor":23,"key":"Peace Pipe"},{"floor":23,"key":"InkBottle"},{"floor":25,"key":"Pen Nib"},{"floor":25,"key":"CeramicFish"},{"floor":26,"key":"Kunai"}],"event_choices":[{"damage_healed":0.0,"max_hp_gain":0.0,"max_hp_loss":0.0,"gold_gain":150.0,"event_name":"Liars Game","player_choice":"AGREE","floor":2.0,"gold_loss":0.0,"damage_taken":0.0,"cards_obtained":["Doubt"]},{"damage_healed":0,"gold_gain":0,"player_choice":"Lose Max HP","damage_taken":0,"relics_obtained":["Golden Idol"],"max_hp_gain":0,"max_hp_loss":6,"event_name":"Golden Idol","floor":12,"gold_loss":0},{"damage_healed":0,"gold_gain":0,"player_choice":"Searched \u00271\u0027 times","damage_taken":0,"max_hp_gain":0,"max_hp_loss":0,"event_name":"Dead Adventurer","floor":13,"gold_loss":0},{"cards_removed":["Defend_P"],"damage_healed":0,"gold_gain":0,"player_choice":"Gave Gold","damage_taken":0,"max_hp_gain":0,"max_hp_loss":0,"event_name":"Beggar","floor":19,"gold_loss":75},{"damage_healed":0,"gold_gain":0,"player_choice":"Fought Bandits","damage_taken":0,"max_hp_gain":0,"max_hp_loss":0,"event_name":"Masked Bandits","floor":21,"gold_loss":0},{"damage_healed":0,"gold_gain":0,"player_choice":"Became a vampire","damage_taken":0,"max_hp_gain":0,"max_hp_loss":19,"event_name":"Vampires","floor":30,"gold_loss":0,"cards_obtained":["Bite","Bite","Bite","Bite","Bite"]},{"damage_healed":0,"gold_gain":0,"player_choice":"Obtain J.A.X.","damage_taken":0,"max_hp_gain":0,"max_hp_loss":0,"event_name":"Drug Dealer","floor":31,"gold_loss":0,"cards_obtained":["J.A.X."]}],"is_beta":true,"boss_relics":[{"not_picked":["Pandora\u0027s Box","SacredBark"],"picked":"Philosopher\u0027s Stone"},{"not_picked":["Runic Dome","Velvet Choker"],"picked":"SlaversCollar"}],"items_purged_floors":[5,28],"is_endless":false,"potions_floor_spawned":[1,4,10,14,18,22,23,27,29,36],"killed_by":"Spire Growth","ascension_level":20}}