{"host":"d6wf115srx44kjxl","time":1613196381,"event":{"mods":["BaseMod","Minty Spire (QoL Compilation)","Quick Restart"],"gold_per_floor":[110,110,127,77,152,185,204,204,204,234,298,298,298,98,98,200,200,216,216,216,232,250,285,301,301,301],"floor_reached":25,"language":"ENG","playtime":850,"items_purged":["Defend_B"],"score":406,"play_id":"1f80145d-ecac-481a-9c2b-aaf8889936b1","local_time":"20210213170621","is_ascension_mode":true,"campfire_choices":[{"data":"Sunder","floor":8,"key":"SMITH"},{"data":"White Noise","floor":12,"key":"SMITH"},{"floor":15,"key":"REST"}],"circlet_count":0,"master_deck":["AscendersBane","Strike_B","Strike_B+1","Defend_B","Defend_B","Defend_B","Zap","Dualcast+1","White Noise+1","Coolheaded","Sunder+1","Compile Driver","Double Energy+1","Genetic Algorithm+1","Finesse+1","Defragment","Meteor Strike","Tempest+1","Doubt","Regret","Sunder","Stack+1","Turbo+1"],"relics":["Cracked Core","NeowsBlessing","The Courier","Toxic Egg 2","Vajra","Cursed Key","Blue Candle","Meat on the Bone","Eternal Feather"],"acts_visited":["Exordium","TheCity"],"potions_floor_usage":[10,16,22,23],"damage_taken":[{"damage":0,"enemies":"Small Slimes","floor":1,"turns":1},{"damage":0,"enemies":"2 Louse","floor":3,"turns":1},{"damage":0,"enemies":"Gremlin Nob","floor":6,"turns":1},{"damage":0,"enemies":"Cultist","floor":7,"turns":2},{"damage":10,"enemies":"Lagavulin","floor":10,"turns":7},{"damage":49,"enemies":"Hexaghost","floor":16,"turns":9},{"damage":13,"enemies":"Shell Parasite","floor":18,"turns":5},{"damage":7,"enemies":"Chosen","floor":21,"turns":3},{"damage":11,"enemies":"Sentry and Sphere","floor":22,"turns":4},{"damage":19,"enemies":"Book of Stabbing","floor":23,"turns":3},{"damage":9,"enemies":"Chosen and Byrds","floor":24,"turns":5},{"damage":30,"enemies":"Slavers","floor":25,"turns":3}],"seed_played":"-4091482276932934690","potions_obtained":[{"floor":1,"key":"Strength Potion"},{"floor":10,"key":"Regen Potion"},{"floor":16,"key":"Strength Potion"},{"floor":21,"key":"Block Potion"},{"floor":24,"key":"BlessingOfTheForge"}],"is_trial":false,"path_per_floor":["M","?","M","?","?","E","M","R","T","E","?","R","?","$","R","B",null,"M","T","T","M","M","E","M","E"],"character_chosen":"DEFECT","items_purchased":["Finesse+1","Defragment"],"campfire_rested":1,"item_purchase_floors":[14,14],"current_hp_per_floor":[68,53,53,53,42,42,42,42,42,32,32,32,32,32,54,20,61,48,48,48,41,42,35,38,8,8],"gold":301,"neow_bonus":"THREE_ENEMY_KILL","is_daily":false,"chose_seed":false,"campfire_upgraded":2,"win_rate":0.0,"timestamp":1613196381,"path_taken":["M","?","M","?","?","E","M","R","T","E","?","R","?","?","R","BOSS","M","?","?","M","M","E","M","E"],"items_purchased_type":["Card","Card"],"build_version":"2020-12-22","purchased_purges":1,"victory":false,"max_hp_per_floor":[75,75,75,75,75,75,75,75,75,75,75,75,75,75,75,75,75,75,75,75,75,75,75,75,75,75],"card_choices":[{"not_picked":["Hologram","Redo"],"picked":"White Noise","floor":1},{"not_picked":["Hologram","Gash"],"picked":"Coolheaded","floor":3},{"not_picked":["Storm","Reprogram"],"picked":"Sunder","floor":6},{"not_picked":["Consume","Stack"],"picked":"Compile Driver","floor":7},{"not_picked":["Hello World","Go for the Eyes"],"picked":"Double Energy+1","floor":10},{"not_picked":["Reboot+1","Thunder Strike"],"picked":"Meteor Strike","floor":16},{"not_picked":["BootSequence+1","Cold Snap"],"picked":"Tempest+1","floor":18},{"not_picked":["Beam Cell","Compile Driver"],"picked":"Sunder","floor":21},{"not_picked":["Sweeping Beam","Hologram+1"],"picked":"Stack+1","floor":22},{"not_picked":["FTL+1","Force Field+1"],"picked":"Turbo+1","floor":23},{"not_picked":["Streamline","Steam Power+1","Leap+1"],"picked":"SKIP","floor":24}],"player_experience":481252,"relics_obtained":[{"floor":6,"key":"The Courier"},{"floor":9,"key":"Toxic Egg 2"},{"floor":10,"key":"Vajra"},{"floor":19,"key":"Blue Candle"},{"floor":20,"key":"Meat on the Bone"},{"floor":23,"key":"Eternal Feather"}],"event_choices":[{"damage_healed":0,"gold_gain":0,"player_choice":"Entered Light","damage_taken":15,"max_hp_gain":0,"max_hp_loss":0,"event_name":"Shining Light","floor":2,"gold_loss":0,"cards_upgraded":["Dualcast","Strike_B"]},{"cards_removed":["Strike_B"],"damage_healed":0,"gold_gain":0,"player_choice":"Card Removal","damage_taken":0,"max_hp_gain":0,"max_hp_loss":0,"event_name":"The Cleric","floor":4,"gold_loss":50},{"damage_healed":0,"gold_gain":75,"player_choice":"Gather Gold","damage_taken":11,"max_hp_gain":0,"max_hp_loss":0,"event_name":"World of Goop","floor":5,"gold_loss":0},{"damage_healed":0,"gold_gain":64,"player_choice":"Gained Gold","damage_taken":0,"max_hp_gain":0,"max_hp_loss":0,"event_name":"Golden Wing","floor":11,"gold_loss":0},{"damage_healed":0,"gold_gain":0,"cards_transformed":["Strike_B"],"player_choice":"Change","damage_taken":0,"max_hp_gain":0,"max_hp_loss":0,"event_name":"Living Wall","floor":13,"gold_loss":0,"cards_obtained":["Genetic Algorithm"]}],"is_beta":false,"boss_relics":[{"not_picked":["Coffee Dripper","Runic Dome"],"picked":"Cursed Key"}],"items_purged_floors":[14],"is_endless":false,"potions_floor_spawned":[1,10,16,21,24],"killed_by":"Slavers","ascension_level":12}}