{"host":"b6kqr6ulwax9qd8q","time":1613189621,"event":{"mods":["BaseMod","Minty Spire (QoL Compilation)"],"gold_per_floor":[10,28,40,60,76,107,107,107,107],"floor_reached":8,"language":"ENG","playtime":505,"items_purged":[],"score":81,"play_id":"bb31cf9a-fea6-4fc6-bd19-b1f610103c25","local_time":"20210212231341","is_ascension_mode":true,"campfire_choices":[{"data":"Barricade","floor":7,"key":"SMITH"}],"circlet_count":0,"master_deck":["Strike_R","Strike_R","Strike_R","Strike_R","Strike_R","Defend_R","Defend_R","Defend_R","Defend_R","Bash","Barricade+1","Shrug It Off","Spot Weakness","Twin Strike","Body Slam"],"relics":["Burning Blood","Kunai"],"acts_visited":["Exordium"],"potions_floor_usage":[6],"damage_taken":[{"damage":6,"enemies":"2 Louse","floor":1,"turns":3},{"damage":8,"enemies":"Cultist","floor":2,"turns":4},{"damage":0,"enemies":"Small Slimes","floor":3,"turns":4},{"damage":11,"enemies":"Blue Slaver","floor":4,"turns":4},{"damage":9,"enemies":"2 Fungi Beasts","floor":5,"turns":3},{"damage":33,"enemies":"3 Sentries","floor":6,"turns":8},{"damage":42,"enemies":"Gremlin Nob","floor":8,"turns":4}],"seed_played":"2058193658895602779","potions_obtained":[{"floor":4,"key":"AttackPotion"}],"is_trial":false,"path_per_floor":["M","M","M","M","M","E","R","E"],"character_chosen":"IRONCLAD","items_purchased":[],"campfire_rested":0,"item_purchase_floors":[],"current_hp_per_floor":[72,70,76,71,68,41,41,0,0],"gold":107,"neow_bonus":"THREE_RARE_CARDS","is_daily":false,"chose_seed":false,"campfire_upgraded":1,"win_rate":0.0,"timestamp":1613189621,"path_taken":["M","M","M","M","M","E","R","E"],"items_purchased_type":[],"build_version":"2020-12-22","purchased_purges":0,"victory":false,"max_hp_per_floor":[80,80,80,80,80,80,80,80,80],"card_choices":[{"not_picked":["Berserk","Impervious"],"picked":"Barricade","floor":0},{"not_picked":["Twin Strike","Armaments"],"picked":"Shrug It Off","floor":1},{"not_picked":["Thunderclap","Anger","Warcry"],"picked":"SKIP","floor":2},{"not_picked":["Wild Strike","Iron Wave"],"picked":"Spot Weakness","floor":3},{"not_picked":["Havoc","Iron Wave"],"picked":"Twin Strike","floor":4},{"not_picked":["Disarm","Sentinel"],"picked":"Body Slam","floor":5},{"not_picked":["Bludgeon","Sentinel","Headbutt"],"picked":"SKIP","floor":6}],"player_experience":582944,"relics_obtained":[{"floor":6,"key":"Kunai"}],"event_choices":[],"is_beta":false,"boss_relics":[],"items_purged_floors":[],"is_endless":false,"potions_floor_spawned":[4],"killed_by":"Gremlin Nob","ascension_level":7}}