{"host":"kfd0jpqqxt101ydt","time":1613202894,"event":{"mods":["BaseMod","Downfall","Googly Eyes","Highlight Path","Minty Spire (QoL Compilation)","StSLib"],"gold_per_floor":[99,99,99,99,114,24,24,24,42,192,207,207,241,251,268,268,268,268],"floor_reached":16,"language":"ENG","playtime":733,"items_purged":["Guardian:Strike_Guardian"],"score":100,"play_id":"724cd2f3-3053-4346-b9ff-2d47d5a4a407","local_time":"20210213095454","is_ascension_mode":false,"campfire_choices":[{"data":"Guardian:TwinSlam","floor":1,"key":"SMITH"},{"data":"Guardian:PiercingHide","floor":8,"key":"SMITH"},{"data":"Guardian:Preprogram","floor":12,"key":"SMITH"}],"circlet_count":0,"master_deck":["Guardian:Strike_Guardian","Guardian:Strike_Guardian","Guardian:Strike_Guardian","Guardian:Defend_Guardian","Guardian:Defend_Guardian","Guardian:Defend_Guardian","Guardian:Defend_Guardian","Guardian:CurlUp","Guardian:TwinSlam+1","Guardian:Reroute","Guardian:VentSteam","Guardian:PiercingHide+1","Guardian:Orbwalk","downfall:Icky","Guardian:Preprogram+1","Guardian:BronzeOrb","Guardian:Gem_Lightblue","Guardian:PrismaticBeam"],"relics":["Guardian:ModeShifter","downfall:HeartsMalice","Sundial","Nunchaku"],"acts_visited":["Exordium"],"potions_floor_usage":[13,13,16,16],"damage_taken":[{"damage":0,"enemies":"Cultist","floor":2,"turns":1},{"damage":0,"enemies":"2 Louse","floor":3,"turns":1},{"damage":0,"enemies":"Jaw Worm","floor":4,"turns":1},{"damage":17,"enemies":"Exordium Thugs","floor":5,"turns":6},{"damage":0,"enemies":"downfall:FleeingMerchant","floor":6,"turns":4},{"damage":4,"enemies":"Red Slaver","floor":9,"turns":3},{"damage":13,"enemies":"3 Louse","floor":11,"turns":4},{"damage":17,"enemies":"Lagavulin","floor":13,"turns":8},{"damage":7,"enemies":"Blue Slaver","floor":14,"turns":2},{"damage":9,"enemies":"3 Louse","floor":15,"turns":4},{"damage":42,"enemies":"WA_ARCHETYPE_RETAIN","floor":16,"turns":8}],"seed_played":"-5535823330162401877","potions_obtained":[{"floor":5,"key":"PowerPotion"},{"floor":9,"key":"ColorlessPotion"},{"floor":11,"key":"FairyPotion"},{"floor":13,"key":"bronze:BurnAndBuffPotion"},{"floor":14,"key":"champ:CounterPotion"}],"is_trial":false,"path_per_floor":["R","M","M","M","M","$","T","R","M","?","M","R","E","M","M","B"],"character_chosen":"GUARDIAN","items_purchased":[],"campfire_rested":0,"item_purchase_floors":[],"current_hp_per_floor":[80,80,80,80,63,63,63,63,59,59,46,46,29,22,13,0,0,0],"gold":268,"neow_bonus":"THREE_ENEMY_KILL","is_daily":false,"chose_seed":false,"campfire_upgraded":3,"win_rate":0.0,"timestamp":1613202894,"path_taken":["R","M","?","?","M","$","T","R","M","?","M","R","E","M","M","BOSS"],"items_purchased_type":[],"build_version":"2020-12-22","purchased_purges":1,"victory":false,"max_hp_per_floor":[80,80,80,80,80,80,80,80,80,80,80,80,80,80,80,80,80,80],"card_choices":[{"not_picked":["Guardian:ShieldCharger","Guardian:WalkerClaw"],"picked":"Guardian:Reroute","floor":2},{"not_picked":["Guardian:Harden","Guardian:Suspension"],"picked":"Guardian:Gem_Red","floor":3},{"not_picked":["Guardian:RefractedBeam","Guardian:GuardianWhirl"],"picked":"Guardian:VentSteam","floor":4},{"not_picked":["Guardian:Gem_Lightblue","Guardian:VentSteam"],"picked":"Guardian:PiercingHide","floor":5},{"not_picked":["Guardian:RefractedBeam","Guardian:Repulse","Guardian:StasisEngine"],"picked":"SKIP","floor":6},{"not_picked":["Guardian:EvasiveProtocol","Guardian:TimeCapacitor"],"picked":"Guardian:Orbwalk","floor":9},{"not_picked":["Guardian:RefractedBeam","Guardian:TemporalShield"],"picked":"Guardian:Preprogram","floor":11},{"not_picked":["Guardian:SpikerProtocol","Guardian:ChargeCore"],"picked":"Guardian:BronzeOrb","floor":13},{"not_picked":["Guardian:Incinerate","Guardian:Harden"],"picked":"Guardian:Gem_Lightblue","floor":14},{"not_picked":["Guardian:Planning","Guardian:MultiBeam"],"picked":"Guardian:PrismaticBeam","floor":15}],"player_experience":42705,"relics_obtained":[{"floor":7,"key":"Sundial"},{"floor":13,"key":"Nunchaku"}],"event_choices":[],"is_beta":false,"boss_relics":[],"items_purged_floors":[6],"is_endless":false,"potions_floor_spawned":[5,9,11,13,14,15],"killed_by":"WA_ARCHETYPE_RETAIN","ascension_level":0}}