{"host":"06x7ibqulglyn97c","time":1613200137,"event":{"mods":["AchievementEnabler","BaseMod","Downfall","Minty Spire (QoL Compilation)","Rare Cards Sparkle","Relic Sorter","Relic Stats","StSLib","The Awakened One except there are too many feathers"],"gold_per_floor":[99,115,130,305,101,401,401,501,533,544,544,557,576,587,600,600,600,600],"floor_reached":16,"language":"ENG","playtime":1089,"items_purged":["Doubt"],"score":104,"play_id":"bcb9091f-4dd5-4657-b5be-4a5e9550a22f","local_time":"20210213070857","is_ascension_mode":false,"campfire_choices":[],"circlet_count":0,"master_deck":["sneckomod:Strike","sneckomod:Strike","sneckomod:Strike","sneckomod:Defend","sneckomod:Defend+1","sneckomod:Defend+1","sneckomod:TailWhip","sneckomod:SnekBite","sneckomod:Unknown","Reprogram","sneckomod:IronFang","sneckomod:SlitherStrike","sneckomod:UnknownStrike","sneckomod:DiceBoulder","sneckomod:MasterEye","downfall:Icky","downfall:Icky","sneckomod:UnendingSupply","sneckomod:SnakeSap","sneckomod:ImprovisedAttack","sneckomod:Mudshield","sneckomod:IronFang"],"relics":["sneckomod:SneckoSoul","War Paint","Gambling Chip"],"acts_visited":["Exordium"],"potions_floor_usage":[9,10,10,12,12,13,16,16],"damage_taken":[{"damage":4,"enemies":"Small Slimes","floor":2,"turns":4},{"damage":5,"enemies":"Jaw Worm","floor":3,"turns":4},{"damage":2,"enemies":"downfall:FleeingMerchant","floor":5,"turns":4},{"damage":19,"enemies":"Lagavulin","floor":9,"turns":5},{"damage":6,"enemies":"2 Louse","floor":10,"turns":3},{"damage":16,"enemies":"2 Fungi Beasts","floor":12,"turns":5},{"damage":9,"enemies":"Red Slaver","floor":13,"turns":2},{"damage":22,"enemies":"Gremlin Gang","floor":14,"turns":3},{"damage":9,"enemies":"Blue Slaver","floor":15,"turns":4},{"damage":22,"enemies":"WA_ARCHETYPE_RETAIN","floor":16,"turns":6}],"seed_played":"3652413293539913276","potions_obtained":[{"floor":2,"key":"Block Potion"},{"floor":9,"key":"LiquidMemories"},{"floor":10,"key":"EntropicBrew"},{"floor":12,"key":"Weak Potion"},{"floor":15,"key":"EssenceOfSteel"}],"is_trial":false,"path_per_floor":["R","M","M","?","$","?","T","?","E","M","?","M","M","M","M","B"],"character_chosen":"THE_SNECKO","items_purchased":["sneckomod:DiceBoulder","sneckomod:MasterEye"],"campfire_rested":0,"item_purchase_floors":[5,5],"current_hp_per_floor":[99,95,90,90,88,88,88,88,69,63,63,61,52,30,21,0,0,0],"gold":600,"neow_bonus":"TEN_PERCENT_HP_BONUS","is_daily":false,"chose_seed":false,"campfire_upgraded":0,"win_rate":0.0,"timestamp":1613200137,"path_taken":["R","M","M","?","$","?","T","?","E","M","?","M","?","?","M","BOSS"],"items_purchased_type":["Card","Card"],"build_version":"2020-12-22","purchased_purges":1,"victory":false,"max_hp_per_floor":[99,99,99,99,99,99,99,99,99,99,99,99,99,99,99,99,99,99],"relic_stats":{"counters":[10,40],"Gambling Chip":[14],"War Paint":["sneckomod:Defend","sneckomod:Defend"],"obtain_stats":[{"Gambling Chip":9,"War Paint":7,"sneckomod:SneckoSoul":0},{"Gambling Chip":4,"War Paint":3,"sneckomod:SneckoSoul":0},{"Gambling Chip":17,"War Paint":12,"sneckomod:SneckoSoul":0}]},"card_choices":[{"not_picked":["sneckomod:UnknownCommonAttack","sneckomod:DiceCrush"],"picked":"sneckomod:IronFang","floor":2},{"not_picked":["sneckomod:UnknownCommonSkill","sneckomod:Nope"],"picked":"sneckomod:SlitherStrike","floor":3},{"not_picked":["sneckomod:SoulDraw","sneckomod:WideSting"],"picked":"sneckomod:UnknownStrike","floor":5},{"not_picked":["sneckomod:UnknownCommonAttack","sneckomod:SoulDraw"],"picked":"sneckomod:UnendingSupply","floor":9},{"not_picked":["sneckomod:WideSting","sneckomod:IronFang"],"picked":"sneckomod:SnakeSap","floor":10},{"not_picked":["sneckomod:QuickBite","sneckomod:IronFang"],"picked":"sneckomod:ImprovisedAttack","floor":12},{"not_picked":["sneckomod:UnknownCommonAttack","sneckomod:SoulDraw","sneckomod:ImprovisedGuard"],"picked":"SKIP","floor":13},{"not_picked":["sneckomod:UnknownCommonSkill","sneckomod:QuickMove"],"picked":"sneckomod:Mudshield","floor":14},{"not_picked":["sneckomod:SlitherStrike","sneckomod:SoulDraw"],"picked":"sneckomod:IronFang","floor":15}],"player_experience":696140,"relics_obtained":[{"floor":7,"key":"War Paint"},{"floor":9,"key":"Gambling Chip"}],"event_choices":[],"is_beta":false,"boss_relics":[],"items_purged_floors":[5],"is_endless":false,"potions_floor_spawned":[2,9,10,12,15],"killed_by":"WA_ARCHETYPE_RETAIN","ascension_level":0}}