{"host":"gxcrkmpoa14hk0os","time":1613223079,"event":{"mods":["AchievementEnabler","BaseMod","Better Third Choice","BetterRewards","Conspire","Hubris","Infinite Spire","Minty Spire (QoL Compilation)","Relic Stats","Replay The Spire","Shop Mod","StSLib"],"gold_per_floor":[114,114,139,17,36,61,61,81,81,81,81,108,127,77,77,77,77],"floor_reached":16,"language":"ENG","playtime":1412,"items_purged":["Defend_G"],"score":108,"play_id":"bf877f8c-4ac4-474a-8ae2-c68a2b5bbe82","local_time":"20210213073119","is_ascension_mode":false,"campfire_choices":[{"data":"Acrobatics","floor":7,"key":"SMITH"},{"data":"Defend_G","floor":10,"key":"SMITH"},{"data":"hubris:Sniper","floor":15,"key":"SMITH"}],"circlet_count":0,"master_deck":["Strike_G","Strike_G","Strike_G","Strike_G","Defend_G","Defend_G","Defend_G","Defend_G+1","Survivor","Neutralize","Cloak And Dagger","Reflex","Acrobatics+1","conspire:DoublingDagger","Prepared","hubris:Sniper+1","Calculated Gamble"],"relics":["Ring of the Snake","NeowsBlessing","Replay:Mystery Machine","Chameleon Ring","hubris:CrystalStatue","Bag of Preparation"],"acts_visited":["Exordium"],"potions_floor_usage":[12,16,16,16],"damage_taken":[{"damage":0,"enemies":"Jaw Worm","floor":1,"turns":1},{"damage":0,"enemies":"conspire:MimicChest","floor":3,"turns":1},{"damage":0,"enemies":"conspire:RoseBush","floor":5,"turns":1},{"damage":17,"enemies":"Replay:BlueRogue","floor":6,"turns":9},{"damage":0,"enemies":"Cultist","floor":8,"turns":5},{"damage":11,"enemies":"3 Sentries","floor":12,"turns":10},{"damage":0,"enemies":"Looter","floor":13,"turns":3},{"damage":69,"enemies":"Fading Forest","floor":16,"turns":10}],"seed_played":"-2367620849668553907","potions_obtained":[{"floor":3,"key":"Reflective Coating"},{"floor":5,"key":"CunningPotion"},{"floor":6,"key":"ColorlessPotion"},{"floor":13,"key":"SpeedPotion"}],"is_trial":false,"path_per_floor":["M","?","?","$","M","E","R","M","T","R","$","E","M","?","R","B"],"character_chosen":"THE_SILENT","items_purchased":["Acrobatics"],"campfire_rested":0,"item_purchase_floors":[4],"current_hp_per_floor":[70,75,75,75,75,58,58,58,58,58,58,47,47,47,47,0,0],"gold":77,"neow_bonus":"THREE_ENEMY_KILL","is_daily":false,"chose_seed":false,"campfire_upgraded":3,"win_rate":0.0,"timestamp":1613223079,"path_taken":["M","?","?","?","?","E","R","M","T","R","$","E","M","?","R","BOSS"],"items_purchased_type":["Card"],"build_version":"2020-12-22","purchased_purges":1,"victory":false,"max_hp_per_floor":[70,75,75,75,75,75,75,75,75,75,75,75,75,75,75,75,75],"relic_stats":{"counters":[8,40],"Bag of Preparation":[4],"obtain_stats":[{"Chameleon Ring":6,"hubris:CrystalStatue":9,"NeowsBlessing":0,"Bag of Preparation":12,"Replay:Mystery Machine":3,"Ring of the Snake":0},{"Chameleon Ring":4,"hubris:CrystalStatue":5,"NeowsBlessing":0,"Bag of Preparation":6,"Replay:Mystery Machine":2,"Ring of the Snake":0},{"Chameleon Ring":12,"hubris:CrystalStatue":17,"NeowsBlessing":0,"Bag of Preparation":27,"Replay:Mystery Machine":2,"Ring of the Snake":0}],"Ring of the Snake":[16]},"card_choices":[{"not_picked":["hubris:SlightOfHand","Outmaneuver"],"picked":"Cloak And Dagger","floor":1},{"not_picked":["Well Laid Plans","Flying Knee"],"picked":"Reflex","floor":3},{"not_picked":["PiercingWail","Poison Darts"],"picked":"conspire:DoublingDagger","floor":5},{"not_picked":["Escape Plan","Cloak And Dagger","Caltrops"],"picked":"SKIP","floor":6},{"not_picked":["Backflip","Underhanded Strike"],"picked":"Prepared","floor":8},{"not_picked":["Sucker Punch","Hidden Blade"],"picked":"hubris:Sniper","floor":12},{"not_picked":["Quick Slash","Outmaneuver"],"picked":"Calculated Gamble","floor":13}],"player_experience":598087,"relics_obtained":[{"floor":3,"key":"Replay:Mystery Machine"},{"floor":6,"key":"Chameleon Ring"},{"floor":9,"key":"hubris:CrystalStatue"},{"floor":12,"key":"Bag of Preparation"}],"event_choices":[{"damage_healed":0,"gold_gain":0,"player_choice":"Donut","damage_taken":0,"max_hp_gain":5,"max_hp_loss":0,"event_name":"Big Fish","floor":2,"gold_loss":0},{"cards_removed":["Strike_G"],"damage_healed":0,"gold_gain":0,"player_choice":"Card Removal","damage_taken":0,"max_hp_gain":0,"max_hp_loss":0,"event_name":"The Cleric","floor":14,"gold_loss":50}],"is_beta":false,"boss_relics":[],"items_purged_floors":[4],"is_endless":false,"potions_floor_spawned":[3,5,6,13],"killed_by":"Fading Forest","ascension_level":0}}