{"host":"y76clbnovzmw9ubx","time":1613228013,"event":{"mods":["AchievementEnabler","BaseMod","Minty Spire (QoL Compilation)","Permanent Neow","Relic Stats"],"gold_per_floor":[124,151,173,196,218,218,256,28,28,64,64,78,114,140,140,227,227,255,283,312,312,312],"floor_reached":21,"language":"ENG","playtime":1123,"items_purged":[],"score":410,"play_id":"25dc44a8-3908-412b-80a5-42a0ee94674d","local_time":"20210213095333","is_ascension_mode":true,"campfire_choices":[{"data":"Noxious Fumes","floor":6.0,"key":"SMITH"},{"data":"Footwork","floor":11.0,"key":"SMITH"},{"data":"Well Laid Plans","floor":15.0,"key":"SMITH"}],"circlet_count":0,"master_deck":["AscendersBane","Strike_G","Strike_G","Strike_G","Strike_G","Strike_G","Defend_G","Defend_G","Defend_G","Defend_G","Defend_G","Survivor","Neutralize","Slice","Riddle With Holes","Dagger Spray","Noxious Fumes+1","Quick Slash","Die Die Die","Footwork+1","Backstab","Predator","Well Laid Plans+1","Envenom","Skewer+1","Flechettes","Riddle With Holes"],"relics":["Ring of the Snake","CeramicFish","Happy Flower","Toy Ornithopter","White Beast Statue","Bottled Flame","Dream Catcher","Snecko Eye"],"acts_visited":["Exordium","TheCity"],"potions_floor_usage":[19,19,21,21],"damage_taken":[{"damage":4.0,"enemies":"Small Slimes","floor":1.0,"turns":5.0},{"damage":4.0,"enemies":"Jaw Worm","floor":2.0,"turns":6.0},{"damage":0.0,"enemies":"2 Louse","floor":3.0,"turns":2.0},{"damage":0.0,"enemies":"Exordium Wildlife","floor":4.0,"turns":4.0},{"damage":2.0,"enemies":"Blue Slaver","floor":5.0,"turns":6.0},{"damage":14.0,"enemies":"3 Sentries","floor":7.0,"turns":7.0},{"damage":15.0,"enemies":"Lagavulin","floor":10.0,"turns":6.0},{"damage":0.0,"enemies":"2 Fungi Beasts","floor":12.0,"turns":1.0},{"damage":4.0,"enemies":"Gremlin Nob","floor":13.0,"turns":4.0},{"damage":1.0,"enemies":"Large Slime","floor":14.0,"turns":5.0},{"damage":24.0,"enemies":"The Guardian","floor":16.0,"turns":11.0},{"damage":19,"enemies":"2 Thieves","floor":18,"turns":5},{"damage":4,"enemies":"3 Byrds","floor":19,"turns":5},{"damage":13,"enemies":"Cultist and Chosen","floor":20,"turns":5},{"damage":37,"enemies":"Shelled Parasite and Fungi","floor":21,"turns":3}],"seed_played":"1883190263295402257","potions_obtained":[{"floor":3.0,"key":"Block Potion"},{"floor":4.0,"key":"Ancient Potion"},{"floor":5.0,"key":"Ancient Potion"},{"floor":10.0,"key":"Strength Potion"},{"floor":12.0,"key":"GhostInAJar"},{"floor":13.0,"key":"Weak Potion"},{"floor":14.0,"key":"LiquidBronze"},{"floor":16.0,"key":"Block Potion"},{"floor":18,"key":"CunningPotion"},{"floor":19,"key":"FearPotion"},{"floor":20,"key":"DuplicationPotion"}],"is_trial":false,"path_per_floor":["M","M","M","M","M","R","E","$","T","E","R","M","E","M","R","B",null,"M","M","M","M"],"character_chosen":"THE_SILENT","items_purchased":["Footwork","Toy Ornithopter"],"campfire_rested":0,"item_purchase_floors":[8,8],"current_hp_per_floor":[55,51,51,51,49,49,35,35,35,20,20,20,21,25,25,11,52,33,39,26,0,0],"gold":312,"neow_bonus":"RANDOM_COMMON_RELIC","is_daily":false,"chose_seed":false,"campfire_upgraded":3,"win_rate":0.0,"timestamp":1613228013,"path_taken":["M","M","M","M","M","R","E","$","T","E","R","M","E","M","R","BOSS","M","M","M","M"],"items_purchased_type":["Card","Relic"],"build_version":"2020-12-22","purchased_purges":0,"victory":false,"max_hp_per_floor":[66,66,66,66,66,66,66,66,66,66,66,66,66,66,66,66,66,66,66,66,66,66],"relic_stats":{"Dream Catcher":0,"Happy Flower":[15],"counters":[15,75],"CeramicFish":126,"Snecko Eye":[31,36,26,45],"obtain_stats":[{"Bottled Flame":10,"Dream Catcher":13,"Happy Flower":7,"CeramicFish":0,"Snecko Eye":17,"Toy Ornithopter":8,"White Beast Statue":9,"Ring of the Snake":0},{"Bottled Flame":7,"Dream Catcher":9,"Happy Flower":6,"CeramicFish":0,"Snecko Eye":11,"Toy Ornithopter":6,"White Beast Statue":6,"Ring of the Snake":0},{"Bottled Flame":36,"Dream Catcher":41,"Happy Flower":30,"CeramicFish":0,"Snecko Eye":57,"Toy Ornithopter":30,"White Beast Statue":30,"Ring of the Snake":0}],"Toy Ornithopter":40,"Ring of the Snake":[30]},"card_choices":[{"not_picked":["Expertise","Backflip"],"picked":"Slice","floor":1.0},{"not_picked":["Cloak And Dagger","Acrobatics"],"picked":"Riddle With Holes","floor":2.0},{"not_picked":["Dodge and Roll","Reflex"],"picked":"Dagger Spray","floor":3.0},{"not_picked":["Prepared","Leg Sweep"],"picked":"Noxious Fumes","floor":4.0},{"not_picked":["Flying Knee","A Thousand Cuts"],"picked":"Quick Slash","floor":5.0},{"not_picked":["Poisoned Stab","Cloak And Dagger"],"picked":"Die Die Die","floor":7.0},{"not_picked":["PiercingWail","Prepared"],"picked":"Backstab","floor":10.0},{"not_picked":["Bane","Slice","Flying Knee"],"picked":"SKIP","floor":12.0},{"not_picked":["Quick Slash","PiercingWail"],"picked":"Predator","floor":13.0},{"not_picked":["Dagger Spray","Poisoned Stab"],"picked":"Well Laid Plans","floor":14.0},{"not_picked":["Die Die Die","Storm of Steel"],"picked":"Envenom","floor":16.0},{"not_picked":["Flechettes","Blade Dance"],"picked":"Skewer+1","floor":18},{"not_picked":["Blur","Cloak And Dagger"],"picked":"Flechettes","floor":19},{"not_picked":["Riddle With Holes","Bane","Tactician"],"picked":"SKIP","floor":20},{"not_picked":["Bane","Tactician"],"picked":"Riddle With Holes","floor":20}],"player_experience":3231937,"relics_obtained":[{"floor":7.0,"key":"Happy Flower"},{"floor":9.0,"key":"White Beast Statue"},{"floor":10.0,"key":"Bottled Flame"},{"floor":13.0,"key":"Dream Catcher"}],"event_choices":[],"is_beta":false,"boss_relics":[{"not_picked":["Pandora\u0027s Box","Ectoplasm"],"picked":"Snecko Eye"}],"items_purged_floors":[],"is_endless":false,"potions_floor_spawned":[3,4,5,10,12,13,14,16,18,19,20],"killed_by":"Shelled Parasite and Fungi","ascension_level":20}}