{"host":"eaiphzh066bwqdh7","time":1613228560,"event":{"mods":["BaseMod","Better Note","Halation","Hubris","Minty Spire (QoL Compilation)","Reliquary","Replay The Spire","StSLib"],"gold_per_floor":[109,125,125,200,200,200,55,55,102,120,120,133,33,45,45,150,150,161,36,36,36,63,63,27,27,27,42,58,58,58,83,83,186,186,196,208,208,52,52,52],"floor_reached":39,"language":"ENG","playtime":975,"items_purged":["Defend_R","Bash","Defend_R"],"score":492,"play_id":"7a83aef9-4ac7-43f0-9b4e-c5127f13b86e","local_time":"20210213100240","is_ascension_mode":true,"campfire_choices":[{"data":"Flex","floor":6.0,"key":"SMITH"},{"data":"Combust","floor":11.0,"key":"SMITH"},{"floor":15.0,"key":"REST"},{"data":"Berserk","floor":23.0,"key":"SMITH"},{"data":"Metallicize","floor":25.0,"key":"SMITH"},{"floor":32.0,"key":"REST"}],"circlet_count":0,"master_deck":["Strike_R","Strike_R","Strike_R","Strike_R","Strike_R","Defend_R","Defend_R","Flex+1","Combust+1","ReplayTheSpireMod:Muscle Training+1","Berserk+1","Flex+1","Metallicize+1","Flame Barrier+1","Sentinel+1","Juggernaut","ReplayTheSpireMod:Strike From Hell+1","Flex+1"],"relics":["Burning Blood","NeowsBlessing","halation:EternalFortune","halation:PinkSoulGem","reliquary:Aerogel","Art of War","hubris:Icosahedron","Replay:Wax Seal","Ornamental Fan","Omamori","Cursed Key","Juzu Bracelet"],"acts_visited":["Exordium","TheCity","TheBeyond"],"potions_floor_usage":[],"damage_taken":[{"damage":0.0,"enemies":"Cultist","floor":1.0,"turns":1.0},{"damage":0.0,"enemies":"2 Louse","floor":2.0,"turns":1.0},{"damage":0.0,"enemies":"Small Slimes","floor":10.0,"turns":1.0},{"damage":14.0,"enemies":"Blue Slaver","floor":12.0,"turns":4.0},{"damage":34.0,"enemies":"Exordium Thugs","floor":14.0,"turns":4.0},{"damage":41.0,"enemies":"Slime Boss","floor":16.0,"turns":8.0},{"damage":20.0,"enemies":"3 Byrds","floor":18.0,"turns":4.0},{"damage":34.0,"enemies":"Chosen","floor":27.0,"turns":6.0},{"damage":1.0,"enemies":"3 Cultists","floor":28.0,"turns":2.0},{"damage":24.0,"enemies":"Gremlin Leader","floor":31.0,"turns":7.0},{"damage":100.0,"enemies":"Collector","floor":33.0,"turns":10.0},{"damage":27.0,"enemies":"Orb Walker","floor":35.0,"turns":4.0},{"damage":54,"enemies":"3 Darklings","floor":36,"turns":4},{"damage":48,"enemies":"Writhing Mass","floor":39,"turns":4}],"seed_played":"4782346386434925606","potions_obtained":[{"floor":2.0,"key":"BloodPotion"},{"floor":12.0,"key":"SpeedPotion"},{"floor":14.0,"key":"Dexterity Potion"},{"floor":28.0,"key":"FairyPotion"},{"floor":36,"key":"Weak Potion"}],"is_trial":false,"path_per_floor":["M","M","?","?","?","R","$","$","T","M","R","M","$","M","R","B",null,"M","$","?","?","T","R","$","R","T","M","M","?","?","E","R","B",null,"M","M","?","$","M"],"character_chosen":"IRONCLAD","items_purchased":["Combust","Metallicize","Juzu Bracelet"],"campfire_rested":2,"item_purchase_floors":[7,24,38],"current_hp_per_floor":[80,80,83,72,72,72,72,72,72,78,78,70,70,42,66,31,83,69,69,69,69,69,69,69,69,69,41,46,46,46,28,52,14,83,65,48,48,48,0,0],"gold":52,"neow_bonus":"THREE_ENEMY_KILL","is_daily":false,"chose_seed":false,"campfire_upgraded":4,"win_rate":0.0,"timestamp":1613228560,"path_taken":["M","M","?","?","?","R","?","$","T","?","R","M","$","M","R","BOSS","M","$","?","?","?","R","$","R","T","M","?","?","?","E","R","BOSS","M","?","?","?","M"],"items_purchased_type":["Card","Card","Relic"],"build_version":"2020-12-22","purchased_purges":3,"victory":false,"max_hp_per_floor":[80,80,83,83,83,83,83,83,83,83,83,83,83,83,83,83,83,83,83,83,83,83,83,83,83,83,83,83,83,83,83,83,83,83,86,86,86,86,86,86],"card_choices":[{"not_picked":["Heavy Blade","Sword Boomerang"],"picked":"Flex","floor":1.0},{"not_picked":["ReplayTheSpireMod:Limb From Limb","Shrug It Off","Entrench"],"picked":"SKIP","floor":2.0},{"not_picked":["Abandon","Thunderclap","Cleave"],"picked":"SKIP","floor":10.0},{"not_picked":["Thunderclap","ReplayReversal","ReplayTheSpireMod:Corrosion Curse"],"picked":"SKIP","floor":12.0},{"not_picked":["Clash","Power Through"],"picked":"ReplayTheSpireMod:Muscle Training","floor":14.0},{"not_picked":["hubris:StunningStrike","Corruption"],"picked":"Berserk","floor":16.0},{"not_picked":["Feel No Pain+1","ReplayReversal"],"picked":"Flex","floor":18.0},{"not_picked":["ReplayReversal+1","Abandon"],"picked":"Flame Barrier+1","floor":27.0},{"not_picked":["ReplayReversal+1","Battle Trance"],"picked":"Sentinel+1","floor":28.0},{"not_picked":["Sword Boomerang","Run Through","ReplayReversal+1"],"picked":"SKIP","floor":31.0},{"not_picked":["Immolate","Offering"],"picked":"Juggernaut","floor":33.0},{"not_picked":["Body Slam+1","Havoc+1"],"picked":"ReplayTheSpireMod:Strike From Hell+1","floor":35},{"not_picked":["hubris:ReadiedAction+1","Cleave+1"],"picked":"Flex+1","floor":36}],"player_experience":301625,"relics_obtained":[{"floor":9.0,"key":"reliquary:Aerogel"},{"floor":22.0,"key":"Replay:Wax Seal"},{"floor":26.0,"key":"Ornamental Fan"},{"floor":31.0,"key":"Omamori"},{"floor":35,"key":"halation:EternalFortune"}],"event_choices":[{"damage_healed":0.0,"max_hp_gain":0.0,"max_hp_loss":0.0,"gold_gain":75.0,"event_name":"World of Goop","player_choice":"Gather Gold","floor":4.0,"gold_loss":0.0,"damage_taken":11.0},{"damage_healed":0.0,"max_hp_gain":0.0,"max_hp_loss":0.0,"gold_gain":0.0,"event_name":"The Mausoleum","player_choice":"Opened","floor":20.0,"gold_loss":0.0,"damage_taken":0.0,"relics_obtained":["Art of War"]},{"damage_healed":0.0,"max_hp_gain":0.0,"max_hp_loss":0.0,"gold_gain":0.0,"event_name":"Upgrade Shrine","player_choice":"Upgraded","floor":30.0,"gold_loss":0.0,"damage_taken":0.0,"cards_upgraded":["Flex"]},{"damage_healed":0,"gold_gain":0,"player_choice":"Ignored","damage_taken":0,"max_hp_gain":0,"max_hp_loss":0,"event_name":"Mysterious Sphere","floor":37,"gold_loss":0}],"is_beta":false,"boss_relics":[{"not_picked":["halation:ForbiddenBikini","reliquary:WritOfMandamus","hubris:VirtuousBlindfold"]},{"not_picked":["reliquary:RedCape","halation:PlatinumPhoenix"],"picked":"Cursed Key"}],"items_purged_floors":[7,13,19],"is_endless":false,"potions_floor_spawned":[2,12,14,28,36],"killed_by":"Writhing Mass","ascension_level":4}}