{"host":"oq9vgnvl0fi8z8ha","time":1613179187,"event":{"mods":["BaseMod","Block Reminder","Curses Come First","Evolution","Fox Events","Highlight Path","Minty Spire (QoL Compilation)","Relic Stats","Smile Girya","StSLib","The Bug Knight","Treasure Hunter","Unceasing Turn Reminder"],"gold_per_floor":[449,449,29,29,44,74,74,89,123,172,172,181,205,253,253,372,372,402,411,411,25,25,25,73,73,82,132,231,282,282,310,310,436,436,464,66,66,166,196,196,246,246,255,299,308,361,392,424,424,426,426],"floor_reached":50,"language":"ENG","playtime":3563,"items_purged":["Pain","Writhe"],"score":850,"play_id":"f1b81e9a-b37c-421c-9a86-2d4584173f7d","local_time":"20210212181947","daily_mods":["SealedDeck","Red Cards","Elite Swarm"],"is_ascension_mode":false,"campfire_choices":[{"data":"Beam Cell","floor":7.0,"key":"SMITH"},{"data":"Iron Wave","floor":11.0,"key":"SMITH"},{"floor":15.0,"key":"REST"},{"data":"Streamline","floor":23.0,"key":"SMITH"},{"data":"Cleave","floor":25.0,"key":"SMITH"},{"data":"Body Slam","floor":30.0,"key":"SMITH"},{"data":"Conserve Battery","floor":32.0,"key":"SMITH"},{"data":"Defragment","floor":40.0,"key":"SMITH"},{"data":"Creative AI","floor":42.0,"key":"SMITH"},{"data":"Infernal Blade","floor":49.0,"key":"SMITH"}],"circlet_count":0,"master_deck":["FTL","Streamline+1","Cold Snap","Conserve Battery+1","Sweeping Beam","Cleave+1","Sweeping Beam","Leap","Iron Wave+1","Dual Wield","Infernal Blade+1","Beam Cell+1","Capacitor","TH:PixieDust","Demon Form","Thunderclap","TH:CopperCoins","TH:BikiniMail","Double Tap+1","TH:ArmorSpikes","Body Slam+1","TH:DeckOfManyThings","Impervious+1","Echo Form","TH:EnergyPotion","Twin Strike","Rampage","TH:CopperCoins","All For One","TH:CopperCoins","TH:ArmorSpikes","Biased Cognition","TH:CopperCoins","Rainbow+1","Steam+1","TH:Mimic","Limit Break+1","Infernal Blade+1","Defragment+1","Dark Shackles+1","Battle Trance+1","TH:CursedSword","Creative AI+1","TH:BikiniMail","Impervious+1","Zap+1","TH:DeckOfManyThings","Seek+1","Infernal Blade+1","White Noise+1"],"relics":["Cracked Core","EVO:Axolotl","TH:Strongbox","Anchor","ClockworkSouvenir","WarpedTongs","Toxic Egg 2","CeramicFish","Mango","Symbiotic Virus","Ice Cream","Coffee Dripper","Centennial Puzzle","Letter Opener","CaptainsWheel","Art of War","HollowMod:PaleOreRelic","Boot","Black Star","Ancient Tea Set","Bag of Marbles","Potion Belt","Incense Burner","Toy Ornithopter","Pocketwatch","HollowMod:LifeEnderRelic","Cables"],"acts_visited":["Exordium","TheCity","TheBeyond"],"potions_floor_usage":[50],"damage_taken":[{"damage":0.0,"enemies":"Jaw Worm","floor":1.0,"turns":2.0},{"damage":3.0,"enemies":"Cultist","floor":5.0,"turns":2.0},{"damage":9.0,"enemies":"Lagavulin","floor":6.0,"turns":5.0},{"damage":1.0,"enemies":"Small Slimes","floor":8.0,"turns":3.0},{"damage":15.0,"enemies":"Gremlin Nob","floor":10.0,"turns":3.0},{"damage":0.0,"enemies":"Exordium Wildlife","floor":13.0,"turns":2.0},{"damage":0.0,"enemies":"Lagavulin","floor":14.0,"turns":2.0},{"damage":5.0,"enemies":"The Guardian","floor":16.0,"turns":8.0},{"damage":28.0,"enemies":"Spheric Guardian","floor":18.0,"turns":5.0},{"damage":4.0,"enemies":"Slavers","floor":24.0,"turns":4.0},{"damage":24.0,"enemies":"Book of Stabbing","floor":27.0,"turns":5.0},{"damage":12.0,"enemies":"Gremlin Leader","floor":29.0,"turns":6.0},{"damage":0.0,"enemies":"3 Byrds","floor":31.0,"turns":4.0},{"damage":18.0,"enemies":"Champ","floor":33.0,"turns":8.0},{"damage":3.0,"enemies":"Orb Walker","floor":35.0,"turns":4.0},{"damage":34.0,"enemies":"3 Darklings","floor":39.0,"turns":3.0},{"damage":1.0,"enemies":"Nemesis","floor":41.0,"turns":5.0},{"damage":21.0,"enemies":"HollowMod:StalkingDevout","floor":44.0,"turns":7.0},{"damage":22.0,"enemies":"Reptomancer","floor":46.0,"turns":8.0},{"damage":19.0,"enemies":"Transient","floor":47.0,"turns":5.0},{"damage":4.0,"enemies":"3 Darklings","floor":48.0,"turns":5.0},{"damage":40,"enemies":"Time Eater","floor":50,"turns":7}],"seed_played":"6099103822572544471","potions_obtained":[{"floor":1.0,"key":"Swift Potion"},{"floor":6.0,"key":"Dexterity Potion"},{"floor":8.0,"key":"SteroidPotion"},{"floor":13.0,"key":"LiquidMemories"},{"floor":27.0,"key":"AttackPotion"},{"floor":31.0,"key":"Explosive Potion"},{"floor":35.0,"key":"FearPotion"},{"floor":44.0,"key":"SteroidPotion"},{"floor":46.0,"key":"LiquidMemories"}],"is_trial":false,"path_per_floor":["M","?","$","?","M","E","R","M","T","E","R","T","M","E","R","B",null,"M","?","?","$","$","R","E","R","T","E","?","E","R","M","R","B",null,"M","$","?","?","M","R","E","R","T","E","?","E","M","M","R","B"],"character_chosen":"DEFECT","items_purchased":["Anchor","ClockworkSouvenir","Infernal Blade","Beam Cell","Letter Opener","Rampage","Ancient Tea Set","Defragment","Dark Shackles+1"],"campfire_rested":1,"item_purchase_floors":[3,3,3,3,21,21,36,36,36],"current_hp_per_floor":[92,89,89,89,86,77,77,76,76,75,75,75,75,75,106,101,106,78,78,78,78,78,78,74,74,74,50,50,38,38,38,38,20,106,103,103,103,103,69,69,68,68,68,47,47,25,21,17,17,0,0],"gold":426,"neow_bonus":"","is_daily":true,"chose_seed":false,"campfire_upgraded":9,"win_rate":0.0,"timestamp":1613179187,"path_taken":["M","?","$","?","M","E","R","?","T","E","R","?","?","E","R","BOSS","M","?","?","?","$","R","E","R","T","E","?","E","R","M","R","BOSS","M","$","?","?","?","R","E","R","T","E","?","E","M","?","R","BOSS"],"items_purchased_type":["Relic","Relic","Card","Card","Relic","Card","Relic","Card","Card"],"build_version":"2020-12-22","purchased_purges":2,"victory":false,"max_hp_per_floor":[92,92,92,92,92,92,92,92,92,106,106,106,106,106,106,106,106,106,106,106,106,106,106,106,106,106,106,106,106,106,106,106,106,106,106,106,106,106,106,106,106,106,106,106,106,106,106,106,106,106,106],"relic_stats":{"Centennial Puzzle":[36],"counters":[22,103],"CeramicFish":315,"Art of War":[3],"Black Star":3,"Letter Opener":[75],"Boot":[32],"obtain_stats":[{"Ice Cream":14,"CeramicFish":9,"Mango":10,"TH:Strongbox":2,"Incense Burner":43,"EVO:Axolotl":0,"Boot":29,"Ancient Tea Set":36,"ClockworkSouvenir":3,"Centennial Puzzle":19,"HollowMod:PaleOreRelic":27,"Toxic Egg 2":6,"Cracked Core":0,"Potion Belt":41,"HollowMod:LifeEnderRelic":46,"Letter Opener":21,"WarpedTongs":4,"Cables":46,"Anchor":3,"CaptainsWheel":24,"Coffee Dripper":17,"Art of War":26,"Black Star":34,"Bag of Marbles":41,"Symbiotic Virus":12,"Toy Ornithopter":44,"Pocketwatch":44},{"Ice Cream":7,"CeramicFish":4,"Mango":5,"TH:Strongbox":1,"Incense Burner":17,"EVO:Axolotl":0,"Boot":12,"Ancient Tea Set":15,"ClockworkSouvenir":1,"Centennial Puzzle":9,"HollowMod:PaleOreRelic":11,"Toxic Egg 2":3,"Cracked Core":0,"Potion Belt":17,"HollowMod:LifeEnderRelic":19,"Letter Opener":9,"WarpedTongs":1,"Cables":19,"Anchor":1,"CaptainsWheel":10,"Coffee Dripper":8,"Art of War":10,"Black Star":14,"Bag of Marbles":17,"Symbiotic Virus":5,"Toy Ornithopter":18,"Pocketwatch":18},{"Ice Cream":19,"CeramicFish":12,"Mango":15,"TH:Strongbox":2,"Incense Burner":71,"EVO:Axolotl":0,"Boot":47,"Ancient Tea Set":63,"ClockworkSouvenir":2,"Centennial Puzzle":32,"HollowMod:PaleOreRelic":41,"Toxic Egg 2":9,"Cracked Core":0,"Potion Belt":71,"HollowMod:LifeEnderRelic":86,"Letter Opener":32,"WarpedTongs":2,"Cables":86,"Anchor":2,"CaptainsWheel":36,"Coffee Dripper":27,"Art of War":36,"Black Star":59,"Bag of Marbles":71,"Symbiotic Virus":15,"Toy Ornithopter":78,"Pocketwatch":78}],"Toy Ornithopter":20,"WarpedTongs":[100],"Pocketwatch":[3],"Cables":[15,14,0,1,0]},"card_choices":[{"not_picked":["Doom and Gloom","Rip and Tear"],"picked":"Dual Wield","floor":1.0},{"not_picked":["Twin Strike","Perfected Strike"],"picked":"Capacitor","floor":5.0},{"not_picked":["TH:Mimic"],"picked":"TH:PixieDust","floor":6.0},{"not_picked":["Buffer","Brutality"],"picked":"Demon Form","floor":6.0},{"not_picked":["Sword Boomerang","Lockon"],"picked":"Thunderclap","floor":8.0},{"not_picked":["TH:CursedSword"],"picked":"TH:CopperCoins","floor":9.0},{"not_picked":["TH:TreasureMap"],"picked":"TH:BikiniMail","floor":10.0},{"not_picked":["Hyperbeam","All For One"],"picked":"Double Tap+1","floor":10.0},{"not_picked":["TH:PixieDust"],"picked":"TH:ArmorSpikes","floor":12.0},{"not_picked":["Perfected Strike","Thunderclap"],"picked":"Body Slam","floor":13.0},{"not_picked":["TH:ElvenBoots"],"picked":"TH:DeckOfManyThings","floor":14.0},{"not_picked":["Corruption","Amplify+1"],"picked":"Impervious+1","floor":14.0},{"not_picked":["Bludgeon","Berserk"],"picked":"Echo Form","floor":16.0},{"not_picked":["TH:ElvenBoots"],"picked":"TH:EnergyPotion","floor":16.0},{"not_picked":["Anger+1","Rip and Tear"],"picked":"Twin Strike","floor":18.0},{"not_picked":["TH:PixieDust"],"picked":"TH:CopperCoins","floor":24.0},{"not_picked":["Buffer","Hyperbeam"],"picked":"All For One","floor":24.0},{"not_picked":["TH:ArmorSpikes"],"picked":"TH:CopperCoins","floor":26.0},{"not_picked":["TH:BikiniMail"],"picked":"TH:ArmorSpikes","floor":27.0},{"not_picked":["Brutality","Fission+1"],"picked":"Biased Cognition","floor":27.0},{"not_picked":["TH:BikiniMail"],"picked":"TH:CopperCoins","floor":29.0},{"not_picked":["Buffer","Bludgeon"],"picked":"Rainbow+1","floor":29.0},{"not_picked":["Rebound+1","Twin Strike"],"picked":"Steam+1","floor":31.0},{"not_picked":["TH:BikiniMail"],"picked":"TH:Mimic","floor":33.0},{"not_picked":["Immolate","Feed"],"picked":"Limit Break+1","floor":33.0},{"not_picked":["Twin Strike+1","Cleave"],"picked":"Infernal Blade+1","floor":35.0},{"not_picked":["Iron Wave+1","Anger+1"],"picked":"Battle Trance+1","floor":39.0},{"not_picked":["TH:ArmorSpikes"],"picked":"TH:CursedSword","floor":41.0},{"not_picked":["Offering+1","Amplify+1"],"picked":"Creative AI","floor":41.0},{"not_picked":["TH:EnergyPotion"],"picked":"TH:BikiniMail","floor":43.0},{"not_picked":["Juggernaut","Biased Cognition"],"picked":"Impervious+1","floor":44.0},{"not_picked":["TH:Mimic","TH:EnergyPotion"],"picked":"SKIP","floor":44.0},{"not_picked":["TH:PixieDust"],"picked":"TH:DeckOfManyThings","floor":46.0},{"not_picked":["Meteor Strike","Bludgeon"],"picked":"Seek+1","floor":46.0},{"not_picked":["Hello World","Static Discharge+1"],"picked":"Infernal Blade+1","floor":47.0},{"not_picked":["Barrage+1","Storm"],"picked":"White Noise+1","floor":48.0}],"player_experience":168552,"relics_obtained":[{"floor":6.0,"key":"Toxic Egg 2"},{"floor":9.0,"key":"CeramicFish"},{"floor":10.0,"key":"Mango"},{"floor":12.0,"key":"Symbiotic Virus"},{"floor":14.0,"key":"Ice Cream"},{"floor":24.0,"key":"CaptainsWheel"},{"floor":26.0,"key":"Art of War"},{"floor":27.0,"key":"HollowMod:PaleOreRelic"},{"floor":29.0,"key":"Boot"},{"floor":41.0,"key":"Bag of Marbles"},{"floor":41.0,"key":"Potion Belt"},{"floor":43.0,"key":"Incense Burner"},{"floor":44.0,"key":"Toy Ornithopter"},{"floor":44.0,"key":"Pocketwatch"},{"floor":46.0,"key":"HollowMod:LifeEnderRelic"},{"floor":46.0,"key":"Cables"}],"event_choices":[{"damage_healed":0.0,"max_hp_gain":0.0,"max_hp_loss":0.0,"gold_gain":0.0,"event_name":"Scrap Ooze","player_choice":"Success","floor":2.0,"gold_loss":0.0,"damage_taken":3.0,"relics_obtained":["TH:Strongbox"]},{"damage_healed":0.0,"max_hp_gain":0.0,"max_hp_loss":0.0,"gold_gain":0.0,"event_name":"Accursed Blacksmith","player_choice":"Rummage","floor":4.0,"gold_loss":0.0,"damage_taken":0.0,"relics_obtained":["WarpedTongs"],"cards_obtained":["Pain"]},{"damage_healed":0.0,"max_hp_gain":0.0,"max_hp_loss":0.0,"gold_gain":0.0,"event_name":"The Mausoleum","player_choice":"Opened","floor":19.0,"gold_loss":0.0,"damage_taken":0.0,"relics_obtained":["Centennial Puzzle"],"cards_obtained":["Writhe"]},{"damage_healed":0.0,"max_hp_gain":0.0,"max_hp_loss":0.0,"gold_gain":0.0,"event_name":"Vampires","player_choice":"Ignored","floor":20.0,"gold_loss":0.0,"damage_taken":0.0},{"damage_healed":0.0,"max_hp_gain":0.0,"max_hp_loss":0.0,"gold_gain":99.0,"event_name":"Nest","player_choice":"Stole From Cult","floor":28.0,"gold_loss":0.0,"damage_taken":0.0},{"cards_removed":["Auto Shields"],"damage_healed":0.0,"max_hp_gain":0.0,"max_hp_loss":0.0,"gold_gain":0.0,"event_name":"Falling","player_choice":"Removed Skill","floor":37.0,"gold_loss":0.0,"damage_taken":0.0},{"damage_healed":0.0,"max_hp_gain":0.0,"max_hp_loss":0.0,"gold_gain":100.0,"event_name":"Golden Shrine","player_choice":"Pray","floor":38.0,"gold_loss":0.0,"damage_taken":0.0},{"damage_healed":0.0,"max_hp_gain":0.0,"max_hp_loss":0.0,"gold_gain":0.0,"event_name":"Match and Keep!","player_choice":"1 cards matched","floor":45.0,"gold_loss":0.0,"damage_taken":0.0,"cards_obtained":["Zap"]}],"is_beta":false,"boss_relics":[{"not_picked":["Runic Pyramid","FrozenCore"],"picked":"Coffee Dripper"},{"not_picked":["Velvet Choker","Busted Crown"],"picked":"Black Star"}],"items_purged_floors":[21,36],"is_endless":false,"potions_floor_spawned":[1,6,8,13,27,31,35,44,46],"killed_by":"Time Eater","ascension_level":0}}