{"host":"p8bnstsjdxjza4jm","time":1613255228,"event":{"mods":["BaseMod","Colored Powertips","Marisa£¨Ùöéë¡¡Øª×âÞÞ£©","Minty Spire (QoL Compilation)","Quick Restart","StSLib","Together in Spire"],"gold_per_floor":[110,61,136,149,149,180,180,59,108,108,108,33,50,85,85,187,187,199,199,211,111,111,111,145,145,145,162,162,179,278,28,28,123,173,187,34,34,51,64,64,64,64,64],"floor_reached":42,"language":"KOR","playtime":1452,"items_purged":["Strike_R","Bludgeon"],"score":621,"play_id":"91019318-f3ba-41ff-91f9-c0e66d8d2ca3","local_time":"20210214072708","is_ascension_mode":true,"campfire_choices":[{"data":"Hemokinesis","floor":7.0,"key":"SMITH"},{"data":"Heavy Blade","floor":10.0,"key":"SMITH"},{"floor":15.0,"key":"REST"},{"data":"Inflame","floor":23.0,"key":"SMITH"},{"data":"Heavy Blade","floor":25.0,"key":"SMITH"},{"data":"Flex","floor":28.0,"key":"SMITH"},{"floor":32.0,"key":"REST"},{"data":"Heavy Blade","floor":41.0,"key":"SMITH"}],"circlet_count":0,"master_deck":["Bash","Flex+1","Hemokinesis+1","Spot Weakness+1","Heavy Blade+1","Flex+1","Double Tap+1","Iron Wave","Inflame+1","Clash","Flame Barrier+1","Sword Boomerang+1","Combust","Hemokinesis","Hemokinesis","Flex+1","Heavy Blade+1","Flex+1","Heavy Blade+1","Heavy Blade+1","Heavy Blade","Flex+1"],"relics":["Burning Blood","NeowsBlessing","Toxic Egg 2","Tiny Chest","Prayer Wheel","StoneCalendar","Pandora\u0027s Box","MutagenicStrength","Unceasing Top","Singing Bowl","Meat on the Bone","Bottled Flame","Tiny House","Brimstone"],"acts_visited":["Exordium","TheCity","TheBeyond"],"potions_floor_usage":[],"damage_taken":[{"damage":0.0,"enemies":"Jaw Worm","floor":1.0,"turns":1.0},{"damage":0.0,"enemies":"2 Louse","floor":4.0,"turns":1.0},{"damage":0.0,"enemies":"Gremlin Nob","floor":6.0,"turns":1.0},{"damage":8.0,"enemies":"Cultist","floor":13.0,"turns":3.0},{"damage":34.0,"enemies":"3 Sentries","floor":14.0,"turns":4.0},{"damage":64.0,"enemies":"The Guardian","floor":16.0,"turns":7.0},{"damage":9.0,"enemies":"Chosen","floor":18.0,"turns":3.0},{"damage":2.0,"enemies":"Spheric Guardian","floor":20.0,"turns":1.0},{"damage":38.0,"enemies":"Slavers","floor":24.0,"turns":3.0},{"damage":2.0,"enemies":"Cultist and Chosen","floor":27.0,"turns":3.0},{"damage":49.0,"enemies":"Chosen and Byrds","floor":29.0,"turns":5.0},{"damage":54.0,"enemies":"Automaton","floor":33.0,"turns":5.0},{"damage":16.0,"enemies":"Orb Walker","floor":35.0,"turns":2.0},{"damage":14.0,"enemies":"3 Shapes","floor":38.0,"turns":2.0},{"damage":20.0,"enemies":"Sphere and 2 Shapes","floor":39.0,"turns":4.0},{"damage":2.0,"enemies":"Reptomancer","floor":40.0,"turns":2.0},{"damage":87,"enemies":"Nemesis","floor":42,"turns":4}],"seed_played":"7129242211667038532","potions_obtained":[{"floor":6.0,"key":"SmokeBomb"},{"floor":14.0,"key":"ColorlessPotion"},{"floor":18.0,"key":"Strength Potion"},{"floor":20.0,"key":"LiquidBronze"},{"floor":24.0,"key":"Block Potion"},{"floor":34.0,"key":"HeartOfIron"},{"floor":37.0,"key":"ColorlessPotion"},{"floor":37.0,"key":"Block Potion"},{"floor":39.0,"key":"Regen Potion"}],"is_trial":false,"path_per_floor":["M","$","?","M","?","E","R","$","T","R","T","$","M","E","R","B",null,"M","?","M","$","T","R","E","R","T","M","R","M","?","$","R","B",null,"M","$","?","M","M","E","R","E"],"character_chosen":"IRONCLAD","items_purchased":["Flex","Spot Weakness+1","Heavy Blade","Bottled Flame","Brimstone"],"campfire_rested":2,"item_purchase_floors":[2,8,8,31,36],"current_hp_per_floor":[80,80,69,75,80,85,85,85,85,85,85,85,83,55,80,22,85,82,82,85,85,85,85,53,53,53,61,61,30,30,30,56,22,96,88,88,88,82,72,81,81,0,0],"gold":64,"neow_bonus":"THREE_ENEMY_KILL","is_daily":false,"chose_seed":false,"campfire_upgraded":6,"win_rate":0.0,"timestamp":1613255228,"path_taken":["M","$","?","M","?","E","R","$","T","R","?","?","M","E","R","BOSS","M","?","M","$","?","R","E","R","T","M","R","M","?","$","R","BOSS","M","$","?","M","M","E","R","E"],"items_purchased_type":["Card","Card","Card","Relic","Relic"],"build_version":"2020-12-22","purchased_purges":2,"victory":false,"max_hp_per_floor":[80,80,80,80,85,85,85,85,85,85,85,85,85,85,85,85,85,85,85,85,85,85,85,85,85,85,89,89,89,89,89,89,91,96,98,98,98,100,104,104,104,104,104],"card_choices":[{"not_picked":["Havoc","Pommel Strike","Disarm"],"picked":"SKIP","floor":1.0},{"not_picked":["Havoc","Whirlwind"],"picked":"Hemokinesis","floor":4.0},{"not_picked":["Perfected Strike","Havoc+1","Anger"],"picked":"SKIP","floor":6.0},{"not_picked":["Pommel Strike","Feel No Pain"],"picked":"Flex+1","floor":13.0},{"not_picked":["Thunderclap","Twin Strike","Dark Embrace"],"picked":"SKIP","floor":13.0},{"not_picked":["Blood for Blood","Body Slam","Sword Boomerang"],"picked":"SKIP","floor":14.0},{"not_picked":["Immolate","Barricade"],"picked":"Double Tap+1","floor":16.0},{"not_picked":["Armaments+1","Body Slam"],"picked":"Hemokinesis","floor":18.0},{"not_picked":["Armaments+1","Iron Wave","Twin Strike+1"],"picked":"SKIP","floor":18.0},{"not_picked":["Clash+1","Evolve"],"picked":"Flex+1","floor":20.0},{"not_picked":["Metallicize","Iron Wave","Cleave+1"],"picked":"SKIP","floor":20.0},{"not_picked":["Iron Wave","Clothesline"],"picked":"Heavy Blade","floor":24.0},{"not_picked":["Offering+1","Carnage+1","Evolve"],"picked":"Singing Bowl","floor":27.0},{"not_picked":["Warcry+1","Armaments+1","Iron Wave"],"picked":"Singing Bowl","floor":27.0},{"not_picked":["Havoc+1","Power Through+1"],"picked":"Flex+1","floor":29.0},{"not_picked":["Thunderclap","Carnage"],"picked":"Heavy Blade+1","floor":29.0},{"not_picked":["Bludgeon","Berserk","Barricade"],"picked":"Singing Bowl","floor":33.0},{"not_picked":["Dropkick","Shockwave+1"],"picked":"Heavy Blade","floor":34.0},{"not_picked":["Headbutt","Wild Strike+1","Clash"],"picked":"Singing Bowl","floor":35.0},{"not_picked":["Iron Wave","Second Wind+1"],"picked":"Heavy Blade","floor":35.0},{"not_picked":["Twin Strike+1","Offering+1"],"picked":"Flex+1","floor":38.0},{"not_picked":["Body Slam+1","Sever Soul","Entrench+1"],"picked":"Singing Bowl","floor":38.0},{"not_picked":["Twin Strike","Pummel","Wild Strike"],"picked":"Singing Bowl","floor":39.0},{"not_picked":["Power Through+1","Iron Wave+1","Havoc+1"],"picked":"Singing Bowl","floor":39.0}],"player_experience":102358,"relics_obtained":[{"floor":6.0,"key":"Toxic Egg 2"},{"floor":9.0,"key":"Tiny Chest"},{"floor":11.0,"key":"Prayer Wheel"},{"floor":14.0,"key":"StoneCalendar"},{"floor":22.0,"key":"Unceasing Top"},{"floor":24.0,"key":"Singing Bowl"},{"floor":26.0,"key":"Meat on the Bone"}],"event_choices":[{"damage_healed":0.0,"max_hp_gain":0.0,"max_hp_loss":0.0,"gold_gain":75.0,"event_name":"World of Goop","player_choice":"Gather Gold","floor":3.0,"gold_loss":0.0,"damage_taken":11.0},{"damage_healed":0.0,"max_hp_gain":5.0,"max_hp_loss":0.0,"gold_gain":0.0,"event_name":"Big Fish","player_choice":"Donut","floor":5.0,"gold_loss":0.0,"damage_taken":0.0},{"damage_healed":0.0,"max_hp_gain":0.0,"max_hp_loss":0.0,"gold_gain":0.0,"event_name":"Drug Dealer","player_choice":"Inject Mutagens","floor":19.0,"gold_loss":0.0,"damage_taken":0.0,"relics_obtained":["MutagenicStrength"]},{"damage_healed":0.0,"max_hp_gain":0.0,"max_hp_loss":0.0,"gold_gain":99.0,"event_name":"Nest","player_choice":"Stole From Cult","floor":30.0,"gold_loss":0.0,"damage_taken":0.0},{"damage_healed":0.0,"max_hp_gain":0.0,"max_hp_loss":0.0,"gold_gain":0.0,"event_name":"Lab","player_choice":"Got Potions","floor":37.0,"gold_loss":0.0,"damage_taken":0.0}],"is_beta":false,"boss_relics":[{"not_picked":["Velvet Choker","Philosopher\u0027s Stone"],"picked":"Pandora\u0027s Box"},{"not_picked":["Astrolabe","Black Star"],"picked":"Tiny House"}],"items_purged_floors":[12,21],"is_endless":false,"potions_floor_spawned":[6,14,18,20,24,39],"killed_by":"Nemesis","ascension_level":3}}