{"host":"8d3fefv2347kqkpz","time":1613256797,"event":{"mods":["AchievementEnabler","Act Like it!","BaseMod","Better Vampires","Colored Map","Colored Powertips","Downfall","GifTheSpireLib","Highlight Path","Minty Spire (QoL Compilation)","Quick Restart","Rare Cards Sparkle","Relic Stats","Replay The Spire","Spicy Shops","StSLib","Waifu the Spire"],"gold_per_floor":[113,128,138,313,327,327,343,343,366,401,443,132,132,132,132,150,150],"floor_reached":16,"language":"ZHS","playtime":502,"items_purged":["Strike_R"],"score":104,"play_id":"0cd06917-5aba-4375-96e8-11f9d4139703","local_time":"20210214065317","is_ascension_mode":false,"campfire_choices":[{"data":"Metallicize","floor":6,"key":"SMITH"},{"data":"Bash","floor":8,"key":"SMITH"},{"floor":15,"key":"REST"}],"circlet_count":0,"master_deck":["Strike_R","Strike_R","Strike_R","Strike_R","Defend_R","Defend_R","Defend_R","Defend_R","Bash+1","Doubt","Metallicize+1","Limit Break"],"relics":["Burning Blood","Replay:Bandana","Bag of Preparation","Membership Card","Pantograph"],"acts_visited":["Exordium"],"potions_floor_usage":[11,11,16],"damage_taken":[{"damage":8.0,"enemies":"Cultist","floor":1.0,"turns":5.0},{"damage":4.0,"enemies":"2 Louse","floor":2.0,"turns":4.0},{"damage":15,"enemies":"Jaw Worm","floor":3,"turns":4},{"damage":15,"enemies":"Looter","floor":5,"turns":3},{"damage":10,"enemies":"Blue Slaver","floor":7,"turns":6},{"damage":13,"enemies":"Exordium Wildlife","floor":10,"turns":7},{"damage":25,"enemies":"3 Sentries","floor":11,"turns":13},{"damage":2,"enemies":"Exordium Thugs","floor":14,"turns":4},{"damage":88,"enemies":"Hexaghost","floor":16,"turns":14}],"seed_played":"5433880636515587956","potions_obtained":[{"floor":1.0,"key":"Reflective Coating"},{"floor":2.0,"key":"SpeedPotion"},{"floor":7,"key":"EssenceOfSteel"},{"floor":14,"key":"ColorlessPotion"}],"is_trial":false,"path_per_floor":["M","M","M","?","M","R","M","R","T","M","E","$","?","M","R","B"],"character_chosen":"IRONCLAD","items_purchased":["Membership Card","Pantograph"],"campfire_rested":1,"item_purchase_floors":[12,12],"current_hp_per_floor":[86,88,79,79,70,70,66,66,66,59,40,40,40,44,70,0,0],"gold":150,"neow_bonus":"TEN_PERCENT_HP_BONUS","is_daily":false,"chose_seed":false,"campfire_upgraded":2,"win_rate":0.0,"timestamp":1613256797,"path_taken":["M","M","?","?","M","R","M","R","T","M","E","$","?","M","R","BOSS"],"items_purchased_type":["Relic","Relic"],"build_version":"2020-12-22","purchased_purges":1,"victory":false,"max_hp_per_floor":[88,88,88,88,88,88,88,88,88,88,88,88,88,88,88,88,88],"relic_stats":{"counters":[9,60],"Pantograph":18,"Bag of Preparation":[4],"obtain_stats":[{"Replay:Bandana":9,"Pantograph":12,"Bag of Preparation":11,"Membership Card":12,"Burning Blood":0},{"Replay:Bandana":5,"Pantograph":7,"Bag of Preparation":7,"Membership Card":7,"Burning Blood":0},{"Replay:Bandana":22,"Pantograph":42,"Bag of Preparation":42,"Membership Card":42,"Burning Blood":0}],"Burning Blood":48},"card_choices":[{"not_picked":["Power Through","Headbutt","Infernal Blade"],"picked":"SKIP","floor":1.0},{"not_picked":["Sentinel","Clash","Sword Boomerang"],"picked":"SKIP","floor":2.0},{"not_picked":["Flex","Shrug It Off","Carnage"],"picked":"SKIP","floor":3},{"not_picked":["ReplayTheSpireMod:LeadingStrike","ReplayTheSpireMod:Strike From Hell"],"picked":"Metallicize","floor":5},{"not_picked":["Run Through","Blood for Blood","Clash"],"picked":"SKIP","floor":7},{"not_picked":["Havoc","Armaments"],"picked":"Limit Break","floor":10},{"not_picked":["Abandon","Uppercut","Pommel Strike"],"picked":"SKIP","floor":11},{"not_picked":["Run Through","Clash","Battle Trance"],"picked":"SKIP","floor":14}],"player_experience":365913,"relics_obtained":[{"floor":9,"key":"Replay:Bandana"},{"floor":11,"key":"Bag of Preparation"}],"event_choices":[{"damage_healed":0,"gold_gain":175,"player_choice":"AGREE","damage_taken":0,"max_hp_gain":0,"max_hp_loss":0,"event_name":"Liars Game","floor":4,"gold_loss":0,"cards_obtained":["Doubt"]},{"damage_healed":0,"gold_gain":0,"player_choice":"Ignored","damage_taken":0,"max_hp_gain":0,"max_hp_loss":0,"event_name":"Shining Light","floor":13,"gold_loss":0}],"is_beta":false,"boss_relics":[],"items_purged_floors":[12],"is_endless":false,"potions_floor_spawned":[1,2,7,14],"killed_by":"Hexaghost","ascension_level":0}}