{"host":"wmojtwekh6s3tor5","time":1613229929,"event":{"mods":["BaseMod","Colored Map","Colored Powertips","DeckTracker","Highlight Path","Minty Spire (QoL Compilation)","Quick Restart","StSLib"],"gold_per_floor":[117,129,129,27,38,57,57,57,80,91,121,134,157,57,57,159,159,179,179,28,45,45,80,80,5,5,5,5,5,5,84,84,84,84],"floor_reached":33,"language":"ZHS","playtime":2359,"items_purged":["Strike_G","Strike_G"],"score":314,"play_id":"7e123256-7ef5-4f0d-a7de-eb5ecb221608","local_time":"20210213232529","is_ascension_mode":true,"campfire_choices":[{"data":"Finisher","floor":7.0,"key":"SMITH"},{"data":"Infinite Blades","floor":15.0,"key":"SMITH"},{"data":"Phantasmal Killer","floor":24.0,"key":"SMITH"},{"data":"Cloak And Dagger","floor":27.0,"key":"SMITH"},{"floor":30.0,"key":"REST"},{"floor":32.0,"key":"REST"}],"circlet_count":0,"master_deck":["Strike_G+1","Strike_G+1","Defend_G+1","Defend_G","Defend_G","Survivor","Neutralize","Acrobatics","Quick Slash","Finisher+1","Outmaneuver+1","Backflip","Adrenaline","Cloak And Dagger+1","Quick Slash","Infinite Blades+1","Phantasmal Killer+1","Adrenaline","Flechettes+1","Reflex"],"relics":["Ring of the Snake","Oddly Smooth Stone","Odd Mushroom","Omamori","Empty Cage","Whetstone","Tiny Chest","Mercury Hourglass","Ninja Scroll"],"acts_visited":["Exordium","TheCity"],"potions_floor_usage":[33],"damage_taken":[{"damage":4.0,"enemies":"Jaw Worm","floor":1.0,"turns":5.0},{"damage":1.0,"enemies":"Cultist","floor":2.0,"turns":3.0},{"damage":1.0,"enemies":"Small Slimes","floor":5.0,"turns":4.0},{"damage":4.0,"enemies":"Blue Slaver","floor":6.0,"turns":5.0},{"damage":0.0,"enemies":"Looter","floor":10.0,"turns":3.0},{"damage":0.0,"enemies":"The Mushroom Lair","floor":11.0,"turns":4.0},{"damage":0.0,"enemies":"3 Louse","floor":12.0,"turns":3.0},{"damage":18.0,"enemies":"The Guardian","floor":16.0,"turns":15.0},{"damage":0.0,"enemies":"3 Byrds","floor":18.0,"turns":5.0},{"damage":0.0,"enemies":"Shell Parasite","floor":21.0,"turns":3.0},{"damage":30.0,"enemies":"Book of Stabbing","floor":23.0,"turns":7.0},{"damage":72,"enemies":"Champ","floor":33,"turns":11}],"seed_played":"-2441680744141288925","potions_obtained":[{"floor":2.0,"key":"SkillPotion"},{"floor":6.0,"key":"Ancient Potion"},{"floor":10.0,"key":"PowerPotion"},{"floor":16.0,"key":"SpeedPotion"},{"floor":18.0,"key":"Regen Potion"},{"floor":23.0,"key":"BlessingOfTheForge"}],"is_trial":false,"path_per_floor":["M","M","?","$","M","M","R","?","T","M","?","M","T","$","R","B",null,"M","?","$","M","$","E","R","?","T","R","?","$","R","T","R","B"],"character_chosen":"THE_SILENT","items_purchased":["Outmaneuver","Whetstone"],"campfire_rested":2,"item_purchase_floors":[4,20],"current_hp_per_floor":[66,65,65,65,64,60,60,46,46,46,46,46,46,46,46,28,60,60,60,60,60,60,30,30,30,30,30,17,17,39,39,61,0,0],"gold":84,"neow_bonus":"THREE_CARDS","is_daily":false,"chose_seed":false,"campfire_upgraded":4,"win_rate":0.0,"timestamp":1613229929,"path_taken":["M","M","?","$","?","M","R","?","T","M","?","M","?","$","R","BOSS","M","?","$","?","$","E","R","?","T","R","?","?","R","?","R","BOSS"],"items_purchased_type":["Card","Relic"],"build_version":"2020-12-22","purchased_purges":2,"victory":false,"max_hp_per_floor":[70,70,70,70,70,70,70,70,70,70,70,70,70,70,70,70,70,70,70,70,70,70,70,70,70,70,70,75,75,75,75,75,75,75],"card_choices":[{"not_picked":["Deflect","Quick Slash"],"picked":"Acrobatics","floor":0.0},{"not_picked":["Prepared","Footwork"],"picked":"Quick Slash","floor":1.0},{"not_picked":["Deflect","Dagger Spray"],"picked":"Finisher","floor":2.0},{"not_picked":["Predator","Poisoned Stab"],"picked":"Backflip","floor":5.0},{"not_picked":["Dagger Throw","Catalyst"],"picked":"Adrenaline","floor":6.0},{"not_picked":["Finisher","PiercingWail"],"picked":"Cloak And Dagger","floor":10.0},{"not_picked":["Deflect","Dagger Throw"],"picked":"Quick Slash","floor":11.0},{"not_picked":["PiercingWail","Outmaneuver"],"picked":"Infinite Blades","floor":12.0},{"not_picked":["Wraith Form v2","Envenom"],"picked":"Phantasmal Killer","floor":16.0},{"not_picked":["Concentrate","Outmaneuver","Sucker Punch"],"picked":"SKIP","floor":18.0},{"not_picked":["PiercingWail","Deadly Poison"],"picked":"Flechettes+1","floor":21.0},{"not_picked":["Bane","Malaise"],"picked":"Reflex","floor":23.0}],"player_experience":592421,"relics_obtained":[{"floor":9.0,"key":"Oddly Smooth Stone"},{"floor":11.0,"key":"Odd Mushroom"},{"floor":13.0,"key":"Omamori"},{"floor":23.0,"key":"Tiny Chest"},{"floor":26.0,"key":"Mercury Hourglass"},{"floor":31.0,"key":"Ninja Scroll"}],"event_choices":[{"damage_healed":0.0,"max_hp_gain":0.0,"max_hp_loss":0.0,"gold_gain":0.0,"event_name":"FaceTrader","player_choice":"Leave","floor":3.0,"gold_loss":0.0,"damage_taken":0.0},{"damage_healed":0.0,"max_hp_gain":0.0,"max_hp_loss":0.0,"gold_gain":0.0,"event_name":"Shining Light","player_choice":"Entered Light","floor":8.0,"gold_loss":0.0,"damage_taken":14.0,"cards_upgraded":["Outmaneuver","Defend_G"]},{"damage_healed":0.0,"max_hp_gain":0.0,"max_hp_loss":0.0,"gold_gain":0.0,"event_name":"Mushrooms","player_choice":"Fought Mushrooms","floor":11.0,"gold_loss":0.0,"damage_taken":0.0},{"damage_healed":0.0,"max_hp_gain":0.0,"max_hp_loss":0.0,"gold_gain":0.0,"event_name":"Duplicator","player_choice":"Copied","floor":19.0,"gold_loss":0.0,"damage_taken":0.0,"cards_obtained":["Adrenaline"]},{"cards_removed":["Strike_G"],"damage_healed":0.0,"max_hp_gain":0.0,"max_hp_loss":0.0,"gold_gain":0.0,"event_name":"Beggar","player_choice":"Gave Gold","floor":25.0,"gold_loss":75.0,"damage_taken":0.0},{"damage_healed":0.0,"max_hp_gain":5.0,"max_hp_loss":0.0,"gold_gain":0.0,"event_name":"Forgotten Altar","player_choice":"Shed Blood","floor":28.0,"gold_loss":0.0,"damage_taken":18.0}],"is_beta":false,"boss_relics":[{"not_picked":["SlaversCollar","Busted Crown"],"picked":"Empty Cage"}],"items_purged_floors":[4,14],"is_endless":false,"potions_floor_spawned":[2,6,10,16,18,23],"killed_by":"Champ","ascension_level":5}}