{"host":"u8f6oqzdc7r6igag","time":1613197461,"event":{"mods":["BaseMod","Minty Spire (QoL Compilation)","Relic Stats"],"gold_per_floor":[114,114,41,41,116,116,160,180,180,194,194,207,12,32,32,156,156,177,193,193,41,57,57,88,88,133,133,168,168,212,237,237,368,368,383,383,383,399,418,418,432,206,257,257,295,295,295,319,319,319,319,319,68,108,108,108],"floor_reached":55,"language":"ENG","playtime":2127,"items_purged":["Injury"],"score":1017,"play_id":"07c58163-8b77-4e4d-987e-f823281325ea","local_time":"20210213002421","is_ascension_mode":true,"campfire_choices":[{"data":"Flame Barrier","floor":6.0,"key":"SMITH"},{"data":"Burning Pact","floor":11.0,"key":"SMITH"},{"data":"Inflame","floor":15.0,"key":"SMITH"},{"data":"Spot Weakness","floor":23.0,"key":"SMITH"},{"floor":27,"key":"REST"},{"data":"Shockwave","floor":29,"key":"SMITH"},{"data":"Feel No Pain","floor":32,"key":"SMITH"},{"floor":40,"key":"RECALL"},{"floor":44,"key":"REST"},{"floor":49,"key":"REST"},{"floor":52,"key":"REST"}],"circlet_count":0,"master_deck":["Strike_R","Strike_R","Strike_R","Strike_R","Strike_R","Defend_R+1","Defend_R","Defend_R","Defend_R+1","Bash","Burning Pact+1","Flame Barrier+1","Impervious","Shockwave+1","Iron Wave+1","Reaper+1","Inflame+1","Reaper+1","Spot Weakness+1","Brutality","Heavy Blade+1","Feel No Pain+1","Cleave+1","Corruption","Heavy Blade+1","Flame Barrier+1","Body Slam+1","Feel No Pain","Cleave+1","Sword Boomerang+1"],"relics":["Burning Blood","NeowsBlessing","Magic Flower","Golden Idol","Regal Pillow","Molten Egg 2","Philosopher\u0027s Stone","Enchiridion","Brimstone","Self Forming Clay","Gremlin Horn","War Paint","Red Skull","Pen Nib","Fusion Hammer","Bottled Tornado","Strawberry","Juzu Bracelet","Kunai","Mummified Hand"],"acts_visited":["Exordium","TheCity","TheBeyond","TheEnding"],"potions_floor_usage":[33,50,55],"damage_taken":[{"damage":0.0,"enemies":"Small Slimes","floor":1.0,"turns":1.0},{"damage":0.0,"enemies":"3 Sentries","floor":7.0,"turns":2.0},{"damage":0.0,"enemies":"Cultist","floor":8.0,"turns":1.0},{"damage":0.0,"enemies":"Jaw Worm","floor":10.0,"turns":6.0},{"damage":26.0,"enemies":"Large Slime","floor":12.0,"turns":13.0},{"damage":15.0,"enemies":"2 Fungi Beasts","floor":14.0,"turns":5.0},{"damage":85.0,"enemies":"Slime Boss","floor":16.0,"turns":21.0},{"damage":20.0,"enemies":"2 Thieves","floor":18.0,"turns":4.0},{"damage":10.0,"enemies":"Shell Parasite","floor":19.0,"turns":7.0},{"damage":26.0,"enemies":"Centurion and Healer","floor":22.0,"turns":5.0},{"damage":69,"enemies":"Book of Stabbing","floor":24,"turns":5},{"damage":54,"enemies":"Gremlin Leader","floor":28,"turns":5},{"damage":63,"enemies":"Slavers","floor":30,"turns":4},{"damage":17,"enemies":"Snecko","floor":31,"turns":3},{"damage":61,"enemies":"Collector","floor":33,"turns":4},{"damage":0,"enemies":"3 Shapes","floor":35,"turns":4},{"damage":7,"enemies":"Orb Walker","floor":38,"turns":3},{"damage":20,"enemies":"Jaw Worm Horde","floor":39,"turns":4},{"damage":35,"enemies":"4 Shapes","floor":41,"turns":3},{"damage":19,"enemies":"Reptomancer","floor":45,"turns":4},{"damage":24,"enemies":"Transient","floor":48,"turns":5},{"damage":84,"enemies":"Donu and Deca","floor":50,"turns":6},{"damage":57,"enemies":"Shield and Spear","floor":54,"turns":5},{"damage":86,"enemies":"The Heart","floor":55,"turns":3}],"seed_played":"2996765073221569181","potions_obtained":[{"floor":1.0,"key":"FearPotion"},{"floor":8.0,"key":"PowerPotion"},{"floor":12.0,"key":"Ancient Potion"},{"floor":16.0,"key":"SneckoOil"},{"floor":19.0,"key":"ColorlessPotion"},{"floor":28,"key":"Dexterity Potion"},{"floor":30,"key":"AttackPotion"},{"floor":33,"key":"DistilledChaos"},{"floor":48,"key":"BlessingOfTheForge"},{"floor":54,"key":"ElixirPotion"}],"is_trial":false,"path_per_floor":["M","?","$","?","?","R","E","M","T","M","R","M","$","M","R","B",null,"M","M","?","$","M","R","E","?","T","R","E","R","E","M","R","B",null,"M","T","?","M","M","R","M","$","T","R","E","$","?","M","R","B",null,"R","$","E","B"],"character_chosen":"IRONCLAD","items_purchased":["Flame Barrier","Reaper+1","Inflame","Brimstone","Strawberry","Kunai"],"campfire_rested":4,"item_purchase_floors":[3,13,13,21,42,53],"current_hp_per_floor":[78,78,78,78,67,67,76,80,80,80,80,63,63,74,74,34,69,80,80,64,64,75,75,41,41,41,80,80,80,80,72,72,80,80,80,80,80,80,80,80,80,87,87,87,77,77,77,87,87,50,78,87,87,81,0,0],"gold":108,"neow_bonus":"THREE_ENEMY_KILL","is_daily":false,"chose_seed":false,"campfire_upgraded":6,"win_rate":0.0,"timestamp":1613197461,"path_taken":["M","?","?","?","?","R","E","M","T","M","R","M","$","M","R","BOSS","M","M","?","$","M","R","E","?","T","R","E","R","E","M","R","BOSS","M","?","?","M","M","R","?","$","T","R","E","$","?","M","R","BOSS","R","$","E","BOSS"],"items_purchased_type":["Card","Card","Card","Relic","Relic","Relic"],"build_version":"2020-12-22","purchased_purges":1,"victory":false,"max_hp_per_floor":[80,80,80,80,80,80,80,80,80,80,80,80,80,80,80,80,80,80,80,80,80,80,80,80,80,80,80,80,80,80,80,80,80,80,80,80,80,80,80,80,80,87,87,87,87,87,87,87,87,87,87,87,87,87,87,87],"relic_stats":{"Regal Pillow":15,"Gremlin Horn":[19,19],"counters":[24,123],"Golden Idol":170,"Self Forming Clay":[141],"Magic Flower":[118],"Pen Nib":[7],"Juzu Bracelet":1,"War Paint":["Defend_R","Defend_R"],"Burning Blood":130,"Mummified Hand":[4],"Kunai":[0],"obtain_stats":[{"Regal Pillow":7,"NeowsBlessing":0,"Gremlin Horn":25,"Golden Idol":4,"Self Forming Clay":24,"Magic Flower":2,"Enchiridion":20,"Pen Nib":30,"Juzu Bracelet":45,"War Paint":26,"Bottled Tornado":36,"Burning Blood":0,"Brimstone":21,"Mummified Hand":54,"Strawberry":42,"Molten Egg 2":9,"Philosopher\u0027s Stone":17,"Fusion Hammer":34,"Kunai":53,"Red Skull":28},{"Regal Pillow":2,"NeowsBlessing":0,"Gremlin Horn":11,"Golden Idol":1,"Self Forming Clay":11,"Magic Flower":1,"Enchiridion":9,"Pen Nib":13,"Juzu Bracelet":20,"War Paint":11,"Bottled Tornado":16,"Burning Blood":0,"Brimstone":9,"Mummified Hand":23,"Strawberry":19,"Molten Egg 2":3,"Philosopher\u0027s Stone":7,"Fusion Hammer":15,"Kunai":22,"Red Skull":12},{"Regal Pillow":3,"NeowsBlessing":0,"Gremlin Horn":70,"Golden Idol":1,"Self Forming Clay":70,"Magic Flower":1,"Enchiridion":60,"Pen Nib":79,"Juzu Bracelet":104,"War Paint":70,"Bottled Tornado":90,"Burning Blood":0,"Brimstone":60,"Mummified Hand":120,"Strawberry":100,"Molten Egg 2":4,"Philosopher\u0027s Stone":49,"Fusion Hammer":86,"Kunai":115,"Red Skull":75}]},"card_choices":[{"not_picked":["Bloodletting","Sword Boomerang"],"picked":"Burning Pact","floor":1.0},{"not_picked":["Rage","Hemokinesis"],"picked":"Impervious","floor":7.0},{"not_picked":["Second Wind","Combust"],"picked":"Shockwave","floor":8.0},{"not_picked":["Disarm","Anger+1","Searing Blow+1"],"picked":"SKIP","floor":10.0},{"not_picked":["Sentinel","Flex"],"picked":"Iron Wave+1","floor":12.0},{"not_picked":["Perfected Strike+1","Reckless Charge+1","Heavy Blade+1"],"picked":"SKIP","floor":14.0},{"not_picked":["Offering","Berserk"],"picked":"Reaper+1","floor":16.0},{"not_picked":["Wild Strike+1","Cleave+1"],"picked":"Spot Weakness","floor":18.0},{"not_picked":["Wild Strike+1","Armaments+1","Rupture"],"picked":"SKIP","floor":19.0},{"not_picked":["Anger+1","Sever Soul+1","Blood for Blood+1"],"picked":"SKIP","floor":22.0},{"not_picked":["Second Wind","Ghostly Armor"],"picked":"Brutality","floor":24},{"not_picked":["Iron Wave+1","Whirlwind+1"],"picked":"Heavy Blade+1","floor":28},{"not_picked":["Anger+1","Armaments"],"picked":"Feel No Pain","floor":30},{"not_picked":["Anger+1","Perfected Strike+1"],"picked":"Cleave+1","floor":31},{"not_picked":["Berserk","Feed+1"],"picked":"Corruption","floor":33},{"not_picked":["Fire Breathing","Searing Blow+1"],"picked":"Heavy Blade+1","floor":35},{"not_picked":["Infernal Blade","Clash+1","True Grit"],"picked":"SKIP","floor":38},{"not_picked":["Disarm+1","Wild Strike+1"],"picked":"Body Slam+1","floor":39},{"not_picked":["Clash+1","Flex+1"],"picked":"Feel No Pain","floor":41},{"not_picked":["Corruption","Warcry+1","Reckless Charge+1"],"picked":"SKIP","floor":45},{"not_picked":["Pommel Strike+1","Warcry+1"],"picked":"Cleave+1","floor":48},{"not_picked":["Havoc","Second Wind"],"picked":"Sword Boomerang+1","floor":54}],"player_experience":186228,"relics_obtained":[{"floor":7.0,"key":"Regal Pillow"},{"floor":9.0,"key":"Molten Egg 2"},{"floor":20.0,"key":"Enchiridion"},{"floor":24,"key":"Self Forming Clay"},{"floor":25,"key":"Gremlin Horn"},{"floor":26,"key":"War Paint"},{"floor":28,"key":"Red Skull"},{"floor":30,"key":"Pen Nib"},{"floor":36,"key":"Bottled Tornado"},{"floor":45,"key":"Juzu Bracelet"},{"floor":54,"key":"Mummified Hand"}],"event_choices":[{"damage_healed":0.0,"max_hp_gain":0.0,"max_hp_loss":0.0,"gold_gain":0.0,"event_name":"WeMeetAgain","player_choice":"Gave Potion","floor":2.0,"gold_loss":0.0,"damage_taken":0.0,"relics_obtained":["Magic Flower"]},{"damage_healed":0.0,"max_hp_gain":0.0,"max_hp_loss":0.0,"gold_gain":0.0,"event_name":"Golden Idol","player_choice":"Take Wound","floor":4.0,"gold_loss":0.0,"damage_taken":0.0,"relics_obtained":["Golden Idol"],"cards_obtained":["Injury"]},{"damage_healed":0.0,"max_hp_gain":0.0,"max_hp_loss":0.0,"gold_gain":75.0,"event_name":"World of Goop","player_choice":"Gather Gold","floor":5.0,"gold_loss":0.0,"damage_taken":11.0},{"damage_healed":0.0,"max_hp_gain":0.0,"max_hp_loss":0.0,"gold_gain":0.0,"event_name":"Cursed Tome","player_choice":"Obtained Book","floor":20.0,"gold_loss":0.0,"damage_taken":16.0},{"damage_healed":0,"gold_gain":0,"player_choice":"Relic","damage_taken":0,"max_hp_gain":0,"max_hp_loss":0,"event_name":"Wheel of Change","floor":25,"gold_loss":0},{"damage_healed":0,"gold_gain":0,"player_choice":"Copied","damage_taken":0,"max_hp_gain":0,"max_hp_loss":0,"event_name":"Duplicator","floor":37,"gold_loss":0,"cards_obtained":["Flame Barrier"]},{"damage_healed":0,"gold_gain":0,"player_choice":"Memory 1","damage_taken":0,"max_hp_gain":0,"max_hp_loss":0,"event_name":"SensoryStone","floor":47,"gold_loss":0}],"is_beta":false,"boss_relics":[{"not_picked":["SlaversCollar","Calling Bell"],"picked":"Philosopher\u0027s Stone"},{"not_picked":["Tiny House","Sozu"],"picked":"Fusion Hammer"}],"items_purged_floors":[42],"is_endless":false,"potions_floor_spawned":[1,8,12,16,19,28,30,33,39,48,54],"killed_by":"The Heart","ascension_level":7}}