{"host":"26mrfot5w7uj2ebc","time":1613223010,"event":{"mods":["AchievementEnabler","BaseMod","Colored Map","Curses Come First","Minty Spire (QoL Compilation)","StSLib"],"gold_per_floor":[111,111,111,123,141,178,178,187,263,282,292,334,334,409,409,409,409],"floor_reached":16,"language":"KOR","playtime":616,"items_purged":[],"score":110,"play_id":"a0ede042-1244-4548-8396-72173dcb169b","local_time":"20210213223010","is_ascension_mode":false,"campfire_choices":[{"floor":7.0,"key":"REST"},{"floor":15,"key":"REST"}],"circlet_count":0,"master_deck":["Strike_B","Strike_B","Strike_B","Strike_B","Defend_B","Defend_B+1","Defend_B","Defend_B","Zap","Dualcast+1","Mayhem","Force Field","Hologram","Rip and Tear","Leap","Regret","Reboot","Coolheaded"],"relics":["Cracked Core","CeramicFish","Shuriken","HornCleat","Potion Belt"],"acts_visited":["Exordium"],"potions_floor_usage":[16,16],"damage_taken":[{"damage":10.0,"enemies":"Cultist","floor":1.0,"turns":4.0},{"damage":0.0,"enemies":"Jaw Worm","floor":4.0,"turns":5.0},{"damage":0.0,"enemies":"2 Louse","floor":5.0,"turns":4.0},{"damage":8.0,"enemies":"Gremlin Nob","floor":6.0,"turns":3.0},{"damage":2.0,"enemies":"2 Fungi Beasts","floor":10.0,"turns":3.0},{"damage":0.0,"enemies":"Looter","floor":11.0,"turns":3.0},{"damage":40.0,"enemies":"3 Sentries","floor":12.0,"turns":9.0},{"damage":27,"enemies":"Slime Boss","floor":16,"turns":11}],"seed_played":"-700823575069786503","potions_obtained":[{"floor":3.0,"key":"EssenceOfDarkness"},{"floor":3.0,"key":"Strength Potion"},{"floor":3.0,"key":"Block Potion"},{"floor":5.0,"key":"DistilledChaos"},{"floor":6.0,"key":"LiquidMemories"},{"floor":12.0,"key":"Dexterity Potion"}],"is_trial":false,"path_per_floor":["M","?","?","M","M","E","R","?","T","M","M","E","?","?","R","B"],"character_chosen":"DEFECT","items_purchased":[],"campfire_rested":2,"item_purchase_floors":[],"current_hp_per_floor":[58,44,44,44,44,36,56,56,56,54,54,14,14,3,23,0,0],"gold":409,"neow_bonus":"RANDOM_COLORLESS_2","is_daily":false,"chose_seed":false,"campfire_upgraded":0,"win_rate":0.0,"timestamp":1613223010,"path_taken":["M","?","?","M","?","E","R","?","T","M","M","E","?","?","R","BOSS"],"items_purchased_type":[],"build_version":"2020-12-22","purchased_purges":0,"victory":false,"max_hp_per_floor":[68,68,68,68,68,68,68,68,68,68,68,68,68,68,68,68,68],"card_choices":[{"not_picked":["Sadistic Nature","The Bomb"],"picked":"Mayhem","floor":0.0},{"not_picked":["Redo","Lockon"],"picked":"Force Field","floor":1.0},{"not_picked":["Conserve Battery","Coolheaded"],"picked":"Hologram","floor":4.0},{"not_picked":["Redo","Reprogram"],"picked":"Rip and Tear","floor":5.0},{"not_picked":["Tempest","Rebound"],"picked":"Leap","floor":6.0},{"not_picked":["Steam","Redo"],"picked":"Reboot","floor":10.0},{"not_picked":["Rebound","Sunder","Capacitor"],"picked":"SKIP","floor":11.0},{"not_picked":["Darkness","Sunder"],"picked":"Coolheaded","floor":12.0}],"player_experience":236393,"relics_obtained":[{"floor":6.0,"key":"CeramicFish"},{"floor":9.0,"key":"HornCleat"},{"floor":12.0,"key":"Potion Belt"}],"event_choices":[{"damage_healed":0.0,"max_hp_gain":0.0,"max_hp_loss":0.0,"gold_gain":0.0,"event_name":"Shining Light","player_choice":"Entered Light","floor":2.0,"gold_loss":0.0,"damage_taken":14.0,"cards_upgraded":["Defend_B","Dualcast"]},{"damage_healed":0.0,"max_hp_gain":0.0,"max_hp_loss":0.0,"gold_gain":0.0,"event_name":"Lab","player_choice":"Got Potions","floor":3.0,"gold_loss":0.0,"damage_taken":0.0},{"damage_healed":0.0,"max_hp_gain":0.0,"max_hp_loss":0.0,"gold_gain":0.0,"event_name":"Big Fish","player_choice":"Box","floor":8.0,"gold_loss":0.0,"damage_taken":0.0,"relics_obtained":["Shuriken"],"cards_obtained":["Regret"]},{"damage_healed":0,"gold_gain":0,"player_choice":"Searched \u00270\u0027 times","damage_taken":0,"max_hp_gain":0,"max_hp_loss":0,"event_name":"Dead Adventurer","floor":13,"gold_loss":0},{"damage_healed":0,"gold_gain":75,"player_choice":"Gather Gold","damage_taken":11,"max_hp_gain":0,"max_hp_loss":0,"event_name":"World of Goop","floor":14,"gold_loss":0}],"is_beta":false,"boss_relics":[],"items_purged_floors":[],"is_endless":false,"potions_floor_spawned":[5,6,12],"killed_by":"Slime Boss","ascension_level":0}}