{"host":"n5x0e04y88v3omrc","time":1613213858,"event":{"mods":["Aspiration","BaseMod","Colored Powertips","Downfall","Minty Spire (QoL Compilation)","Replay The Spire","Shop Mod","StSLib"],"gold_per_floor":[114,114,134,144,156,156,167,167,167,184,63,63,39,49,49,151,151,164,180,180,31,31,42,54,54,102,27,27,60,60,86,86,216,216,253,282,282,7,33,33,56,64,64],"floor_reached":42,"language":"ZHS","playtime":4341,"items_purged":["Power Through"],"score":394,"play_id":"b5b9c519-bbf5-48b6-a820-7233793d8149","local_time":"20210213185738","is_ascension_mode":false,"campfire_choices":[{"data":"Flex","floor":6,"key":"SMITH"},{"data":"Seeing Red","floor":8,"key":"SMITH"},{"floor":15,"key":"REST"},{"data":"Double Tap","floor":28,"key":"SMITH"},{"data":"ReplayTheSpireMod:Strike From Hell","floor":32,"key":"SMITH"},{"floor":40,"key":"REST"}],"circlet_count":0,"master_deck":["Strike_R+1","Strike_R+1","Strike_R+1","Strike_R+1","Defend_R+1","Defend_R+1","Defend_R+1","Bash","Battle Trance","Flex+1","Seeing Red+1","Spot Weakness","Blood for Blood","Rupture","Pommel Strike","Double Tap+1","Bludgeon","Blood for Blood+1","ReplayTheSpireMod:Strike From Hell+1","Intimidate","Headbutt","Flex+1","Replay:Undeath\u0027s Touch","Reaper","Headbutt+1","Flex+1","Madness","Madness","ReplayTheSpireMod:Stacked+1"],"relics":["aspiration:RitualDagger","ReplayTheSpireMod:Ninjato","expansioncontent:StudyCardRelic","Enchiridion","MerchantsRug","Replay:Bandana","SlaversCollar","aspiration:HatOfInfinitePower"],"acts_visited":["Exordium","TheCity","TheBeyond"],"potions_floor_usage":[16,16,16,19,33,33],"damage_taken":[{"damage":22,"enemies":"Cultist","floor":1,"turns":4},{"damage":20,"enemies":"2 Louse","floor":3,"turns":3},{"damage":16,"enemies":"Small Slimes","floor":4,"turns":3},{"damage":18,"enemies":"2 Fungi Beasts","floor":5,"turns":4},{"damage":25,"enemies":"3 Louse","floor":7,"turns":3},{"damage":25,"enemies":"Lots of Slimes","floor":10,"turns":5},{"damage":25,"enemies":"Large Slime","floor":14,"turns":3},{"damage":101,"enemies":"Fading Forest","floor":16,"turns":11},{"damage":21,"enemies":"Spheric Guardian","floor":18,"turns":4},{"damage":23,"enemies":"Shell Parasite","floor":19,"turns":3},{"damage":12,"enemies":"Chosen and Byrds","floor":23,"turns":4},{"damage":21,"enemies":"Centurion and Healer","floor":24,"turns":3},{"damage":6,"enemies":"Snecko","floor":29,"turns":2},{"damage":15,"enemies":"Cultist and Chosen","floor":31,"turns":3},{"damage":52,"enemies":"Collector","floor":33,"turns":4},{"damage":39,"enemies":"3 Darklings","floor":35,"turns":4},{"damage":30,"enemies":"Orb Walker","floor":36,"turns":3},{"damage":60,"enemies":"4 Shapes","floor":39,"turns":5},{"damage":39,"enemies":"Jaw Worm Horde","floor":41,"turns":4},{"damage":21,"enemies":"Writhing Mass","floor":42,"turns":1}],"seed_played":"-1258189276084842660","potions_obtained":[{"floor":1,"key":"SpeedPotion"},{"floor":4,"key":"champ:CounterPotion"},{"floor":10,"key":"Strength Potion"},{"floor":18,"key":"Fire Potion"},{"floor":19,"key":"BloodPotion"},{"floor":24,"key":"Languid Potion"},{"floor":29,"key":"ColorlessPotion"},{"floor":36,"key":"champ:CounterPotion"},{"floor":39,"key":"Dexterity Potion"}],"is_trial":false,"path_per_floor":["M","?","M","M","M","R","M","R","T","M","$","?","?","M","R","B",null,"M","M","?","$","?","M","M","?","T","?","R","M","?","M","R","B",null,"M","M","?","$","M","R","M","M"],"character_chosen":"IRONCLAD","items_purchased":["Pommel Strike","MerchantsRug","aspiration:HatOfInfinitePower"],"campfire_rested":2,"item_purchase_floors":[11,21,38],"current_hp_per_floor":[58,58,38,22,4,4,69,69,69,53,53,53,53,36,60,40,80,61,63,47,47,47,49,42,42,42,42,42,49,57,61,61,38,80,66,48,38,38,13,37,13,0,0],"gold":64,"neow_bonus":"BOSS_RELIC","is_daily":false,"chose_seed":false,"campfire_upgraded":4,"win_rate":0.0,"timestamp":1613213858,"path_taken":["M","?","M","M","M","R","M","R","T","M","?","?","?","M","R","BOSS","M","M","?","$","?","M","M","?","T","?","R","M","?","?","R","BOSS","M","M","?","$","M","R","M","M"],"items_purchased_type":["Card","Relic","Relic"],"build_version":"2020-12-22","purchased_purges":1,"victory":false,"max_hp_per_floor":[80,80,80,80,80,80,80,80,80,80,80,80,80,80,80,80,80,80,80,80,80,80,80,80,80,80,80,80,80,80,80,80,80,80,80,80,80,80,80,80,80,80,80],"card_choices":[{"not_picked":["ReplayTheSpireMod:LeadingStrike","Replay:Undeath\u0027s Touch"],"picked":"Battle Trance","floor":1},{"not_picked":["Dark Embrace","Shrug It Off"],"picked":"Flex","floor":3},{"not_picked":["Run Through","True Grit"],"picked":"Seeing Red","floor":4},{"not_picked":["Shrug It Off","Clothesline"],"picked":"Spot Weakness","floor":5},{"not_picked":["Sever Soul","Clothesline"],"picked":"Blood for Blood","floor":7},{"not_picked":["True Grit","Shrug It Off"],"picked":"Rupture","floor":10},{"not_picked":["Infernal Blade","Thunderclap"],"picked":"Double Tap","floor":14},{"not_picked":["Impervious","Hemogenesis"],"picked":"Bludgeon","floor":16},{"not_picked":["Sword Boomerang+1","Thunderclap+1"],"picked":"Blood for Blood+1","floor":18},{"not_picked":["Pummel","True Grit"],"picked":"ReplayTheSpireMod:Strike From Hell","floor":19},{"not_picked":["Iron Wave","Double Tap"],"picked":"Intimidate","floor":23},{"not_picked":["Metallicize","Replay:Undeath\u0027s Touch"],"picked":"Headbutt","floor":24},{"not_picked":["Armaments+1","Whirlwind+1"],"picked":"Flex+1","floor":29},{"not_picked":["Reckless Charge","Cleave"],"picked":"Replay:Undeath\u0027s Touch","floor":31},{"not_picked":["Juggernaut","Hemogenesis"],"picked":"Reaper","floor":33},{"not_picked":["Infernal Blade","Carnage"],"picked":"Headbutt+1","floor":35},{"not_picked":["Spot Weakness","Shrug It Off+1"],"picked":"Flex+1","floor":36},{"not_picked":["Pummel","Replay:Undeath\u0027s Touch"],"picked":"ReplayTheSpireMod:Stacked+1","floor":39},{"not_picked":["Armaments+1","Twin Strike","Body Slam"],"picked":"SKIP","floor":41}],"player_experience":10718,"relics_obtained":[{"floor":9,"key":"ReplayTheSpireMod:Ninjato"},{"floor":20,"key":"Enchiridion"},{"floor":26,"key":"Replay:Bandana"}],"event_choices":[{"damage_healed":0,"gold_gain":0,"cards_transformed":["Defend_R"],"player_choice":"Transformed","damage_taken":0,"max_hp_gain":0,"max_hp_loss":0,"event_name":"Transmorgrifier","floor":2,"gold_loss":0,"cards_obtained":["Power Through"]},{"damage_healed":0,"gold_gain":0,"player_choice":"Left Gold","damage_taken":0,"max_hp_gain":0,"max_hp_loss":0,"event_name":"World of Goop","floor":13,"gold_loss":24},{"damage_healed":0,"gold_gain":0,"player_choice":"Obtained Book","damage_taken":16,"max_hp_gain":0,"max_hp_loss":0,"event_name":"Cursed Tome","floor":20,"gold_loss":0},{"damage_healed":0,"gold_gain":0,"player_choice":"Simplicity","damage_taken":0,"max_hp_gain":0,"max_hp_loss":0,"event_name":"Back to Basics","floor":22,"gold_loss":0,"cards_upgraded":["Strike_R","Strike_R","Strike_R","Strike_R","Defend_R","Defend_R","Defend_R"]},{"damage_healed":0,"gold_gain":0,"player_choice":"Ignored","damage_taken":0,"max_hp_gain":0,"max_hp_loss":0,"event_name":"Ghosts","floor":25,"gold_loss":0},{"cards_removed":["Strike_R"],"damage_healed":0,"gold_gain":0,"player_choice":"Gave Gold","damage_taken":0,"max_hp_gain":0,"max_hp_loss":0,"event_name":"Beggar","floor":27,"gold_loss":75},{"damage_healed":0,"gold_gain":0,"player_choice":"Embrace Madness","damage_taken":10,"max_hp_gain":0,"max_hp_loss":0,"event_name":"Winding Halls","floor":37,"gold_loss":0,"cards_obtained":["Madness","Madness"]}],"is_beta":false,"boss_relics":[{"not_picked":["Honey Jar","Busted Crown"],"picked":"expansioncontent:StudyCardRelic"},{"not_picked":["Tiny House","aspiration:SecretTechniqueScroll"],"picked":"SlaversCollar"}],"items_purged_floors":[11],"is_endless":false,"potions_floor_spawned":[1,4,10,18,19,24,29,36,39],"killed_by":"Writhing Mass","ascension_level":0}}