{"host":"d39t2qzp2z2irjsy","time":1613215098,"event":{"mods":["Act Like it!","BaseMod","Downfall","Minty Spire (QoL Compilation)","StSLib","The Bug Knight"],"gold_per_floor":[99,115,133,133,152,167,167,178,178,88,104,104,104,117,135,135,135],"floor_reached":16,"language":"ZHS","playtime":784,"items_purged":["HollowMod:QuickDashStart"],"score":96,"play_id":"418311be-71a4-4603-880c-fb1c545f4aa1","local_time":"20210213191818","is_ascension_mode":false,"campfire_choices":[{"data":"HollowMod:FocusHealStart","floor":1,"key":"SMITH"},{"data":"HollowMod:FallenFury","floor":9,"key":"SMITH"},{"floor":12,"key":"REST"}],"circlet_count":0,"master_deck":["HollowMod:NailStrikeStart","HollowMod:NailStrikeStart","HollowMod:NailStrikeStart","HollowMod:NailStrikeStart","HollowMod:QuickDashStart","HollowMod:QuickDashStart","HollowMod:QuickDashStart","HollowMod:FocusHealStart+1","HollowMod:PogoStrike","Jack Of All Trades","HollowMod:CycloneSlash","HollowMod:SoulStrike","HollowMod:CornifersMapStart","HollowMod:DesolateDive","HollowMod:FallenFury+1","HollowMod:LifebloodCocoon","HollowMod:MawleksShell","downfall:Malfunctioning","Forethought","HollowMod:NewInfectedGuardian","HollowMod:SlysStrikes","HollowMod:HowlingWraiths"],"relics":["HollowMod:VesselMask","Bottled Flame"],"acts_visited":["Exordium"],"potions_floor_usage":[],"damage_taken":[{"damage":0,"enemies":"Small Slimes","floor":2,"turns":3},{"damage":1,"enemies":"Cultist","floor":3,"turns":4},{"damage":0,"enemies":"Jaw Worm","floor":5,"turns":3},{"damage":27,"enemies":"Large Slime","floor":6,"turns":5},{"damage":15,"enemies":"Exordium Thugs","floor":8,"turns":3},{"damage":0,"enemies":"downfall:FleeingMerchant","floor":10,"turns":4},{"damage":14,"enemies":"3 Louse","floor":11,"turns":2},{"damage":37,"enemies":"Red Slaver","floor":14,"turns":5},{"damage":32,"enemies":"Gremlin Gang","floor":15,"turns":5},{"damage":17,"enemies":"WA_ARCHETYPE_RETAIN","floor":16,"turns":2}],"seed_played":"243496853455302818","potions_obtained":[{"floor":3,"key":"Fire Potion"},{"floor":4,"key":"BlessingOfTheForge"},{"floor":4,"key":"DuplicationPotion"}],"is_trial":false,"path_per_floor":["R","M","M","?","M","M","T","M","R","$","M","R","?","M","M","B"],"character_chosen":"THE_BUGKNIGHT","items_purchased":[],"campfire_rested":1,"item_purchase_floors":[],"current_hp_per_floor":[75,75,74,74,74,53,53,44,44,54,46,68,68,37,11,0,0],"gold":135,"neow_bonus":"RANDOM_COLORLESS","is_daily":false,"chose_seed":false,"campfire_upgraded":2,"win_rate":0.0,"timestamp":1613215098,"path_taken":["R","M","M","?","M","?","T","M","R","$","M","R","?","M","M","BOSS"],"items_purchased_type":[],"build_version":"2020-12-22","purchased_purges":1,"victory":false,"max_hp_per_floor":[75,75,75,75,75,75,75,75,75,75,75,75,75,75,75,75,75],"card_choices":[{"not_picked":["Trip","Panacea"],"picked":"Jack Of All Trades","floor":0},{"not_picked":["HollowMod:TaintedHusks","HollowMod:MothsMistake"],"picked":"HollowMod:CycloneSlash","floor":2},{"not_picked":["HollowMod:SoulSplash","HollowMod:GoodIntentions"],"picked":"HollowMod:SoulStrike","floor":3},{"not_picked":["HollowMod:FallenFury","HollowMod:TaintedHusks"],"picked":"HollowMod:CornifersMapStart","floor":5},{"not_picked":["HollowMod:HuntersJournal","HollowMod:SoulVessel"],"picked":"HollowMod:DesolateDive","floor":6},{"not_picked":["HollowMod:DashSlash","HollowMod:SiblingsSouls"],"picked":"HollowMod:FallenFury","floor":8},{"not_picked":["HollowMod:NewJinnsSoul","HollowMod:VengefulVoid"],"picked":"HollowMod:LifebloodCocoon","floor":10},{"not_picked":["HollowMod:NewJinnsSoul","HollowMod:MothsMistake"],"picked":"HollowMod:MawleksShell","floor":11},{"not_picked":["HollowMod:MantisMark","HollowMod:VengefulVoid"],"picked":"HollowMod:SlysStrikes","floor":14},{"not_picked":["HollowMod:ChannelNail","HollowMod:SoulStrike"],"picked":"HollowMod:HowlingWraiths","floor":15}],"player_experience":16402,"relics_obtained":[{"floor":7,"key":"Bottled Flame"}],"event_choices":[{"damage_healed":0,"gold_gain":0,"player_choice":"Got Potions","damage_taken":0,"max_hp_gain":0,"max_hp_loss":0,"event_name":"Lab","floor":4,"gold_loss":0},{"damage_healed":0,"gold_gain":0,"player_choice":"3 cards matched","damage_taken":0,"max_hp_gain":0,"max_hp_loss":0,"event_name":"Match and Keep!","floor":13,"gold_loss":0,"cards_obtained":["downfall:Malfunctioning","Forethought","HollowMod:NewInfectedGuardian"]}],"is_beta":false,"boss_relics":[],"items_purged_floors":[10],"is_endless":false,"potions_floor_spawned":[3,5,8,14],"killed_by":"WA_ARCHETYPE_RETAIN","ascension_level":0}}