{"host":"i596xxl9m2muq265","time":1613259320,"event":{"mods":["Act Like it!","BaseMod","Friendly Minions","Minty Spire (QoL Compilation)","StSLib","The Animator","The Cursed","The Hierophant","The Necromancer"],"gold_per_floor":[109,109,124,199,71,104,118,118,118,118,118,118,136,60,60,163,163,163],"floor_reached":17,"language":"ENG","playtime":1741,"items_purged":["Strike_B"],"score":178,"play_id":"0c1afeb8-5a25-4413-b9ee-b20d386a7413","local_time":"20210214003520","is_ascension_mode":false,"campfire_choices":[{"floor":8,"key":"REST"},{"floor":10,"key":"REST"},{"data":"Machine Learning","floor":11,"key":"SMITH"},{"data":"Rainbow","floor":15,"key":"SMITH"}],"circlet_count":0,"master_deck":["Strike_B","Strike_B","Strike_B","Defend_B","Defend_B","Defend_B","Zap","Dualcast","Barrage","Compile Driver","Cold Snap","Beam Cell","Machine Learning+1","Defragment","Machine Learning","Steam","Rainbow+1","Seek"],"relics":["Cracked Core","WingedGreaves","Mango","Nuclear Battery"],"acts_visited":["Exordium","TheCity"],"potions_floor_usage":[],"damage_taken":[{"damage":12,"enemies":"Small Slimes","floor":1,"turns":3},{"damage":1,"enemies":"Cultist","floor":3,"turns":3},{"damage":30,"enemies":"Gremlin Nob","floor":6,"turns":4},{"damage":1,"enemies":"Jaw Worm","floor":7,"turns":3},{"damage":14,"enemies":"2 Fungi Beasts","floor":13,"turns":4},{"damage":45,"enemies":"Hexaghost","floor":16,"turns":9}],"seed_played":"-6400103352063365637","potions_obtained":[{"floor":1,"key":"Strength Potion"},{"floor":6,"key":"Explosive Potion"}],"is_trial":false,"path_per_floor":["M","?","M","?","$","E","M","R","T","R","R","?","M","$","R","B",null],"character_chosen":"DEFECT","items_purchased":["Beam Cell","Rainbow"],"campfire_rested":2,"item_purchase_floors":[5,14],"current_hp_per_floor":[70,70,69,58,58,28,27,51,65,93,93,93,79,79,79,34,96,96],"gold":163,"neow_bonus":"TEN_PERCENT_HP_BONUS","is_daily":false,"chose_seed":false,"campfire_upgraded":2,"win_rate":0.0,"timestamp":1613259320,"path_taken":["M","?","?","?","$","E","M","R","T","R","R","?","M","$","R","BOSS"],"items_purchased_type":["Card","Card"],"build_version":"2020-12-22","purchased_purges":1,"victory":false,"max_hp_per_floor":[82,82,82,82,82,82,82,82,96,96,96,96,96,96,96,96,96,96],"card_choices":[{"not_picked":["Static Discharge","Cold Snap"],"picked":"Barrage","floor":1},{"not_picked":["Reprogram","Storm"],"picked":"Cold Snap","floor":3},{"not_picked":["Force Field","Conserve Battery"],"picked":"Machine Learning","floor":6},{"not_picked":["Beam Cell","Leap"],"picked":"Defragment","floor":7},{"not_picked":["Sweeping Beam","Hologram"],"picked":"Steam","floor":13},{"not_picked":["Buffer","Rainbow"],"picked":"Seek","floor":16}],"player_experience":9837,"relics_obtained":[{"floor":6,"key":"WingedGreaves"},{"floor":9,"key":"Mango"}],"event_choices":[{"damage_healed":0,"gold_gain":0,"cards_transformed":["Defend_B"],"player_choice":"Transformed","damage_taken":0,"max_hp_gain":0,"max_hp_loss":0,"event_name":"Transmorgrifier","floor":2,"gold_loss":0,"cards_obtained":["Compile Driver"]},{"damage_healed":0,"gold_gain":75,"player_choice":"Gather Gold","damage_taken":11,"max_hp_gain":0,"max_hp_loss":0,"event_name":"World of Goop","floor":4,"gold_loss":0},{"damage_healed":0,"gold_gain":0,"player_choice":"1 cards matched","damage_taken":0,"max_hp_gain":0,"max_hp_loss":0,"event_name":"Match and Keep!","floor":12,"gold_loss":0,"cards_obtained":["Machine Learning"]}],"is_beta":false,"boss_relics":[{"not_picked":["Fusion Hammer","Sozu"],"picked":"Nuclear Battery"}],"items_purged_floors":[5],"is_endless":false,"potions_floor_spawned":[1,6],"ascension_level":0}}