{"host":"nonrudiqgwgca70t","time":1613199887,"event":{"mods":["BaseMod","Downfall","Hermit","MarisaÅiñ∂âJÅ@ñÇóùçπÅj","Minty Spire (QoL Compilation)","StSLib","The Cursed","The Disciple","The Servant 0.9.4"],"gold_per_floor":[99,109,128,143,158,158,211,231,35,67,67,67,87,87,106,201,201,201,211,231,231,231,231,231,242,342,342,406,406,163,213,233,335,335,335,351,364,175,236,286,286,411,422,438,456,39,54,119,131,131,131,131],"floor_reached":50,"language":"ENG","playtime":15703,"items_purged":["Slimebound:Defend_Slimebound","Slimebound:CorrosiveSpit","downfall:Bewildered"],"score":525,"play_id":"dfe14407-8f14-434b-a295-cee4f1b7c700","local_time":"20210213000447","is_ascension_mode":false,"campfire_choices":[{"data":"Slimebound:Split","floor":1.0,"key":"SMITH"},{"data":"Slimebound:Grow","floor":6.0,"key":"SMITH"},{"floor":11,"key":"REST"},{"data":"Slimebound:LevelUp","floor":18,"key":"SMITH"},{"data":"Slimebound:GoopSpray","floor":23,"key":"SMITH"},{"data":"Slimebound:ForwardTackle","floor":27,"key":"SMITH"},{"data":"Slimebound:MassRepurpose","floor":29,"key":"SMITH"},{"data":"Slimebound:LivingWall","floor":35,"key":"SMITH"}],"circlet_count":0,"master_deck":["Slimebound:Tackle","Slimebound:Defend_Slimebound","Slimebound:Defend_Slimebound","Slimebound:Split+1","Slimebound:GoopSpray+1","Slimebound:MassRepurpose+1","Slimebound:Grow+1","Slimebound:LeadByExample","Slimebound:RollThrough","Slimebound:SplitBruiser","Slimebound:SplitMire","Slimebound:SplitLeeching","Slimebound:PressTheAttack","Slimebound:LevelUp+1","Slimebound:FirmFortitude","Slimebound:Overexert","Slimebound:Prepare+1","Slimebound:ViciousTackle","Bite","Bite","Bite","Bite","Bite","Slimebound:ForwardTackle+1","Slimebound:FormOfPuddle","Slimebound:MinionMaster","Slimebound:LivingWall+1","Slimebound:MassFeed","Slimebound:SplitAcid","Slimebound:ComboTackle","Slimebound:MegaLick+1","Slimebound:Gluttony","Shame","Parasite","Slimebound:RejuvenatingLick+1","Slimebound:WasteNot","expansioncontent:Hexaburn","Slimebound:LeechLife","Slimebound:Prepare","Slimebound:PrepareCrush"],"relics":["Slimebound:AbsorbEndCombat","Bag of Preparation","Odd Mushroom","Orichalcum","downfall:ExtraCursedKey","Philosopher\u0027s Stone","downfall:CloakOfManyFaces","CultistMask","FaceOfCleric","NlothsMask","GremlinMask","SsserpentHead","Slimebound:SelfDamagePreventRelic","Runic Pyramid","Oddly Smooth Stone","Mercury Hourglass"],"acts_visited":["Exordium","TheCity","TheBeyond"],"potions_floor_usage":[10,19,26,33,33,33,36,43,43,44,50,50],"damage_taken":[{"damage":11.0,"enemies":"2 Louse","floor":2.0,"turns":2.0},{"damage":13.0,"enemies":"Cultist","floor":3.0,"turns":4.0},{"damage":1.0,"enemies":"Jaw Worm","floor":4.0,"turns":4.0},{"damage":11.0,"enemies":"Blue Slaver","floor":5.0,"turns":4.0},{"damage":14,"enemies":"The Mushroom Lair","floor":8,"turns":5},{"damage":13,"enemies":"downfall:FleeingMerchant","floor":9,"turns":4},{"damage":3,"enemies":"Gremlin Nob","floor":10,"turns":3},{"damage":0,"enemies":"2 Fungi Beasts","floor":13,"turns":3},{"damage":1,"enemies":"3 Louse","floor":15,"turns":2},{"damage":9,"enemies":"IC_STATUS_ARCHETYPE","floor":16,"turns":5},{"damage":8,"enemies":"3 Byrds","floor":19,"turns":3},{"damage":13,"enemies":"Snake Plant","floor":20,"turns":4},{"damage":0,"enemies":"Centurion and Healer","floor":25,"turns":4},{"damage":2,"enemies":"downfall:FaceTrader","floor":26,"turns":4},{"damage":3,"enemies":"Sentry and Sphere","floor":28,"turns":4},{"damage":0,"enemies":"downfall:FleeingMerchant","floor":30,"turns":4},{"damage":2,"enemies":"Chosen and Byrds","floor":32,"turns":2},{"damage":70,"enemies":"SI_MIRROR_ARCHETYPE","floor":33,"turns":12},{"damage":9,"enemies":"3 Darklings","floor":36,"turns":5},{"damage":15,"enemies":"3 Shapes","floor":37,"turns":3},{"damage":12,"enemies":"downfall:FleeingMerchant","floor":38,"turns":4},{"damage":12,"enemies":"Transient","floor":39,"turns":5},{"damage":3,"enemies":"Maw","floor":43,"turns":6},{"damage":2,"enemies":"Writhing Mass","floor":44,"turns":4},{"damage":0,"enemies":"4 Shapes","floor":45,"turns":3},{"damage":7,"enemies":"Transient","floor":47,"turns":5},{"damage":19,"enemies":"Spire Growth","floor":48,"turns":4},{"damage":25,"enemies":"4 Shapes","floor":49,"turns":4},{"damage":74,"enemies":"DF_ARCHETYPE_ORBS","floor":50,"turns":7}],"seed_played":"8842416071073782346","potions_obtained":[{"floor":2.0,"key":"FairyPotion"},{"floor":3.0,"key":"PowerPotion"},{"floor":8,"key":"champ:CounterPotion"},{"floor":10,"key":"Dexterity Potion"},{"floor":12,"key":"PowerPotion"},{"floor":19,"key":"champ:CounterPotion"},{"floor":32,"key":"hexamod:SoulburnPotion"},{"floor":33,"key":"EntropicBrew"},{"floor":37,"key":"ColorlessPotion"},{"floor":39,"key":"Regen Potion"},{"floor":44,"key":"SpeedPotion"},{"floor":45,"key":"GamblersBrew"},{"floor":48,"key":"Ancient Potion"},{"floor":49,"key":"Slimebound:SlimedPotion"}],"is_trial":false,"path_per_floor":["R","M","M","M","M","R","T","?","$","E","R","?","M","?","M","B",null,"R","M","M","?","?","R","T","M","?","R","M","R","$","?","M","B",null,"R","M","M","$","M","T","T","?","M","M","M","$","M","M","M","B"],"character_chosen":"SLIMEBOUND","items_purchased":["Slimebound:SplitMire","Slimebound:SplitLeeching","Slimebound:SelfDamagePreventRelic","Slimebound:FormOfPuddle","Oddly Smooth Stone","Slimebound:Gluttony","Mercury Hourglass","expansioncontent:Hexaburn","Slimebound:LeechLife","Slimebound:Prepare"],"campfire_rested":1,"item_purchase_floors":[9,9,30,30,38,38,38,46,46,46],"current_hp_per_floor":[71,60,55,58,53,53,53,45,38,37,58,58,60,60,63,60,71,71,63,56,49,49,49,49,49,49,49,47,47,51,51,52,13,53,53,51,46,46,51,51,51,51,67,68,69,69,67,56,50,0,0,0],"gold":131,"neow_bonus":"TEN_PERCENT_HP_BONUS","is_daily":false,"chose_seed":false,"campfire_upgraded":7,"win_rate":0.0,"timestamp":1613199887,"path_taken":["R","M","M","M","M","R","T","?","$","E","R","?","?","?","M","BOSS","R","M","M","?","?","R","T","M","?","R","?","R","$","?","M","BOSS","R","M","M","$","?","?","T","?","M","M","M","$","M","?","M","BOSS"],"items_purchased_type":["Card","Card","Relic","Card","Relic","Card","Relic","Card","Card","Card"],"build_version":"2020-12-22","purchased_purges":3,"victory":false,"max_hp_per_floor":[71,71,71,71,71,71,71,71,71,71,71,71,71,71,71,71,71,71,71,71,49,49,49,49,49,49,49,50,50,51,51,52,53,53,53,54,61,65,66,66,66,66,67,68,69,69,70,71,78,78,78,78],"card_choices":[{"not_picked":["Slimebound:RainOfGoop","Slimebound:HauntingLick"],"picked":"Slimebound:GoopSpray","floor":2.0},{"not_picked":["Slimebound:LeechEnergy","Slimebound:GoopSpray"],"picked":"Slimebound:MassRepurpose","floor":3.0},{"not_picked":["Slimebound:Replication","Slimebound:AcidTongue"],"picked":"Slimebound:Grow","floor":4.0},{"not_picked":["Slimebound:Prepare","Slimebound:FinishingTackle"],"picked":"Slimebound:LeadByExample","floor":5.0},{"not_picked":["Slimebound:LeechEnergy","Slimebound:Replication"],"picked":"Slimebound:RollThrough","floor":8},{"not_picked":["Slimebound:Equalize","Slimebound:FlameTackle"],"picked":"Slimebound:SplitBruiser","floor":9},{"not_picked":["Slimebound:LeadByExample","Slimebound:RollThrough"],"picked":"Slimebound:PressTheAttack","floor":10},{"not_picked":["Slimebound:Gluttony","Slimebound:PressTheAttack"],"picked":"Slimebound:LevelUp","floor":13},{"not_picked":["Slimebound:Prepare","Slimebound:SplitAcid"],"picked":"Slimebound:FirmFortitude","floor":15},{"not_picked":["Slimebound:DouseInSlime","Slimebound:MinionMaster"],"picked":"Slimebound:Overexert","floor":16},{"not_picked":["Slimebound:HauntingLick","Slimebound:DisruptingSlam+1"],"picked":"Slimebound:Prepare+1","floor":19},{"not_picked":["Slimebound:GoopTackle","Slimebound:RainOfGoop"],"picked":"Slimebound:ViciousTackle","floor":20},{"not_picked":["Slimebound:GoopSpray","Slimebound:FlameTackle"],"picked":"Slimebound:ForwardTackle","floor":25},{"not_picked":["Slimebound:RollThrough","Slimebound:FinishingTackle","Slimebound:ItLooksTasty"],"picked":"SKIP","floor":28},{"not_picked":["Slimebound:SplitLeeching","Slimebound:SplitMire","Slimebound:SamplingLick"],"picked":"SKIP","floor":30},{"not_picked":["Slimebound:LeechEnergy","Slimebound:ViciousTackle"],"picked":"Slimebound:LivingWall","floor":32},{"not_picked":["Slimebound:Overexert","Slimebound:SelfFormingGoo"],"picked":"Slimebound:MassFeed","floor":33},{"not_picked":["Slimebound:LivingWall+1","Slimebound:ItLooksTasty+1"],"picked":"Slimebound:SplitAcid","floor":36},{"not_picked":["Slimebound:GoopTackle+1","Slimebound:SlimeSlap"],"picked":"Slimebound:ComboTackle","floor":37},{"not_picked":["Slimebound:SplitAcid","Slimebound:PressTheAttack+1"],"picked":"Slimebound:MegaLick+1","floor":38},{"not_picked":["Slimebound:SplitBruiser","Slimebound:Gluttony+1","Slimebound:Prepare"],"picked":"SKIP","floor":39},{"not_picked":["Slimebound:RollThrough+1","Slimebound:LivingWall","Slimebound:RainOfGoop"],"picked":"SKIP","floor":43},{"not_picked":["Slimebound:ProtectTheBoss","Slimebound:SlimeTap"],"picked":"Slimebound:RejuvenatingLick+1","floor":44},{"not_picked":["Slimebound:SplitMire+1","Slimebound:HauntingLick"],"picked":"Slimebound:WasteNot","floor":45},{"not_picked":["Slimebound:ProtectTheBoss","Slimebound:ViciousTackle+1","Slimebound:RejuvenatingLick"],"picked":"SKIP","floor":47},{"not_picked":["Slimebound:LeadByExample+1","Slimebound:GoopTackle","Slimebound:SamplingLick"],"picked":"SKIP","floor":48},{"not_picked":["Slimebound:Dissolve+1","Slimebound:PressTheAttack"],"picked":"Slimebound:PrepareCrush","floor":49}],"player_experience":139614,"relics_obtained":[{"floor":7.0,"key":"Bag of Preparation"},{"floor":8,"key":"Odd Mushroom"},{"floor":10,"key":"Orichalcum"},{"floor":26,"key":"downfall:CloakOfManyFaces"}],"event_choices":[{"damage_healed":0,"gold_gain":0,"player_choice":"Fought Mushrooms","damage_taken":0,"max_hp_gain":0,"max_hp_loss":0,"event_name":"Mushrooms","floor":8,"gold_loss":0},{"damage_healed":0,"gold_gain":0,"player_choice":"Got Potions","damage_taken":0,"max_hp_gain":0,"max_hp_loss":0,"event_name":"Lab","floor":12,"gold_loss":0},{"damage_healed":0,"gold_gain":0,"player_choice":"Became a vampire","damage_taken":0,"max_hp_gain":0,"max_hp_loss":22,"event_name":"Vampires","floor":21,"gold_loss":0,"cards_obtained":["Bite","Bite","Bite","Bite","Bite"]},{"damage_healed":0,"gold_gain":0,"player_choice":"Ignored","damage_taken":0,"max_hp_gain":0,"max_hp_loss":0,"event_name":"Ghosts","floor":22,"gold_loss":0}],"is_beta":false,"boss_relics":[{"not_picked":["Astrolabe","Pandora\u0027s Box"],"picked":"Philosopher\u0027s Stone"},{"not_picked":["Busted Crown","Slimebound:TarBlob"],"picked":"Runic Pyramid"}],"items_purged_floors":[9,38,46],"is_endless":false,"potions_floor_spawned":[2,3,8,10,16,19,25,32,33,37,39,44,45,48,49],"killed_by":"DF_ARCHETYPE_ORBS","ascension_level":0}}