{"host":"drl4gs3853zme1q6","time":1613191151,"event":{"mods":["BaseMod","Colored Map","Colored Powertips","Hermit","Hubris","Infinite Spire","Minty Spire (QoL Compilation)","Replay The Spire","StSLib"],"gold_per_floor":[117,131,56,76,92,92,108,127,127,127,127,127,142,156,156,251,251,265,189,205,205,205],"floor_reached":21,"language":"ENG","playtime":808,"items_purged":["Replay:BasicMightCard"],"score":175,"play_id":"c9642936-1671-4ad0-8923-62a4049d0a69","local_time":"20210212223911","daily_mods":["Allstar","Heirloom","Time Dilation"],"is_ascension_mode":false,"campfire_choices":[{"data":"Inflame","floor":6,"key":"SMITH"},{"data":"Metallicize","floor":10,"key":"SMITH"},{"data":"Replay:BasicMightCard","floor":12,"key":"SMITH"},{"data":"infinitespire:OneForAll","floor":15,"key":"SMITH"}],"circlet_count":0,"master_deck":["Strike_R","Strike_R","Strike_R","Strike_R","Defend_R","Defend_R","Defend_R","Defend_R","Bash","Replay:BasicMightCard+1","ReplayTheSpireMod:Uncanny Aura","Metallicize+1","Twin Strike","Iron Wave","Inflame+1","infinitespire:OneForAll+1","Purity+1","hubris:Insight+1","Warcry+1"],"relics":["Burning Blood","StoneCalendar","hubris:BottledRain","Astrolabe","Blue Doll"],"acts_visited":["Exordium","TheCity"],"potions_floor_usage":[7,11,14,14,14,14,14,16,16,16,21],"damage_taken":[{"damage":6,"enemies":"Jaw Worm","floor":1,"turns":4},{"damage":1,"enemies":"Cultist","floor":2,"turns":4},{"damage":7,"enemies":"2 Louse","floor":4,"turns":2},{"damage":13,"enemies":"Exordium Wildlife","floor":5,"turns":5},{"damage":11,"enemies":"Blue Slaver","floor":7,"turns":3},{"damage":17,"enemies":"Looter","floor":8,"turns":4},{"damage":5,"enemies":"Lots of Slimes","floor":13,"turns":5},{"damage":0,"enemies":"Large Slime","floor":14,"turns":3},{"damage":1,"enemies":"Slime Boss","floor":16,"turns":7},{"damage":32,"enemies":"Spheric Guardian","floor":18,"turns":7},{"damage":11,"enemies":"Chosen","floor":20,"turns":5},{"damage":27,"enemies":"Snake Plant","floor":21,"turns":5}],"seed_played":"6912454157427910820","potions_obtained":[{"floor":1,"key":"Weak Potion"},{"floor":2,"key":"Adrenaline Potion"},{"floor":5,"key":"BloodPotion"},{"floor":7,"key":"ColorlessPotion"},{"floor":11,"key":"EntropicBrew"}],"is_trial":true,"path_per_floor":["M","M","$","M","M","R","M","M","T","R","?","R","M","M","R","B",null,"M","?","M","M"],"character_chosen":"IRONCLAD","items_purchased":[],"campfire_rested":0,"item_purchase_floors":[],"current_hp_per_floor":[80,80,80,79,72,72,67,56,56,56,72,72,73,79,79,80,80,54,54,49,22,22],"gold":205,"neow_bonus":"","is_daily":false,"chose_seed":false,"campfire_upgraded":4,"win_rate":0.0,"timestamp":1613191151,"path_taken":["M","M","$","M","M","R","M","M","T","R","?","R","M","M","R","BOSS","M","?","?","M"],"items_purchased_type":[],"build_version":"2020-12-22","purchased_purges":1,"victory":false,"max_hp_per_floor":[80,80,80,80,80,80,80,80,80,80,80,80,80,80,80,80,80,80,80,80,80,80],"card_choices":[{"not_picked":["Wild Strike","Clothesline"],"picked":"Metallicize","floor":1},{"not_picked":["Shrug It Off","Heavy Blade"],"picked":"Twin Strike","floor":2},{"not_picked":["Disarm","Battle Trance"],"picked":"Iron Wave","floor":4},{"not_picked":["Run Through","Ghostly Armor"],"picked":"Inflame","floor":5},{"not_picked":["Pommel Strike","ReplayTheSpireMod:Strike From Hell","Replay:Undeath\u0027s Touch"],"picked":"SKIP","floor":7},{"not_picked":["Rage","Headbutt","Havoc"],"picked":"SKIP","floor":8},{"not_picked":["Carnage","Evolve","hubris:CleavingFinish"],"picked":"SKIP","floor":13},{"not_picked":["Warcry","Headbutt"],"picked":"infinitespire:OneForAll","floor":14},{"not_picked":["Thunderclap","Perfected Strike","ReplayTheSpireMod:Strike From Hell"],"picked":"SKIP","floor":18},{"not_picked":["Rampage","Headbutt+1","Run Through"],"picked":"SKIP","floor":20}],"player_experience":342304,"relics_obtained":[{"floor":9,"key":"hubris:BottledRain"}],"event_choices":[{"damage_healed":0,"gold_gain":0,"player_choice":"Got Potions","damage_taken":0,"max_hp_gain":0,"max_hp_loss":0,"event_name":"Lab","floor":11,"gold_loss":0},{"damage_healed":0,"gold_gain":0,"player_choice":"Paid Gold","damage_taken":0,"relics_obtained":["Blue Doll"],"max_hp_gain":0,"max_hp_loss":0,"event_name":"WeMeetAgain","floor":19,"gold_loss":76}],"is_beta":false,"boss_relics":[{"not_picked":["hubris:BlackHole","hubris:VirtuousBlindfold"],"picked":"Astrolabe"}],"items_purged_floors":[3],"is_endless":false,"potions_floor_spawned":[1,2,5,7,13],"killed_by":"Snake Plant","ascension_level":0}}