{"host":"yw3evqd6vz25gg9c","time":1613194564,"event":{"mods":["2.2 Compatiblity","BaseMod","Downfall","Marked Mod","Minty Spire (QoL Compilation)","Morshu Shopkeeper - ENHANCED","Replay The Spire","Spire Arcade","StSLib","slay the spire mod where everything is the same but ironclad has a cowboy hat"],"gold_per_floor":[366,380,380,455,96,122,122,138,138,138,138,67,86,261,261,361,361,378,578,578,4,22,22,38,38,61,74,74,74,89,109,109,207,207,226,239,239,239,239,279,292,329,74,74,100,100,153,153,183,201,201,201],"floor_reached":53,"language":"ENG","playtime":7907,"items_purged":["Voices","Doubt"],"score":664,"play_id":"77d4f154-dbbc-414d-9355-71f80f56b096","local_time":"20210212223604","is_ascension_mode":false,"campfire_choices":[{"floor":7,"key":"REST"},{"floor":11,"key":"REST"},{"data":"Hello World","floor":15,"key":"SMITH"},{"data":"Zap","floor":23,"key":"SMITH"},{"data":"Neutralize","floor":25,"key":"SMITH"},{"data":"Coolheaded","floor":28,"key":"SMITH"},{"floor":44,"key":"REST"},{"data":"Echo Form","floor":48,"key":"SMITH"},{"data":"Self Repair","floor":51,"key":"PURGE"}],"circlet_count":0,"master_deck":["Strike_B","Strike_B+1","Strike_B","Defend_B","Defend_B","Defend_B","Defend_B+1","Zap+1","Dualcast","Neutralize+1","bronze:Replicate","Hello World+1","Sweeping Beam","Panic Button","Ball Lightning","Doom and Gloom","Echo Form+1","Glacier","Conserve Battery","Coolheaded+1","Steam Power","Capacitor+1","ReplayTheSpireMod:Omega Cannon","Force Field","Electrodynamics","Go for the Eyes","Leap+1","HandOfGreed","BootSequence","Consume+1","Magnetism","Force Field+1","Beam Cell+1","Melter"],"relics":["Cracked Core","ReplayTheSpireMod:Ring of Addiction","SacredBark","Toy Ornithopter","Gremlin Horn","Orichalcum","Ornamental Fan","ChewingGum","Nloth\u0027s Gift","Replay:PocketPolymizer","Geode","Membership Card","Lantern","Blood Vial","Replay:Antivirus Software"],"acts_visited":["Exordium","TheCity","TheBeyond"],"potions_floor_usage":[8,13,18,24,27,33,33,33,33,33,33,40,41,44,47,49,50,52],"damage_taken":[{"damage":6,"enemies":"Jaw Worm","floor":1,"turns":3},{"damage":0,"enemies":"Small Slimes","floor":2,"turns":3},{"damage":26,"enemies":"3 Sentries","floor":6,"turns":6},{"damage":0,"enemies":"2 Louse","floor":8,"turns":2},{"damage":0,"enemies":"Large Slime","floor":13,"turns":3},{"damage":10,"enemies":"Slime Boss","floor":16,"turns":7},{"damage":0,"enemies":"Spheric Guardian","floor":18,"turns":1},{"damage":21,"enemies":"2 Thieves","floor":22,"turns":4},{"damage":6,"enemies":"Centurion and Healer","floor":24,"turns":6},{"damage":0,"enemies":"Cultist and Chosen","floor":27,"turns":5},{"damage":5,"enemies":"Snecko","floor":30,"turns":3},{"damage":1,"enemies":"Snake Plant","floor":31,"turns":4},{"damage":2,"enemies":"Collector","floor":33,"turns":3},{"damage":19,"enemies":"3 Darklings","floor":35,"turns":2},{"damage":4,"enemies":"3 Shapes","floor":36,"turns":3},{"damage":15,"enemies":"Sphere and 2 Shapes","floor":40,"turns":7},{"damage":3,"enemies":"Spire Growth","floor":41,"turns":6},{"damage":13,"enemies":"4 Shapes","floor":42,"turns":4},{"damage":2,"enemies":"Jaw Worm Horde","floor":47,"turns":4},{"damage":3,"enemies":"Giant Head","floor":49,"turns":6},{"damage":12,"enemies":"3 Darklings","floor":50,"turns":5},{"damage":48,"enemies":"Donu and Deca","floor":52,"turns":13}],"seed_played":"-8330346572538190619","potions_obtained":[{"floor":1,"key":"Block Potion"},{"floor":3,"key":"Reflective Coating"},{"floor":3,"key":"Adrenaline Potion"},{"floor":6,"key":"Cursed Concoction"},{"floor":16,"key":"Adrenaline Potion"},{"floor":18,"key":"Energy Potion"},{"floor":30,"key":"Fire Potion"},{"floor":32,"key":"Languid Potion"},{"floor":32,"key":"EntropicBrew"},{"floor":33,"key":"SmokeBomb"},{"floor":35,"key":"PowerPotion"},{"floor":40,"key":"Ancient Potion"},{"floor":49,"key":"SteroidPotion"}],"is_trial":false,"path_per_floor":["M","M","?","?","$","E","R","M","T","?","R","$","M","?","R","B",null,"M","?","?","$","M","R","M","R","T","M","R","?","M","M","R","B",null,"M","M","?","PTL","PTL","M","M","M","$","R","T","?","M","R","E","M","R","B",null],"character_chosen":"DEFECT","items_purchased":["Gremlin Horn","Sweeping Beam","Doom and Gloom","Conserve Battery","LifebloodPotion","Self Repair","Replay:PocketPolymizer","Lantern","EntropicBrew","Magnetism","DistilledChaos"],"campfire_rested":3,"item_purchase_floors":[5,5,12,21,21,21,21,43,43,43,43],"current_hp_per_floor":[69,69,69,58,58,32,53,58,58,43,64,64,69,69,69,59,69,69,69,69,69,60,60,66,66,66,67,67,67,62,65,65,63,65,46,42,42,42,42,32,41,35,35,58,58,58,61,61,61,61,61,18],"gold":201,"neow_bonus":"TWO_FIFTY_GOLD","is_daily":false,"chose_seed":false,"campfire_upgraded":5,"win_rate":0.0,"timestamp":1613194564,"path_taken":["M","M","?","?","$","E","R","M","T","?","R","$","M","?","R","BOSS","M","?","?","$","M","R","?","R","T","?","R","?","M","M","R","BOSS","M","M","?","PTL","PTL","M","M","M","$","R","T","?","?","R","E","M","R","BOSS"],"items_purchased_type":["Relic","Card","Card","Card","Potion","Card","Relic","Relic","Potion","Card","Potion"],"build_version":"2020-12-22","purchased_purges":2,"victory":true,"max_hp_per_floor":[75,75,75,75,75,75,73,73,73,73,73,71,71,71,71,71,69,69,69,69,69,67,67,67,67,67,67,67,67,67,65,65,65,65,65,65,63,63,63,61,61,61,61,61,61,61,61,61,61,61,61,61],"card_choices":[{"not_picked":["Hologram","Steam Power"],"picked":"Hello World","floor":1},{"not_picked":["Cold Snap","Blizzard"],"picked":"Chaos","floor":2},{"not_picked":["Gash","Streamline"],"picked":"Panic Button","floor":6},{"not_picked":["Redo","Auto Shields"],"picked":"Ball Lightning","floor":8},{"not_picked":["Hologram","Leap"],"picked":"Melter","floor":13},{"not_picked":["Multi-Cast","Electrodynamics"],"picked":"Echo Form","floor":16},{"not_picked":["Redo","Loop"],"picked":"Glacier","floor":18},{"not_picked":["Compile Driver+1","Hello World"],"picked":"Coolheaded","floor":22},{"not_picked":["Beam Cell","Blizzard"],"picked":"Capacitor+1","floor":24},{"not_picked":["Buffer","Gash","ReplayGash"],"picked":"SKIP","floor":27},{"not_picked":["Ball Lightning","BasicCrystalCard","Rebound"],"picked":"SKIP","floor":30},{"not_picked":["Rainbow","Capacitor","Recycle"],"picked":"SKIP","floor":31},{"not_picked":["ReplayTheSpireMod:Fabricate Wheel","ReplayTheSpireMod:Omega Cannon"],"picked":"Electrodynamics","floor":33},{"not_picked":["Panic Button+1","Ball Lightning"],"picked":"Go for the Eyes","floor":35},{"not_picked":["ReplayTheSpireMod:Omega Cannon","Double Energy"],"picked":"Leap+1","floor":36},{"not_picked":["Replay:Parry","Apotheosis"],"picked":"HandOfGreed","floor":37},{"not_picked":["Fusion+1","Barrage"],"picked":"BootSequence","floor":40},{"not_picked":["Rip and Tear+1","ReplayRNGCard","Cold Snap+1"],"picked":"SKIP","floor":41},{"not_picked":["Force Field","Scrape+1"],"picked":"Consume+1","floor":42},{"not_picked":["Undo+1","Gash+1","BasicCrystalCard"],"picked":"SKIP","floor":47},{"not_picked":["Rebound+1","Echo Form"],"picked":"Force Field+1","floor":49},{"not_picked":["ReplayTheSpireMod:Calculation Training+1","ReplaySort","Beam Cell+1"],"picked":"SKIP","floor":50},{"not_picked":["ReplayTheSpireMod:Calculation Training+1","ReplaySort"],"picked":"Beam Cell+1","floor":50}],"player_experience":170175,"relics_obtained":[{"floor":3,"key":"ReplayTheSpireMod:Ring of Addiction"},{"floor":3,"key":"SacredBark"},{"floor":3,"key":"ReplayTheSpireMod:Ring of Exchange"},{"floor":3,"key":"Toy Ornithopter"},{"floor":6,"key":"Orichalcum"},{"floor":9,"key":"Ornamental Fan"},{"floor":26,"key":"Geode"},{"floor":45,"key":"Blood Vial"},{"floor":49,"key":"Replay:Antivirus Software"}],"event_choices":[{"damage_healed":0,"gold_gain":75,"player_choice":"Gather Gold","damage_taken":11,"max_hp_gain":0,"max_hp_loss":0,"event_name":"World of Goop","floor":4,"gold_loss":0},{"damage_healed":0,"gold_gain":0,"player_choice":"Entered Light","damage_taken":15,"max_hp_gain":0,"max_hp_loss":0,"event_name":"Shining Light","floor":10,"gold_loss":0,"cards_upgraded":["Strike_B","Defend_B"]},{"damage_healed":0,"gold_gain":175,"player_choice":"AGREE","damage_taken":0,"max_hp_gain":0,"max_hp_loss":0,"event_name":"Liars Game","floor":14,"gold_loss":0,"cards_obtained":["Doubt"]},{"damage_healed":0,"gold_gain":0,"player_choice":"Traded Relic","damage_taken":0,"relics_obtained":["Nloth\u0027s Gift"],"max_hp_gain":0,"max_hp_loss":0,"event_name":"N\u0027loth","floor":20,"relics_lost":["ReplayTheSpireMod:Ring of Exchange"],"gold_loss":0},{"damage_healed":0,"gold_gain":0,"player_choice":"Read","damage_taken":0,"max_hp_gain":0,"max_hp_loss":0,"event_name":"The Library","floor":29,"gold_loss":0,"cards_obtained":["Force Field"]},{"damage_healed":0,"gold_gain":0,"player_choice":"Memory 1","damage_taken":0,"max_hp_gain":0,"max_hp_loss":0,"event_name":"SensoryStone","floor":37,"gold_loss":0},{"damage_healed":0,"gold_gain":0,"player_choice":"Ignored","damage_taken":0,"max_hp_gain":0,"max_hp_loss":0,"event_name":"Mysterious Sphere","floor":46,"gold_loss":0}],"is_beta":false,"boss_relics":[{"not_picked":["Replay:Wanted Poster","Strange Spoon"],"picked":"ChewingGum"},{"not_picked":["Philosopher\u0027s Stone","Lee\u0027s Waffle"],"picked":"Membership Card"}],"items_purged_floors":[5,21],"is_endless":false,"potions_floor_spawned":[1,6,16,18,30,33,35,40,49],"ascension_level":0}}