{"host":"rmsq46plbpwfbxcc","time":1613235684,"event":{"mods":["AchievementEnabler","BaseMod","Colored Map","Colored Powertips","DeckTracker","KOR Keyword Fix","Minty Spire (QoL Compilation)","Permanent Neow","Quick Restart","SuperFastMode"],"gold_per_floor":[110,128,128,8,8,44,44,84,84,98,98,111,186,219,219,342,342,367,382,41,62,82,121,121,162,162,186,186,8,8,8,8,132,132,151,172,27,42,0,0,44,44,44,79,93,113,113,144,144,144,144,144,12,43,43],"floor_reached":56,"language":"KOR","playtime":1772,"items_purged":["Strike_G","Strike_G"],"score":1643,"play_id":"c5a4c7e4-de44-47cc-a9f7-2508809260d1","local_time":"20210214020124","is_ascension_mode":true,"campfire_choices":[{"data":"Accuracy","floor":7.0,"key":"SMITH"},{"data":"Cloak And Dagger","floor":11.0,"key":"SMITH"},{"data":"Envenom","floor":15.0,"key":"SMITH"},{"data":"Neutralize","floor":28.0,"key":"SMITH"},{"data":"Footwork","floor":32,"key":"SMITH"},{"data":"Blur","floor":40,"key":"SMITH"},{"data":"Backflip","floor":42,"key":"SMITH"},{"data":"Well Laid Plans","floor":47,"key":"SMITH"},{"floor":49,"key":"RECALL"},{"data":"Acrobatics","floor":52,"key":"SMITH"}],"circlet_count":0,"master_deck":["Strike_G","Defend_G","Defend_G","Defend_G","Survivor","Neutralize+1","Cloak And Dagger+1","Masterful Stab+1","Quick Slash+1","Accuracy+1","Cloak And Dagger+1","Finisher+1","Blur+1","Acrobatics+1","Choke+1","Envenom+1","Escape Plan","Backflip+1","PiercingWail","Footwork+1","Blade Dance+1","Burst+1","Well Laid Plans+1","Parasite","Blur+1"],"relics":["Astrolabe","Golden Idol","Molten Egg 2","Matryoshka","Blue Candle","Vajra","Happy Flower","Philosopher\u0027s Stone","Membership Card","FossilizedHelix","Sundial","Mercury Hourglass","InkBottle","The Courier","MealTicket","Toxic Egg 2","WristBlade","Kunai","Red Mask","Pen Nib","HornCleat","Blood Vial","Shuriken","Pantograph"],"acts_visited":["Exordium","TheCity","TheBeyond","TheEnding"],"potions_floor_usage":[44,50,54,55],"damage_taken":[{"damage":0.0,"enemies":"Cultist","floor":1.0,"turns":2.0},{"damage":0.0,"enemies":"2 Louse","floor":2.0,"turns":2.0},{"damage":15.0,"enemies":"Lagavulin","floor":6.0,"turns":5.0},{"damage":4.0,"enemies":"Gremlin Nob","floor":8.0,"turns":3.0},{"damage":0.0,"enemies":"Jaw Worm","floor":10.0,"turns":3.0},{"damage":0.0,"enemies":"Looter","floor":12.0,"turns":2.0},{"damage":4.0,"enemies":"3 Sentries","floor":14.0,"turns":4.0},{"damage":0.0,"enemies":"Hexaghost","floor":16.0,"turns":5.0},{"damage":0.0,"enemies":"2 Thieves","floor":18.0,"turns":2.0},{"damage":6.0,"enemies":"Shell Parasite","floor":19.0,"turns":4.0},{"damage":0.0,"enemies":"Cultist and Chosen","floor":21.0,"turns":3.0},{"damage":0.0,"enemies":"Chosen and Byrds","floor":22.0,"turns":4.0},{"damage":27.0,"enemies":"Slavers","floor":23.0,"turns":10.0},{"damage":9.0,"enemies":"Gremlin Leader","floor":25.0,"turns":5.0},{"damage":7.0,"enemies":"Shelled Parasite and Fungi","floor":27.0,"turns":4.0},{"damage":0,"enemies":"Collector","floor":33,"turns":5},{"damage":0,"enemies":"3 Darklings","floor":35,"turns":3},{"damage":0,"enemies":"Orb Walker","floor":36,"turns":2},{"damage":0,"enemies":"Maw","floor":38,"turns":5},{"damage":0,"enemies":"Giant Head","floor":41,"turns":5},{"damage":0,"enemies":"Reptomancer","floor":44,"turns":3},{"damage":0,"enemies":"4 Shapes","floor":45,"turns":3},{"damage":0,"enemies":"Writhing Mass","floor":46,"turns":3},{"damage":0,"enemies":"Nemesis","floor":48,"turns":5},{"damage":23,"enemies":"Donu and Deca","floor":50,"turns":8},{"damage":1,"enemies":"Shield and Spear","floor":54,"turns":4},{"damage":36,"enemies":"The Heart","floor":55,"turns":8}],"seed_played":"-7274511916165154398","potions_obtained":[{"floor":1.0,"key":"Dexterity Potion"},{"floor":6.0,"key":"Strength Potion"},{"floor":14.0,"key":"CunningPotion"},{"floor":18.0,"key":"SmokeBomb"},{"floor":19.0,"key":"Ancient Potion"},{"floor":23.0,"key":"EntropicBrew"},{"floor":35,"key":"Ancient Potion"},{"floor":46,"key":"Block Potion"},{"floor":54,"key":"Explosive Potion"}],"is_trial":false,"path_per_floor":["M","M","?","$","?","E","R","E","T","M","R","M","?","E","R","B",null,"M","M","$","M","M","E","?","E","T","M","R","$","?","?","R","B",null,"M","M","$","M","?","R","E","R","T","E","M","M","R","E","R","B",null,"R","$","E","B",null],"character_chosen":"THE_SILENT","items_purchased":["Accuracy","Cloak And Dagger","Membership Card","FossilizedHelix","MealTicket","Toxic Egg 2","Blade Dance+1","Kunai","Shuriken","Blur+1"],"campfire_rested":0,"item_purchase_floors":[4,4,20,20,29,29,29,37,53,53],"current_hp_per_floor":[70,70,53,53,46,31,31,27,27,27,27,27,16,12,12,12,70,70,64,64,64,64,37,37,28,28,21,21,21,21,21,21,21,70,70,70,70,70,70,70,70,70,70,70,70,70,70,70,70,47,70,70,70,69,34],"gold":43,"neow_bonus":"BOSS_RELIC","is_daily":false,"chose_seed":false,"campfire_upgraded":9,"win_rate":0.0,"timestamp":1613235684,"path_taken":["M","?","?","$","?","E","R","E","T","M","R","M","?","E","R","BOSS","M","M","$","M","M","E","?","E","T","M","R","$","?","?","R","BOSS","M","M","$","M","?","R","E","R","T","E","M","M","R","E","R","BOSS","R","$","E","BOSS"],"items_purchased_type":["Card","Card","Relic","Relic","Relic","Relic","Card","Relic","Relic","Card"],"build_version":"2020-12-22","purchased_purges":2,"victory":true,"max_hp_per_floor":[70,70,70,70,70,70,70,70,70,70,70,70,70,70,70,70,70,70,70,70,70,70,70,70,70,70,70,70,70,70,70,70,70,70,70,70,70,70,70,70,70,70,70,70,70,70,70,70,70,70,70,70,70,70,70],"card_choices":[{"not_picked":["Distraction","Dagger Spray","Masterful Stab"],"picked":"SKIP","floor":1.0},{"not_picked":["Deadly Poison","Caltrops","Sucker Punch"],"picked":"SKIP","floor":2.0},{"not_picked":["Poisoned Stab+1","Backstab+1"],"picked":"Finisher+1","floor":6.0},{"not_picked":["Calculated Gamble","Prepared"],"picked":"Blur","floor":8.0},{"not_picked":["Underhanded Strike+1","Poisoned Stab+1"],"picked":"Acrobatics","floor":10.0},{"not_picked":["Dodge and Roll","Acrobatics"],"picked":"Choke+1","floor":12.0},{"not_picked":["Dagger Spray+1","Quick Slash+1"],"picked":"Envenom","floor":14.0},{"not_picked":["Prepared","Poisoned Stab+1","Skewer+1"],"picked":"SKIP","floor":18.0},{"not_picked":["Masterful Stab+1","Dash+1"],"picked":"Escape Plan","floor":19.0},{"not_picked":["Quick Slash+1","Masterful Stab+1"],"picked":"Backflip","floor":21.0},{"not_picked":["Bane+1","Sucker Punch+1"],"picked":"PiercingWail","floor":22.0},{"not_picked":["Tools of the Trade","Prepared","Sucker Punch+1"],"picked":"SKIP","floor":23.0},{"not_picked":["Backstab+1","Storm of Steel"],"picked":"Footwork","floor":25.0},{"not_picked":["Choke+1","Deflect","Sucker Punch+1"],"picked":"SKIP","floor":27.0},{"not_picked":["Corpse Explosion+1","Venomology+1"],"picked":"Burst+1","floor":33},{"not_picked":["Flechettes+1","Calculated Gamble+1","All Out Attack+1"],"picked":"SKIP","floor":35},{"not_picked":["Dodge and Roll+1","Endless Agony+1","Reflex+1"],"picked":"SKIP","floor":36},{"not_picked":["Quick Slash+1","Poisoned Stab+1","Predator+1"],"picked":"SKIP","floor":38},{"not_picked":["Dagger Spray+1","Flechettes+1","Acrobatics+1"],"picked":"SKIP","floor":41},{"not_picked":["Choke+1","Eviscerate+1","Riddle With Holes+1"],"picked":"SKIP","floor":44},{"not_picked":["Cloak And Dagger+1","Catalyst+1"],"picked":"Well Laid Plans","floor":45},{"not_picked":["Poisoned Stab+1","Cloak And Dagger+1","Infinite Blades+1"],"picked":"SKIP","floor":46},{"not_picked":["Bane+1","Footwork","Outmaneuver+1"],"picked":"SKIP","floor":48},{"not_picked":["Dash+1","Well Laid Plans+1","Dagger Spray+1"],"picked":"SKIP","floor":54}],"player_experience":638310,"relics_obtained":[{"floor":6.0,"key":"Molten Egg 2"},{"floor":8.0,"key":"Matryoshka"},{"floor":9.0,"key":"Blue Candle"},{"floor":9.0,"key":"Vajra"},{"floor":14.0,"key":"Happy Flower"},{"floor":23.0,"key":"Sundial"},{"floor":25.0,"key":"Mercury Hourglass"},{"floor":26.0,"key":"InkBottle"},{"floor":26.0,"key":"The Courier"},{"floor":41,"key":"Pen Nib"},{"floor":44,"key":"HornCleat"},{"floor":48,"key":"Blood Vial"},{"floor":54,"key":"Pantograph"}],"event_choices":[{"damage_healed":0.0,"max_hp_gain":0.0,"max_hp_loss":0.0,"gold_gain":0.0,"event_name":"Golden Idol","player_choice":"Take Damage","floor":3.0,"gold_loss":0.0,"damage_taken":17.0,"relics_obtained":["Golden Idol"]},{"cards_removed":["Defend_G"],"damage_healed":0.0,"max_hp_gain":0.0,"max_hp_loss":0.0,"gold_gain":0.0,"event_name":"Golden Wing","player_choice":"Card Removal","floor":5.0,"gold_loss":0.0,"damage_taken":7.0},{"damage_healed":0.0,"max_hp_gain":0.0,"max_hp_loss":0.0,"gold_gain":75.0,"event_name":"World of Goop","player_choice":"Gather Gold","floor":13.0,"gold_loss":0.0,"damage_taken":11.0},{"damage_healed":0.0,"max_hp_gain":0.0,"max_hp_loss":0.0,"gold_gain":0.0,"event_name":"Ghosts","player_choice":"Ignored","floor":24.0,"gold_loss":0.0,"damage_taken":0.0},{"damage_healed":0,"gold_gain":0,"player_choice":"Ignored","damage_taken":0,"max_hp_gain":0,"max_hp_loss":0,"event_name":"Vampires","floor":31,"gold_loss":0},{"damage_healed":0,"gold_gain":0,"player_choice":"Paid","damage_taken":0,"relics_obtained":["Red Mask"],"max_hp_gain":0,"max_hp_loss":0,"event_name":"Tomb of Lord Red Mask","floor":39,"gold_loss":42}],"is_beta":false,"boss_relics":[{"not_picked":["Snecko Eye","Tiny House"],"picked":"Philosopher\u0027s Stone"},{"not_picked":["Runic Pyramid","Black Star"],"picked":"WristBlade"}],"items_purged_floors":[20,37],"is_endless":false,"potions_floor_spawned":[1,6,14,18,19,23,27,35,46,54],"ascension_level":3}}