{"host":"kag8mfq4or8nkqb2","time":1613244244,"event":{"mods":["2.2 Compatiblity","BaseMod","Colored Map","Colored Powertips","Downfall","Minty Spire (QoL Compilation)","Relic Stats","StSLib"],"gold_per_floor":[99,99,99,99,99,129,129,142,157,171,0,19,19,33,44,144,144,144,162,182,182,67,67,94,109,140,157,57,86,104,104,123,220,220,120,133,44,63,81,100,146,166,77,97,147,147,47,67,86,86,86,114,75,75,75,75,75],"floor_reached":55,"language":"ENG","playtime":4185,"items_purged":["hexamod:Strike","downfall:Bewildered","Normality"],"score":740,"play_id":"bebceb5a-4107-45b1-9193-73c47314a875","local_time":"20210213192404","is_ascension_mode":false,"campfire_choices":[{"data":"hexamod:Float","floor":1.0,"key":"SMITH"},{"data":"hexamod:Incineration","floor":13.0,"key":"SMITH"},{"data":"hexamod:ForkedFlame","floor":18,"key":"SMITH"},{"data":"hexamod:Haunt","floor":23,"key":"SMITH"},{"data":"hexamod:EtherealExpedition","floor":28,"key":"SMITH"},{"floor":35,"key":"RECALL"},{"data":"hexamod:GiftsFromTheDead","floor":47,"key":"SMITH"},{"data":"hexamod:Haunt","floor":54,"key":"SMITH"}],"circlet_count":0,"master_deck":["hexamod:Strike","hexamod:Strike","hexamod:Strike","hexamod:Defend","hexamod:Defend","hexamod:Defend","hexamod:Defend","hexamod:Sear","hexamod:Float+1","hexamod:Hexaguard","hexamod:Float+1","hexamod:HauntingEcho","hexamod:CatchUp","hexamod:GhostflameBarrier","hexamod:AdvancingGuard","hexamod:SwordOfDarkness","hexamod:FourthSeal","hexamod:Incineration+1","hexamod:Hexaguard","hexamod:Haunt+1","hexamod:ForkedFlame+1","hexamod:FirstSeal","hexamod:EtherealExpedition+1","hexamod:NightmareGuise","hexamod:GiftsFromTheDead+1","hexamod:RetreatToShadows","hexamod:TimeWarp","hexamod:AdvancingGuard+1","hexamod:Haunt+1","hexamod:RainOfEmbers+1","hexamod:Rewind+1","hexamod:ExtraCrispy"],"relics":["hexamod:SpiritBrand","downfall:HeartsMalice","Mercury Hourglass","Matryoshka","SlaversCollar","sneckomod:BabySnecko","Letter Opener","Pantograph","downfall:HeartBlessingGreen","sneckomod:BlankCard","Cursed Key","downfall:HeartBlessingBlue","MealTicket","Bottled Lightning","Vajra","Oddly Smooth Stone","Thread and Needle","downfall:HeartBlessingRed","hexamod:InflammatoryLetter"],"acts_visited":["Exordium","TheCity","TheBeyond","TheEnding"],"potions_floor_usage":[26,26,26,27,33,52],"damage_taken":[{"damage":0.0,"enemies":"Jaw Worm","floor":2.0,"turns":1.0},{"damage":0.0,"enemies":"Cultist","floor":4.0,"turns":1.0},{"damage":0.0,"enemies":"Small Slimes","floor":5.0,"turns":1.0},{"damage":21.0,"enemies":"Lagavulin","floor":6.0,"turns":6.0},{"damage":5.0,"enemies":"downfall:LooterAlt","floor":8.0,"turns":4.0},{"damage":2.0,"enemies":"2 Fungi Beasts","floor":9.0,"turns":3.0},{"damage":0.0,"enemies":"Exordium Wildlife","floor":10.0,"turns":3.0},{"damage":0.0,"enemies":"downfall:FleeingMerchant","floor":11.0,"turns":4.0},{"damage":1.0,"enemies":"downfall:LooterAlt","floor":12.0,"turns":3.0},{"damage":0.0,"enemies":"2 Fungi Beasts","floor":14.0,"turns":4.0},{"damage":0,"enemies":"Blue Slaver","floor":15,"turns":3},{"damage":9,"enemies":"IC_STATUS_ARCHETYPE","floor":16,"turns":7},{"damage":11,"enemies":"Spheric Guardian","floor":19,"turns":4},{"damage":10,"enemies":"downfall:LooterAlt2","floor":20,"turns":4},{"damage":0,"enemies":"downfall:FleeingMerchant","floor":22,"turns":4},{"damage":17,"enemies":"Shelled Parasite and Fungi","floor":25,"turns":5},{"damage":14,"enemies":"Slavers","floor":26,"turns":3},{"damage":4,"enemies":"Centurion and Healer","floor":27,"turns":7},{"damage":0,"enemies":"Book of Stabbing","floor":29,"turns":5},{"damage":0,"enemies":"Snecko","floor":30,"turns":3},{"damage":0,"enemies":"Cultist and Chosen","floor":32,"turns":4},{"damage":31,"enemies":"WA_ARCHETYPE_CALM","floor":33,"turns":9},{"damage":0,"enemies":"3 Shapes","floor":36,"turns":3},{"damage":0,"enemies":"downfall:FleeingMerchant","floor":37,"turns":4},{"damage":5,"enemies":"Orb Walker","floor":38,"turns":3},{"damage":0,"enemies":"Sphere and 2 Shapes","floor":39,"turns":5},{"damage":0,"enemies":"Maw","floor":40,"turns":6},{"damage":21,"enemies":"3 Darklings","floor":42,"turns":5},{"damage":0,"enemies":"downfall:FleeingMerchant","floor":43,"turns":1},{"damage":2,"enemies":"Spire Growth","floor":44,"turns":3},{"damage":13,"enemies":"Spire Growth","floor":45,"turns":5},{"damage":0,"enemies":"Sphere and 2 Shapes","floor":48,"turns":3},{"damage":0,"enemies":"3 Darklings","floor":49,"turns":3},{"damage":25,"enemies":"DF_ARCHETYPE_ORBS","floor":50,"turns":6},{"damage":0,"enemies":"downfall:CharBossMerchant","floor":52,"turns":6},{"damage":81,"enemies":"downfall:NeowBoss","floor":55,"turns":17}],"seed_played":"2123976875297974596","potions_obtained":[{"floor":6.0,"key":"EntropicBrew"},{"floor":8.0,"key":"LiquidMemories"},{"floor":10.0,"key":"hexamod:SoulburnPotion"},{"floor":12.0,"key":"hexamod:SoulburnPotion"},{"floor":15,"key":"Explosive Potion"},{"floor":20,"key":"hexamod:EctoCoolerPotion"},{"floor":22,"key":"PowerPotion"},{"floor":26,"key":"EntropicBrew"},{"floor":27,"key":"DuplicationPotion"},{"floor":33,"key":"GamblersBrew"},{"floor":52,"key":"Swift Potion"}],"is_trial":false,"path_per_floor":["R","M","?","M","M","E","T","M","M","M","$","M","R","M","M","B",null,"R","M","M","?","$","R","T","M","E","M","R","E","M","?","M","B",null,"R","M","$","M","M","M","T","M","$","M","?","?","R","M","M","B",null,"E","$","R","B"],"character_chosen":"THE_SPIRIT","items_purchased":["hexamod:Incineration","hexamod:Hexaguard","LiquidMemories","Vajra","Oddly Smooth Stone","hexamod:ExtraCrispy"],"campfire_rested":0,"item_purchase_floors":[11,11,37,43,43,53],"current_hp_per_floor":[70,70,70,70,70,49,49,44,42,42,42,41,41,41,41,32,70,70,59,49,49,49,49,49,32,18,21,21,28,28,28,35,36,70,80,80,80,80,80,80,80,66,80,80,74,74,74,80,80,69,80,80,80,80,0,0,0],"gold":75,"neow_bonus":"THREE_ENEMY_KILL","is_daily":false,"chose_seed":false,"campfire_upgraded":7,"win_rate":0.0,"timestamp":1613244244,"path_taken":["R","M","?","M","?","E","T","M","M","?","$","M","R","M","M","BOSS","R","M","M","?","$","R","T","M","E","M","R","E","M","?","M","BOSS","R","M","$","M","M","M","T","M","$","M","?","?","R","M","M","BOSS","E","$","R","BOSS"],"items_purchased_type":["Card","Card","Potion","Relic","Relic","Card"],"build_version":"2020-12-22","purchased_purges":3,"victory":false,"max_hp_per_floor":[70,70,70,70,70,70,70,70,70,70,70,70,70,70,70,70,70,70,70,70,70,70,70,70,70,70,70,70,70,70,70,70,70,70,80,80,80,80,80,80,80,80,80,80,80,80,80,80,80,80,80,80,80,80,80,80,80],"relic_stats":{"counters":[36,155],"Pantograph":25,"MealTicket":14,"Letter Opener":[344],"Cursed Key":1,"obtain_stats":[{"downfall:HeartBlessingRed":47,"sneckomod:BlankCard":29,"Vajra":43,"Oddly Smooth Stone":43,"downfall:HeartsMalice":0,"downfall:HeartBlessingGreen":28,"Thread and Needle":45,"hexamod:InflammatoryLetter":52,"Letter Opener":24,"Cursed Key":34,"Mercury Hourglass":6,"SlaversCollar":17,"sneckomod:BabySnecko":21,"Matryoshka":7,"downfall:HeartBlessingBlue":35,"Pantograph":26,"MealTicket":41,"Bottled Lightning":41,"hexamod:SpiritBrand":0},{"downfall:HeartBlessingRed":31,"sneckomod:BlankCard":19,"Vajra":29,"Oddly Smooth Stone":29,"downfall:HeartsMalice":0,"downfall:HeartBlessingGreen":18,"Thread and Needle":31,"hexamod:InflammatoryLetter":35,"Letter Opener":15,"Cursed Key":22,"Mercury Hourglass":4,"SlaversCollar":12,"sneckomod:BabySnecko":14,"Matryoshka":4,"downfall:HeartBlessingBlue":22,"Pantograph":17,"MealTicket":27,"Bottled Lightning":27,"hexamod:SpiritBrand":0},{"downfall:HeartBlessingRed":120,"sneckomod:BlankCard":69,"Vajra":112,"Oddly Smooth Stone":112,"downfall:HeartsMalice":0,"downfall:HeartBlessingGreen":64,"Thread and Needle":120,"hexamod:InflammatoryLetter":138,"Letter Opener":49,"Cursed Key":85,"Mercury Hourglass":6,"SlaversCollar":37,"sneckomod:BabySnecko":45,"Matryoshka":6,"downfall:HeartBlessingBlue":85,"Pantograph":57,"MealTicket":106,"Bottled Lightning":106,"hexamod:SpiritBrand":0}],"Mercury Hourglass":[409]},"card_choices":[{"not_picked":["hexamod:GhostLash","hexamod:BurningTouch"],"picked":"hexamod:Hexaguard","floor":2.0},{"not_picked":["hexamod:Firestarter","hexamod:GhostShield"],"picked":"hexamod:HauntingEcho","floor":4.0},{"not_picked":["hexamod:HeatCrush","hexamod:ChargedBarrage","hexamod:GhostShield"],"picked":"SKIP","floor":5.0},{"not_picked":["hexamod:ChargedBarrage","hexamod:SoulSteal"],"picked":"hexamod:CatchUp","floor":6.0},{"not_picked":["hexamod:SuperheatedStrike","hexamod:PowerFromBeyond"],"picked":"hexamod:GhostflameBarrier","floor":8.0},{"not_picked":["hexamod:Firestarter","hexamod:EmpoweredFlame"],"picked":"hexamod:AdvancingGuard","floor":9.0},{"not_picked":["hexamod:ShieldOfDarkness","hexamod:Hexaguard"],"picked":"hexamod:SwordOfDarkness","floor":10.0},{"not_picked":["hexamod:PowerFromBeyond","hexamod:NightmareStrike"],"picked":"hexamod:FourthSeal","floor":11.0},{"not_picked":["hexamod:FourthSeal","hexamod:Hexaguard","hexamod:SpectralAdrenaline"],"picked":"SKIP","floor":12.0},{"not_picked":["hexamod:Hexaguard","hexamod:NecessarySacrifice","hexamod:NightmareGuise"],"picked":"SKIP","floor":14.0},{"not_picked":["hexamod:StepThrough","hexamod:GhostOfSpireFuture"],"picked":"hexamod:Haunt","floor":15},{"not_picked":["hexamod:FlameSwitch","hexamod:HexaLevel"],"picked":"hexamod:ForkedFlame","floor":16},{"not_picked":["hexamod:SoulSteal","hexamod:AdvancingGuard","hexamod:NightmareStrike+1"],"picked":"SKIP","floor":19},{"not_picked":["hexamod:GhostLash","hexamod:SwordOfDarkness+1","hexamod:GhostOfSpirePast"],"picked":"SKIP","floor":20},{"not_picked":["hexamod:GhostLash","hexamod:SwordOfDarkness+1","hexamod:GhostOfSpirePast"],"picked":"SKIP","floor":20},{"not_picked":["hexamod:HeatMetal","hexamod:PhantomFireball","hexamod:SoulSteal"],"picked":"SKIP","floor":22},{"not_picked":["hexamod:GhostShield","hexamod:InspiringFlames","hexamod:BacktrackSmack"],"picked":"SKIP","floor":25},{"not_picked":["hexamod:NightmareStrike","hexamod:SixthSeal"],"picked":"hexamod:FirstSeal","floor":26},{"not_picked":["hexamod:BacktrackSmack","hexamod:ThermalTransfer+1"],"picked":"hexamod:EtherealExpedition","floor":27},{"not_picked":["hexamod:FourthSeal","hexamod:AdvancingGuard"],"picked":"hexamod:NightmareGuise","floor":29},{"not_picked":["hexamod:GhostOfSpirePast","hexamod:Hexaguard"],"picked":"hexamod:GiftsFromTheDead","floor":30},{"not_picked":["hexamod:InspiringFlames","hexamod:Firestarter+1"],"picked":"hexamod:RetreatToShadows","floor":32},{"not_picked":["hexamod:ApocalypseNow","hexamod:SearingWound"],"picked":"hexamod:TimeWarp","floor":33},{"not_picked":["hexamod:BacktrackSmack+1","hexamod:InspiringFlames+1"],"picked":"hexamod:AdvancingGuard+1","floor":36},{"not_picked":["hexamod:HeatShield","hexamod:InspiringFlames","hexamod:SpectersWail"],"picked":"SKIP","floor":37},{"not_picked":["hexamod:ThermalTransfer","hexamod:HeatMetal+1","hexamod:BacktrackSmack"],"picked":"SKIP","floor":38},{"not_picked":["hexamod:StepThrough+1","hexamod:NecessarySacrifice+1"],"picked":"hexamod:Haunt","floor":39},{"not_picked":["hexamod:GhostShield","hexamod:SpectersWail+1","hexamod:GhostLash+1"],"picked":"SKIP","floor":40},{"not_picked":["hexamod:ChargedBarrage+1","hexamod:HeatShield","hexamod:FlameSwitch"],"picked":"SKIP","floor":42},{"not_picked":["hexamod:RecurringNightmare","hexamod:AdvancingGuard","hexamod:SpectersWail"],"picked":"SKIP","floor":43},{"not_picked":["hexamod:GhostLash","hexamod:Firestarter+1"],"picked":"hexamod:RainOfEmbers+1","floor":44},{"not_picked":["hexamod:FlamesFromBeyond+1","hexamod:NightmareStrike+1","hexamod:SuperheatedStrike"],"picked":"SKIP","floor":48},{"not_picked":["hexamod:ThermalTransfer","hexamod:GhostShield","hexamod:GhostLash"],"picked":"SKIP","floor":49},{"not_picked":["hexamod:SpectralAdrenaline+1","hexamod:ThirdSeal"],"picked":"hexamod:Rewind+1","floor":52}],"player_experience":1098830,"relics_obtained":[{"floor":6.0,"key":"Mercury Hourglass"},{"floor":7.0,"key":"Matryoshka"},{"floor":24,"key":"Letter Opener"},{"floor":26,"key":"Pantograph"},{"floor":29,"key":"sneckomod:BlankCard"},{"floor":41,"key":"MealTicket"},{"floor":41,"key":"Bottled Lightning"},{"floor":45,"key":"Thread and Needle"},{"floor":52,"key":"hexamod:InflammatoryLetter"}],"event_choices":[{"damage_healed":0,"gold_gain":0,"player_choice":"Ignored","damage_taken":0,"max_hp_gain":0,"max_hp_loss":0,"event_name":"Vampires","floor":31,"gold_loss":0}],"is_beta":false,"boss_relics":[{"not_picked":["bronze:MakeshiftBattery","Sozu"],"picked":"SlaversCollar"},{"not_picked":["Astrolabe","Empty Cage"],"picked":"Cursed Key"}],"items_purged_floors":[11,22,43],"is_endless":false,"potions_floor_spawned":[6,8,10,15,16,20,25,27,29,30,33,38,42,45,48,49,52],"killed_by":"downfall:NeowBoss","ascension_level":0}}