{"host":"6nqy62k7v1jh46lb","time":1613254138,"event":{"mods":["AchievementEnabler","BaseMod","Bestiary","Block Reminder","Colored Powertips","Highlight Path","Minty Spire (QoL Compilation)","Relic Stats"],"gold_per_floor":[119,135,135,145,145,145,145],"floor_reached":6,"language":"ENG","playtime":354,"items_purged":[],"score":36,"play_id":"1b9feebc-4845-4836-843f-97e902dd4e64","local_time":"20210213230858","daily_mods":["Vintage"],"is_ascension_mode":false,"campfire_choices":[],"circlet_count":0,"master_deck":["Strike_R","Strike_R","Strike_R","Strike_R","Defend_R","Defend_R","Defend_R","Defend_R","Bash","Power Through"],"relics":["Burning Blood","Juzu Bracelet","Tiny Chest","The Courier"],"acts_visited":["Exordium"],"potions_floor_usage":[],"damage_taken":[{"damage":6,"enemies":"2 Louse","floor":1,"turns":3},{"damage":10,"enemies":"Jaw Worm","floor":2,"turns":5},{"damage":8,"enemies":"Cultist","floor":4,"turns":6},{"damage":74,"enemies":"Lagavulin","floor":6,"turns":12}],"seed_played":"-7863068690783071305","potions_obtained":[{"floor":4,"key":"DistilledChaos"}],"is_trial":true,"path_per_floor":["M","M","?","M","?","E"],"character_chosen":"IRONCLAD","items_purchased":[],"campfire_rested":0,"item_purchase_floors":[],"current_hp_per_floor":[80,76,76,74,74,0,0],"gold":145,"neow_bonus":"","is_daily":false,"chose_seed":false,"campfire_upgraded":0,"win_rate":0.0,"timestamp":1613254138,"path_taken":["M","M","?","M","?","E"],"items_purchased_type":[],"build_version":"2020-12-22","purchased_purges":0,"victory":false,"max_hp_per_floor":[80,80,80,80,80,80,80],"relic_stats":{"counters":[4,26],"Tiny Chest":0,"Juzu Bracelet":0,"obtain_stats":[{"Tiny Chest":2,"The Courier":4,"Juzu Bracelet":1,"Burning Blood":0},{"Tiny Chest":2,"The Courier":3,"Juzu Bracelet":1,"Burning Blood":0},{"Tiny Chest":8,"The Courier":14,"Juzu Bracelet":3,"Burning Blood":0}],"Burning Blood":18},"card_choices":[],"player_experience":213919,"relics_obtained":[{"floor":1,"key":"Juzu Bracelet"},{"floor":2,"key":"Tiny Chest"},{"floor":4,"key":"The Courier"}],"event_choices":[{"damage_healed":0,"gold_gain":0,"player_choice":"Ignored","damage_taken":0,"max_hp_gain":0,"max_hp_loss":0,"event_name":"Golden Idol","floor":3,"gold_loss":0},{"damage_healed":0,"gold_gain":0,"cards_transformed":["Strike_R"],"player_choice":"Change","damage_taken":0,"max_hp_gain":0,"max_hp_loss":0,"event_name":"Living Wall","floor":5,"gold_loss":0,"cards_obtained":["Power Through"]}],"is_beta":false,"boss_relics":[],"items_purged_floors":[],"is_endless":false,"potions_floor_spawned":[4],"killed_by":"Lagavulin","ascension_level":0}}