{"host":"3qkmyeoym75lj4wn","time":1613243610,"event":{"mods":["2.2 Compatiblity","BaseMod","Block Reminder","Colored Powertips","Highlight Path","Minty Spire (QoL Compilation)","Permanent Neow","Potion Indicator Mod","Rare Cards Sparkle","Relic Stats","StSLib","Unceasing Turn Reminder"],"gold_per_floor":[367,5,17,17,34,34,34,53,108,120,147,159,171,210,222,310,322,350,382,459,521,270,270,270,270,270,288,338,416,8,58,58,137,137,147,419,469,519,533,533,533,533],"floor_reached":41,"language":"ENG","playtime":1438,"items_purged":["Regret","Strike_G","Doubt"],"score":819,"play_id":"be912a4b-5dad-4650-8f24-6db672224fa9","local_time":"20210213191330","is_ascension_mode":true,"campfire_choices":[{"data":"Dagger Spray","floor":6.0,"key":"SMITH"},{"floor":12.0,"key":"REST"},{"floor":15.0,"key":"REST"},{"data":"Noxious Fumes","floor":23.0,"key":"SMITH"},{"data":"Neutralize","floor":24.0,"key":"SMITH"},{"data":"Burst","floor":25.0,"key":"SMITH"},{"floor":32.0,"key":"REST"},{"floor":40,"key":"RECALL"}],"circlet_count":0,"master_deck":["AscendersBane","Strike_G+1","Defend_G+1","Defend_G+1","Defend_G+1","Defend_G+1","Defend_G+1","Survivor","Neutralize+1","Deadly Poison","Deadly Poison","Dramatic Entrance","Dagger Spray+1","Poisoned Stab","Bane","Burst+1","PiercingWail","Noxious Fumes+1","PiercingWail","Well Laid Plans","Parasite","Leg Sweep","Backstab","Footwork+1"],"relics":["Ring of the Snake","Snake Skull","Akabeko","MawBank","SsserpentHead","WingedGreaves","Cursed Key","Toy Ornithopter","Frozen Egg 2","Pantograph","Red Mask","Mummified Hand","HoveringKite"],"acts_visited":["Exordium","TheCity","TheBeyond"],"potions_floor_usage":[33,33],"damage_taken":[{"damage":0.0,"enemies":"2 Louse","floor":1.0,"turns":2.0},{"damage":0.0,"enemies":"Cultist","floor":3.0,"turns":3.0},{"damage":0.0,"enemies":"Jaw Worm","floor":5.0,"turns":5.0},{"damage":16.0,"enemies":"Exordium Wildlife","floor":8.0,"turns":4.0},{"damage":0.0,"enemies":"2 Fungi Beasts","floor":10.0,"turns":2.0},{"damage":21.0,"enemies":"3 Sentries","floor":11.0,"turns":6.0},{"damage":25.0,"enemies":"Lagavulin","floor":14.0,"turns":4.0},{"damage":30.0,"enemies":"Slime Boss","floor":16.0,"turns":10.0},{"damage":0.0,"enemies":"Chosen","floor":18.0,"turns":3.0},{"damage":0.0,"enemies":"3 Byrds","floor":19.0,"turns":2.0},{"damage":12.0,"enemies":"Centurion and Healer","floor":20.0,"turns":5.0},{"damage":10.0,"enemies":"Sentry and Sphere","floor":27.0,"turns":5.0},{"damage":0.0,"enemies":"Masked Bandits","floor":29.0,"turns":2.0},{"damage":62,"enemies":"Champ","floor":33,"turns":15},{"damage":1,"enemies":"3 Shapes","floor":35,"turns":6},{"damage":9,"enemies":"Orb Walker","floor":39,"turns":3},{"damage":53,"enemies":"Reptomancer","floor":41,"turns":5}],"seed_played":"-7714802604880008080","potions_obtained":[{"floor":1.0,"key":"BlessingOfTheForge"},{"floor":3.0,"key":"GamblersBrew"},{"floor":14.0,"key":"Block Potion"},{"floor":16.0,"key":"SteroidPotion"},{"floor":20.0,"key":"Fire Potion"},{"floor":27.0,"key":"GamblersBrew"},{"floor":29.0,"key":"Strength Potion"}],"is_trial":false,"path_per_floor":["M","$","M","?","M","R","$","M","T","M","E","R","?","E","R","B",null,"M","M","M","?","$","R","R","R","T","M","T","?","$","?","R","B",null,"M","?","?","?","M","R","E"],"character_chosen":"THE_SILENT","items_purchased":["Snake Skull","Deadly Poison","Dramatic Entrance","Toy Ornithopter","Mummified Hand"],"campfire_rested":3,"item_purchase_floors":[2,2,2,22,30],"current_hp_per_floor":[59,59,59,59,59,59,59,43,43,43,22,41,41,16,35,5,51,51,51,39,39,39,39,39,39,39,29,29,34,34,34,53,9,52,51,51,51,51,42,42,0,0],"gold":533,"neow_bonus":"TWO_FIFTY_GOLD","is_daily":false,"chose_seed":false,"campfire_upgraded":4,"win_rate":0.0,"timestamp":1613243610,"path_taken":["M","$","M","?","M","R","$","M","T","?","E","R","?","E","R","BOSS","M","M","?","?","$","R","R","R","T","M","?","?","$","?","R","BOSS","M","?","?","?","M","R","E"],"items_purchased_type":["Relic","Card","Card","Relic","Relic"],"build_version":"2020-12-22","purchased_purges":3,"victory":false,"max_hp_per_floor":[66,66,66,66,66,66,66,66,66,66,66,66,66,66,66,66,66,66,66,66,66,66,66,66,66,66,66,66,66,66,66,66,66,66,66,66,66,63,63,63,63,63],"relic_stats":{"SsserpentHead":400,"counters":[17,82],"Mummified Hand":[8],"Pantograph":13,"HoveringKite":[1],"Snake Skull":[87],"MawBank":132,"Cursed Key":2,"obtain_stats":[{"HoveringKite":34,"Snake Skull":2,"Frozen Egg 2":26,"MawBank":11,"Cursed Key":17,"Akabeko":9,"SsserpentHead":13,"Mummified Hand":30,"Pantograph":28,"WingedGreaves":14,"Red Mask":29,"Toy Ornithopter":22,"Ring of the Snake":0},{"HoveringKite":14,"Snake Skull":1,"Frozen Egg 2":11,"MawBank":6,"Cursed Key":8,"Akabeko":4,"SsserpentHead":6,"Mummified Hand":13,"Pantograph":12,"WingedGreaves":7,"Red Mask":13,"Toy Ornithopter":11,"Ring of the Snake":0},{"HoveringKite":68,"Snake Skull":2,"Frozen Egg 2":46,"MawBank":22,"Cursed Key":36,"Akabeko":14,"SsserpentHead":22,"Mummified Hand":53,"Pantograph":51,"WingedGreaves":26,"Red Mask":53,"Toy Ornithopter":46,"Ring of the Snake":0}],"Toy Ornithopter":10,"Ring of the Snake":[34]},"card_choices":[{"not_picked":["Outmaneuver","Blur"],"picked":"Deadly Poison","floor":1.0},{"not_picked":["Blur","Cloak And Dagger","Acrobatics"],"picked":"SKIP","floor":3.0},{"not_picked":["Slice","Prepared"],"picked":"Dagger Spray","floor":5.0},{"not_picked":["Dagger Throw","Backstab"],"picked":"Poisoned Stab","floor":8.0},{"not_picked":["Prepared","Blur"],"picked":"Bane","floor":10.0},{"not_picked":["Bane","Eviscerate","Unload"],"picked":"SKIP","floor":11.0},{"not_picked":["Sucker Punch","Blade Dance","Heel Hook"],"picked":"SKIP","floor":14.0},{"not_picked":["Unload","Tools of the Trade"],"picked":"Burst","floor":16.0},{"not_picked":["Terror+1","Escape Plan"],"picked":"PiercingWail","floor":18.0},{"not_picked":["Quick Slash","Prepared"],"picked":"Noxious Fumes","floor":19.0},{"not_picked":["Masterful Stab","Quick Slash","Bane"],"picked":"SKIP","floor":20.0},{"not_picked":["Dash+1","Calculated Gamble"],"picked":"Leg Sweep","floor":27.0},{"not_picked":["Masterful Stab","Underhanded Strike"],"picked":"Backstab","floor":29.0},{"not_picked":["Deflect","Dodge and Roll+1","Backflip"],"picked":"SKIP","floor":35},{"not_picked":["Skewer+1","Choke"],"picked":"Footwork+1","floor":39}],"player_experience":1755958,"relics_obtained":[{"floor":9.0,"key":"Akabeko"},{"floor":11.0,"key":"MawBank"},{"floor":14.0,"key":"WingedGreaves"},{"floor":26.0,"key":"Frozen Egg 2"},{"floor":28.0,"key":"Pantograph"},{"floor":29.0,"key":"Red Mask"}],"event_choices":[{"cards_removed":["Strike_G"],"damage_healed":0.0,"max_hp_gain":0.0,"max_hp_loss":0.0,"gold_gain":0.0,"event_name":"Bonfire Elementals","player_choice":"Offered Basic","floor":4.0,"gold_loss":0.0,"damage_taken":0.0},{"damage_healed":0.0,"max_hp_gain":0.0,"max_hp_loss":0.0,"gold_gain":0.0,"event_name":"FaceTrader","player_choice":"Trade","floor":13.0,"gold_loss":0.0,"damage_taken":0.0,"relics_obtained":["SsserpentHead"]},{"damage_healed":0.0,"max_hp_gain":0.0,"max_hp_loss":0.0,"gold_gain":0.0,"cards_transformed":["Strike_G","Strike_G"],"event_name":"Drug Dealer","player_choice":"Became Test Subject","floor":21.0,"gold_loss":0.0,"damage_taken":0.0,"cards_obtained":["PiercingWail","Well Laid Plans"]},{"damage_healed":0.0,"max_hp_gain":0.0,"max_hp_loss":0.0,"gold_gain":0.0,"event_name":"Masked Bandits","player_choice":"Fought Bandits","floor":29.0,"gold_loss":0.0,"damage_taken":0.0},{"damage_healed":0.0,"max_hp_gain":0.0,"max_hp_loss":0.0,"gold_gain":0.0,"event_name":"Back to Basics","player_choice":"Simplicity","floor":31.0,"gold_loss":0.0,"damage_taken":0.0,"cards_upgraded":["Strike_G","Defend_G","Defend_G","Defend_G","Defend_G","Defend_G"]},{"damage_healed":0,"gold_gain":222,"player_choice":"Wore Mask","damage_taken":0,"max_hp_gain":0,"max_hp_loss":0,"event_name":"Tomb of Lord Red Mask","floor":36,"gold_loss":0},{"damage_healed":0,"gold_gain":0,"player_choice":"Ignored","damage_taken":0,"max_hp_gain":0,"max_hp_loss":0,"event_name":"Mysterious Sphere","floor":37,"gold_loss":0},{"damage_healed":0,"gold_gain":0,"player_choice":"Max HP","damage_taken":0,"max_hp_gain":0,"max_hp_loss":3,"event_name":"Winding Halls","floor":38,"gold_loss":0}],"is_beta":false,"boss_relics":[{"not_picked":["Calling Bell","Sozu"],"picked":"Cursed Key"},{"not_picked":["Black Star","Pandora\u0027s Box"],"picked":"HoveringKite"}],"items_purged_floors":[2,22,30],"is_endless":false,"potions_floor_spawned":[1,3,14,16,20,27,29],"killed_by":"Reptomancer","ascension_level":20}}