{"host":"Jinnai","time":1613185361,"event":{"mods":["BaseMod","Block Reminder","Colored Map","Colored Powertips","Curses Come First","Highlight Path","Minty Spire (QoL Compilation)","Permanent Neow","Potion Indicator Mod","Quick Restart","Relic Stats","StSLib","ojb\u0027s Info Mod"],"gold_per_floor":[114,114,36,36,11,41,41,67,94,94,129,129,140,166,166,245,245,255,255,255,255],"floor_reached":20,"language":"ENG","playtime":2720,"items_purged":[],"score":392,"play_id":"4886662d-4e83-4a15-ab24-2325d2fccfa2","local_time":"20210212220241","is_ascension_mode":true,"campfire_choices":[{"data":"CrushJoints","floor":10,"key":"SMITH"},{"data":"FearNoEvil","floor":12,"key":"SMITH"},{"data":"FollowUp","floor":15,"key":"SMITH"}],"circlet_count":0,"master_deck":["AscendersBane","Strike_P","Strike_P","Strike_P","Strike_P","Defend_P","Defend_P","Defend_P","Defend_P","Eruption","Vigilance","Adaptation","EmptyBody","CrushJoints+1","DevaForm","FearNoEvil+1","FollowUp+1","Ragnarok","Pray+1","Ragnarok"],"relics":["Coffee Dripper","Blood Vial","Omamori","Smiling Mask","CloakClasp","Bronze Scales","Runic Dome"],"acts_visited":["Exordium","TheCity"],"potions_floor_usage":[6,11,14,20],"damage_taken":[{"damage":0,"enemies":"2 Louse","floor":1,"turns":2},{"damage":17,"enemies":"Lagavulin","floor":6,"turns":6},{"damage":3,"enemies":"Gremlin Nob","floor":8,"turns":3},{"damage":12,"enemies":"Lagavulin","floor":11,"turns":7},{"damage":7,"enemies":"Small Slimes","floor":13,"turns":4},{"damage":15,"enemies":"3 Sentries","floor":14,"turns":11},{"damage":30,"enemies":"The Guardian","floor":16,"turns":14},{"damage":46,"enemies":"Chosen","floor":18,"turns":3},{"damage":16,"enemies":"Shell Parasite","floor":20,"turns":2}],"seed_played":"4608459618313377908","potions_obtained":[{"floor":8,"key":"SteroidPotion"},{"floor":11,"key":"Regen Potion"},{"floor":14,"key":"StancePotion"},{"floor":18,"key":"AttackPotion"}],"is_trial":false,"path_per_floor":["M","?","$","?","$","E","$","E","T","R","E","R","M","E","R","B",null,"M","?","M"],"character_chosen":"WATCHER","items_purchased":["EssenceOfSteel","EmptyBody"],"campfire_rested":0,"item_purchase_floors":[3,5],"current_hp_per_floor":[61,61,61,61,61,44,44,43,43,43,33,33,28,30,30,2,52,8,8,0,0],"gold":255,"neow_bonus":"BOSS_RELIC","is_daily":false,"chose_seed":false,"campfire_upgraded":3,"win_rate":0.0,"timestamp":1613185361,"path_taken":["M","?","$","?","$","E","?","E","T","R","E","R","M","E","R","BOSS","M","?","M"],"items_purchased_type":["Potion","Card"],"build_version":"2020-12-18","purchased_purges":0,"victory":false,"max_hp_per_floor":[68,68,68,68,68,68,68,68,68,68,68,68,68,68,68,68,68,68,68,68,68],"relic_stats":{"Blood Vial":14,"counters":[9,52],"Bronze Scales":[61],"CloakClasp":[61],"Smiling Mask":0,"obtain_stats":[{"Blood Vial":6,"Runic Dome":17,"Bronze Scales":14,"Coffee Dripper":0,"Omamori":8,"CloakClasp":11,"PureWater":0,"Smiling Mask":9},{"Blood Vial":2,"Runic Dome":7,"Bronze Scales":6,"Coffee Dripper":0,"Omamori":3,"CloakClasp":4,"PureWater":0,"Smiling Mask":3},{"Blood Vial":8,"Runic Dome":47,"Bronze Scales":33,"Coffee Dripper":0,"Omamori":11,"CloakClasp":18,"PureWater":0,"Smiling Mask":11}]},"card_choices":[{"not_picked":["BowlingBash","Prostrate"],"picked":"Adaptation","floor":1},{"not_picked":["ClearTheMind","PathToVictory"],"picked":"CrushJoints","floor":6},{"not_picked":["FlurryOfBlows","Sanctity"],"picked":"DevaForm","floor":8},{"not_picked":["Perseverance","DeceiveReality"],"picked":"FearNoEvil","floor":11},{"not_picked":["SashWhip","BowlingBash"],"picked":"FollowUp","floor":13},{"not_picked":["Indignation","ClearTheMind","WindmillStrike"],"picked":"SKIP","floor":14},{"not_picked":["Scrawl","DeusExMachina"],"picked":"Ragnarok","floor":16},{"not_picked":["Halt","FlurryOfBlows"],"picked":"Pray+1","floor":18}],"player_experience":1724962,"relics_obtained":[{"floor":6,"key":"Blood Vial"},{"floor":8,"key":"Omamori"},{"floor":9,"key":"Smiling Mask"},{"floor":11,"key":"CloakClasp"},{"floor":14,"key":"Bronze Scales"}],"event_choices":[{"damage_healed":0,"gold_gain":0,"player_choice":"Ignored","damage_taken":0,"max_hp_gain":0,"max_hp_loss":0,"event_name":"Liars Game","floor":2,"gold_loss":0},{"damage_healed":0,"gold_gain":0,"player_choice":"Ignored","damage_taken":0,"max_hp_gain":0,"max_hp_loss":0,"event_name":"Golden Wing","floor":4,"gold_loss":0},{"damage_healed":0,"gold_gain":0,"player_choice":"Copied","damage_taken":0,"max_hp_gain":0,"max_hp_loss":0,"event_name":"Duplicator","floor":19,"gold_loss":0,"cards_obtained":["Ragnarok"]}],"is_beta":true,"boss_relics":[{"not_picked":["Fusion Hammer","SacredBark"],"picked":"Runic Dome"}],"items_purged_floors":[],"is_endless":false,"potions_floor_spawned":[8,11,14,18],"killed_by":"Shell Parasite","ascension_level":20}}