{"host":"wbs0wzz0alz01mnq","time":1613175338,"event":{"mods":["2.2 Compatiblity","BaseMod","Bestiary","Colored Map","Colored Powertips","GifTheSpireLib","Googly Eyes","Highlight Path","HololiveMod","Minty Spire (QoL Compilation)","Morshu Shopkeeper - ENHANCED","Quick Restart","RNG Fix","Relic Stats","StSLib","SuperFastMode","Waifu the Spire","Weighted Paths"],"gold_per_floor":[82,101,101,116,116,116,143,143,195,212,230,267,191,191,191,291,291,304,322,340,357,373,373,2,2,25,57,57,89,89,119,119,230,230,243,256,256,267,282,311,2,40,113,126,126,126,126,138,138,140,140],"floor_reached":50,"language":"ENG","playtime":2462,"items_purged":[],"score":847,"play_id":"fd7f87de-e361-486d-8825-838f8b078df7","local_time":"20210212191538","is_ascension_mode":false,"campfire_choices":[{"data":"Hololive_Nanodesu","floor":6,"key":"SMITH"},{"data":"Hololive_CallMinatoAqua","floor":8,"key":"SMITH"},{"data":"Hololive_CallUsadaPekora","floor":15,"key":"SMITH"},{"data":"Hololive_CallHoshimachiSuisei","floor":23,"key":"SMITH"},{"floor":32,"key":"REST"},{"data":"Hololive_MaximGun","floor":45,"key":"SMITH"},{"data":"Hololive_Nanodesu","floor":47,"key":"SMITH"},{"data":"Hololive_Thief","floor":49,"key":"SMITH"}],"circlet_count":0,"master_deck":["Hololive_CallMinatoAqua+1","Hololive_CallUsadaPekora+1","Hololive_CallMurasakiShion","Hololive_CallShiranuiFlare","Hololive_CallSpadeEcho","Hololive_Breathe","Hololive_Defend","Hololive_Defend","Hololive_DevilCharm","Hololive_CallShirakamiFubuki","Hololive_Nanodesu+1","Hololive_CallTokoyamiTowa","Hololive_CallManoAloe","Hololive_CallOzoraSubaru","Hololive_WolfAndLamb+1","Hololive_CallNakiriAyame","Hololive_AWSL","Hololive_CocoNews","Hololive_CallAkiRosenthal+1","Hololive_CallManoAloe+1","Hololive_CallOkamiMio+1","Hololive_CallHoshimachiSuisei+1","Hololive_CallRoboco","Hololive_CallShishiroBotan+1","Writhe","Hololive_AWSL","Hololive_AWSL","Hololive_CallAkiRosenthal","Hololive_AWSL","Hololive_Yoholoon+1","Hololive_ILoveYou+1","Hololive_Trident+1","Hololive_Thief+1","Hololive_CallAkiRosenthal+1","Hololive_MaximGun+1","Hololive_Rebound+1","Hololive_SoulCatcher","Hololive_Nanodesu+1","Hololive_CallTokinoSora"],"relics":["Hololive_TheStar","NeowsBlessing","Pen Nib","Centennial Puzzle","Eternal Feather","Velvet Choker","Juzu Bracelet","HandDrill","Oddly Smooth Stone","Peace Pipe","Tiny Chest","FossilizedHelix","MealTicket","Hololive_ChaosS","Dream Catcher","Lee\u0027s Waffle","Toy Ornithopter","Shuriken"],"acts_visited":["Exordium","TheCity","TheBeyond"],"potions_floor_usage":[27,27,50,50,50],"damage_taken":[{"damage":0,"enemies":"Small Slimes","floor":1,"turns":1},{"damage":0,"enemies":"Cultist","floor":2,"turns":1},{"damage":0,"enemies":"2 Louse","floor":4,"turns":1},{"damage":0,"enemies":"3 Sentries","floor":7,"turns":6},{"damage":0,"enemies":"Blue Slaver","floor":10,"turns":3},{"damage":0,"enemies":"Exordium Wildlife","floor":11,"turns":3},{"damage":0,"enemies":"Lagavulin","floor":12,"turns":4},{"damage":0,"enemies":"Hexaghost","floor":16,"turns":6},{"damage":0,"enemies":"Shell Parasite","floor":18,"turns":4},{"damage":1,"enemies":"2 Thieves","floor":19,"turns":3},{"damage":0,"enemies":"Shelled Parasite and Fungi","floor":20,"turns":5},{"damage":0,"enemies":"Centurion and Healer","floor":21,"turns":4},{"damage":0,"enemies":"Snake Plant","floor":22,"turns":2},{"damage":31,"enemies":"Slavers","floor":27,"turns":8},{"damage":9,"enemies":"Gremlin Leader","floor":29,"turns":7},{"damage":0,"enemies":"Book of Stabbing","floor":31,"turns":5},{"damage":0,"enemies":"Champ","floor":33,"turns":10},{"damage":0,"enemies":"Orb Walker","floor":35,"turns":4},{"damage":4,"enemies":"3 Shapes","floor":36,"turns":6},{"damage":0,"enemies":"Maw","floor":38,"turns":7},{"damage":0,"enemies":"Sphere and 2 Shapes","floor":39,"turns":5},{"damage":31,"enemies":"Nemesis","floor":40,"turns":7},{"damage":16,"enemies":"Reptomancer","floor":42,"turns":9},{"damage":5,"enemies":"3 Darklings","floor":44,"turns":5},{"damage":0,"enemies":"Jaw Worm Horde","floor":48,"turns":4},{"damage":119,"enemies":"Awakened One","floor":50,"turns":5}],"seed_played":"3870613603616498373","potions_obtained":[{"floor":11,"key":"Swift Potion"},{"floor":12,"key":"Regen Potion"},{"floor":16,"key":"SteroidPotion"},{"floor":25,"key":"DuplicationPotion"},{"floor":25,"key":"DuplicationPotion"},{"floor":25,"key":"Ancient Potion"},{"floor":35,"key":"Fire Potion"},{"floor":38,"key":"FearPotion"}],"is_trial":false,"path_per_floor":["M","M","?","M","?","R","E","R","T","M","M","E","$","?","R","B",null,"M","M","M","M","M","R","$","?","T","E","?","E","?","E","R","B",null,"M","M","?","M","M","E","$","E","T","M","R","?","R","M","R","B"],"character_chosen":"Hololive_HololiveCharacter","items_purchased":["Hololive_CallNakiriAyame","Hololive_CallRoboco","Juzu Bracelet","HandDrill","Lee\u0027s Waffle","Hololive_MaximGun"],"campfire_rested":1,"item_purchase_floors":[13,24,24,24,41,41],"current_hp_per_floor":[35,35,35,35,35,35,35,35,35,35,35,35,35,35,35,35,35,36,36,37,38,39,40,40,40,40,10,10,2,2,5,33,36,48,52,52,52,56,60,33,75,63,63,62,83,83,83,87,87,0,0],"gold":140,"neow_bonus":"THREE_ENEMY_KILL","is_daily":false,"chose_seed":false,"campfire_upgraded":7,"win_rate":0.0,"timestamp":1613175338,"path_taken":["M","M","?","M","?","R","E","R","T","M","M","E","$","?","R","BOSS","M","M","M","M","M","R","$","?","T","E","?","E","?","E","R","BOSS","M","M","?","M","M","E","$","E","T","M","R","?","R","M","R","BOSS"],"items_purchased_type":["Card","Card","Relic","Relic","Relic","Card"],"build_version":"2020-12-22","purchased_purges":0,"victory":false,"max_hp_per_floor":[35,35,35,35,35,35,35,35,35,35,35,35,35,35,35,35,35,36,37,38,39,40,40,40,40,40,41,41,42,42,45,45,48,48,52,56,56,60,64,68,75,79,79,83,83,83,83,87,87,91,91],"relic_stats":{"Lee\u0027s Waffle":27,"counters":[26,125],"Eternal Feather":37,"Pen Nib":[6],"Juzu Bracelet":1,"Peace Pipe":0,"Centennial Puzzle":[24],"Dream Catcher":0,"Shuriken":[0],"Tiny Chest":0,"MealTicket":15,"HandDrill":[36],"obtain_stats":[{"Lee\u0027s Waffle":41,"NeowsBlessing":0,"Velvet Choker":17,"Oddly Smooth Stone":26,"Eternal Feather":12,"Pen Nib":7,"Juzu Bracelet":24,"Hololive_ChaosS":34,"Peace Pipe":27,"Centennial Puzzle":9,"Dream Catcher":40,"Shuriken":43,"Hololive_TheStar":0,"Tiny Chest":28,"MealTicket":31,"HandDrill":24,"FossilizedHelix":29,"Toy Ornithopter":42},{"Lee\u0027s Waffle":22,"NeowsBlessing":0,"Velvet Choker":8,"Oddly Smooth Stone":13,"Eternal Feather":7,"Pen Nib":4,"Juzu Bracelet":13,"Hololive_ChaosS":17,"Peace Pipe":14,"Centennial Puzzle":4,"Dream Catcher":22,"Shuriken":23,"Hololive_TheStar":0,"Tiny Chest":14,"MealTicket":16,"HandDrill":13,"FossilizedHelix":15,"Toy Ornithopter":23},{"Lee\u0027s Waffle":102,"NeowsBlessing":0,"Velvet Choker":25,"Oddly Smooth Stone":43,"Eternal Feather":19,"Pen Nib":9,"Juzu Bracelet":43,"Hololive_ChaosS":73,"Peace Pipe":51,"Centennial Puzzle":9,"Dream Catcher":102,"Shuriken":111,"Hololive_TheStar":0,"Tiny Chest":51,"MealTicket":63,"HandDrill":43,"FossilizedHelix":58,"Toy Ornithopter":111}],"Toy Ornithopter":15},"card_choices":[{"not_picked":["Hololive_HuntDinosaur","Hololive_Rebound","Hololive_Drill"],"picked":"Hololive_DevilCharm","floor":1},{"not_picked":["Hololive_HuntDinosaur","Hololive_Rebound","Hololive_RevenueBasedLive"],"picked":"Hololive_CallShirakamiFubuki","floor":2},{"not_picked":["Hololive_RevenueBasedLive","Hololive_CallYuzukiChoco","Hololive_CallMomosuzuNene"],"picked":"Hololive_Nanodesu","floor":4},{"not_picked":["Hololive_RevenueBasedLive","Hololive_Trident","Hololive_Rebound"],"picked":"Hololive_CallTokoyamiTowa","floor":7},{"not_picked":["Hololive_Drill","Hololive_OvertimeWork","Hololive_Breathe"],"picked":"Hololive_CallManoAloe","floor":10},{"not_picked":["Hololive_Sequa","Hololive_Trident","Hololive_StrengthChampion"],"picked":"Hololive_CallOzoraSubaru","floor":11},{"not_picked":["Hololive_LuckPotion","Hololive_HuntDinosaur","Hololive_CallHimemoriLuna"],"picked":"Hololive_WolfAndLamb","floor":12},{"not_picked":["Hololive_WolfAndLamb","Hololive_MaximGun","Hololive_DiamondStrike"],"picked":"Hololive_AWSL","floor":16},{"not_picked":["Hololive_RevenueBasedLive","Hololive_DevilCharm+1","Hololive_OvertimeWork"],"picked":"Hololive_CocoNews","floor":18},{"not_picked":["Hololive_Sequa","Hololive_CallOkamiMio+1","Hololive_Trident"],"picked":"Hololive_CallAkiRosenthal+1","floor":19},{"not_picked":["Hololive_ILoveYou","Hololive_CallRosalyn","Hololive_Trident+1"],"picked":"Hololive_CallManoAloe+1","floor":20},{"not_picked":["Hololive_CocoNews","Hololive_Psychosis+1","Hololive_OvertimeWork+1"],"picked":"Hololive_CallOkamiMio+1","floor":21},{"not_picked":["Hololive_Psychosis","Hololive_FlyingPonyTail","Hololive_CallRosalyn"],"picked":"Hololive_CallHoshimachiSuisei","floor":22},{"not_picked":["Hololive_Rebound+1","Hololive_Breathe","Hololive_RevenueBasedLive"],"picked":"Hololive_CallShishiroBotan+1","floor":27},{"not_picked":["Hololive_Breathe","Hololive_SoulCatcher","Hololive_ScarfAndHalo"],"picked":"Hololive_AWSL","floor":29},{"not_picked":["Hololive_CallAZKi+1","Hololive_CallAmaneKanata","Hololive_StrengthChampion"],"picked":"Hololive_CallAkiRosenthal","floor":31},{"not_picked":["Hololive_Recruit","Hololive_WolfAndLamb","Hololive_Rebirth"],"picked":"Hololive_AWSL","floor":33},{"not_picked":["Hololive_FlyingPonyTail+1","Hololive_Sequa+1","Hololive_OvertimeWork+1"],"picked":"Hololive_Yoholoon","floor":35},{"not_picked":["Hololive_Psychosis","Hololive_Drill+1","Hololive_StrengthChampion+1"],"picked":"Hololive_ILoveYou+1","floor":36},{"not_picked":["Hololive_OvertimeWork","Hololive_CocoNews","Hololive_Sequa"],"picked":"Hololive_Trident+1","floor":38},{"not_picked":["Hololive_HuntDinosaur+1","Hololive_LuckPotion+1","Hololive_Rebound+1"],"picked":"Hololive_Thief","floor":39},{"not_picked":["Hololive_OvertimeWork","Hololive_CallOmaruPolka","Hololive_ILoveYou+1"],"picked":"Hololive_CallAkiRosenthal+1","floor":40},{"not_picked":["Hololive_Psychosis+1","Hololive_HuntDinosaur","Hololive_FlyingPonyTail"],"picked":"Hololive_Rebound+1","floor":42},{"not_picked":["Hololive_CocoNews","Hololive_HuntDinosaur","Hololive_Drill"],"picked":"Hololive_SoulCatcher","floor":44},{"not_picked":["Hololive_FlyingPonyTail+1","Hololive_CandyCastle+1","Hololive_Yoholoon+1"],"picked":"Hololive_CallTokinoSora","floor":48}],"player_experience":22507,"relics_obtained":[{"floor":7,"key":"Pen Nib"},{"floor":9,"key":"Centennial Puzzle"},{"floor":12,"key":"Eternal Feather"},{"floor":26,"key":"Oddly Smooth Stone"},{"floor":27,"key":"Peace Pipe"},{"floor":29,"key":"FossilizedHelix"},{"floor":31,"key":"MealTicket"},{"floor":40,"key":"Dream Catcher"},{"floor":42,"key":"Toy Ornithopter"},{"floor":43,"key":"Shuriken"}],"event_choices":[{"damage_healed":0,"gold_gain":0,"player_choice":"Leave","damage_taken":0,"max_hp_gain":0,"max_hp_loss":0,"event_name":"The Cleric","floor":3,"gold_loss":0},{"cards_removed":["Hololive_Strike"],"damage_healed":0,"gold_gain":0,"player_choice":"Purged","damage_taken":0,"max_hp_gain":0,"max_hp_loss":0,"event_name":"Purifier","floor":5,"gold_loss":0},{"damage_healed":0,"gold_gain":0,"player_choice":"Upgraded","damage_taken":0,"max_hp_gain":0,"max_hp_loss":0,"event_name":"Upgrade Shrine","floor":14,"gold_loss":0,"cards_upgraded":["Hololive_WolfAndLamb"]},{"damage_healed":0,"gold_gain":0,"player_choice":"Got Potions","damage_taken":0,"max_hp_gain":0,"max_hp_loss":0,"event_name":"Lab","floor":25,"gold_loss":0},{"damage_healed":0,"gold_gain":0,"player_choice":"Opened","damage_taken":0,"relics_obtained":["Tiny Chest"],"max_hp_gain":0,"max_hp_loss":0,"event_name":"The Mausoleum","floor":28,"gold_loss":0,"cards_obtained":["Writhe"]},{"damage_healed":0,"gold_gain":0,"player_choice":"Copied","damage_taken":0,"max_hp_gain":0,"max_hp_loss":0,"event_name":"Duplicator","floor":30,"gold_loss":0,"cards_obtained":["Hololive_AWSL"]},{"damage_healed":0,"gold_gain":0,"player_choice":"Forge","damage_taken":0,"max_hp_gain":0,"max_hp_loss":0,"event_name":"Accursed Blacksmith","floor":37,"gold_loss":0,"cards_upgraded":["Hololive_Yoholoon"]},{"damage_healed":0,"gold_gain":0,"cards_transformed":["Hololive_Strike"],"player_choice":"Transformed","damage_taken":0,"max_hp_gain":0,"max_hp_loss":0,"event_name":"Transmorgrifier","floor":46,"gold_loss":0,"cards_obtained":["Hololive_Nanodesu"]}],"is_beta":false,"boss_relics":[{"not_picked":["SlaversCollar","Philosopher\u0027s Stone"],"picked":"Velvet Choker"},{"not_picked":["Cursed Key","Runic Pyramid"],"picked":"Hololive_ChaosS"}],"items_purged_floors":[],"is_endless":false,"potions_floor_spawned":[11,12,16,19,20,22,35,38,44,48],"killed_by":"Awakened One","ascension_level":0}}