{"host":"ad59wuc8ynh8u2z6","time":1613175321,"event":{"mods":["AchievementEnabler","BaseMod","Colored Powertips","DeckTracker","Highlight Path","Minty Spire (QoL Compilation)","Permanent Neow"],"gold_per_floor":[115,115,128,143,161,186,198,198,198,232,232,232,5,36,36,141,141,159,169,129,29,47,78,78,109,109,156,181,210,239,251,263,372,384,406,436,448,472,495,540,552,575,612,624,664,676,713,806,818,830,842,854,438,466,466,466],"floor_reached":55,"language":"ENG","playtime":2789,"items_purged":["Strike_G","Strike_G","Defend_G"],"score":1128,"play_id":"60723b97-11be-49c1-bff5-cbb05fb3c2da","local_time":"20210213011521","is_ascension_mode":true,"campfire_choices":[{"data":"Glass Knife","floor":8.0,"key":"SMITH"},{"data":"Glass Knife","floor":11.0,"key":"SMITH"},{"data":"Terror","floor":15.0,"key":"SMITH"},{"data":"Unload","floor":24.0,"key":"SMITH"},{"data":"Neutralize","floor":32.0,"key":"SMITH"},{"data":"Wraith Form v2","floor":41.0,"key":"SMITH"},{"data":"After Image","floor":44.0,"key":"SMITH"},{"data":"Survivor","floor":46.0,"key":"SMITH"},{"floor":49.0,"key":"RECALL"},{"floor":52.0,"key":"DIG"}],"circlet_count":0,"master_deck":["Defend_G","Defend_G","Defend_G","Defend_G","Survivor+1","Neutralize+1","Glass Knife+1","Glass Knife+1","Glass Knife+1","Terror+1","Unload+1","Cloak And Dagger+1","After Image+1","Leg Sweep+1","Quick Slash+1","Wraith Form v2+1","Dagger Throw+1"],"relics":["Ring of the Snake","Blood Vial","Matryoshka","Happy Flower","DollysMirror","Prayer Wheel","Velvet Choker","Paper Crane","Tough Bandages","MawBank","Incense Burner","Mango","Empty Cage","Juzu Bracelet","PreservedInsect","Toy Ornithopter","Anchor","Shovel","InkBottle","Pen Nib","ClockworkSouvenir","FossilizedHelix"],"acts_visited":["Exordium","TheCity","TheBeyond","TheEnding"],"potions_floor_usage":[55,55,55],"damage_taken":[{"damage":0.0,"enemies":"Cultist","floor":1.0,"turns":3.0},{"damage":0.0,"enemies":"2 Louse","floor":3.0,"turns":4.0},{"damage":0.0,"enemies":"Small Slimes","floor":4.0,"turns":4.0},{"damage":8.0,"enemies":"Exordium Thugs","floor":5.0,"turns":5.0},{"damage":29.0,"enemies":"3 Sentries","floor":6.0,"turns":17.0},{"damage":1.0,"enemies":"Lots of Slimes","floor":7.0,"turns":5.0},{"damage":12.0,"enemies":"Lagavulin","floor":10.0,"turns":7.0},{"damage":0.0,"enemies":"Gremlin Nob","floor":14.0,"turns":2.0},{"damage":14.0,"enemies":"Hexaghost","floor":16.0,"turns":5.0},{"damage":1.0,"enemies":"2 Thieves","floor":18.0,"turns":3.0},{"damage":0.0,"enemies":"3 Byrds","floor":19.0,"turns":4.0},{"damage":2.0,"enemies":"Snake Plant","floor":22.0,"turns":2.0},{"damage":0.0,"enemies":"Book of Stabbing","floor":23.0,"turns":5.0},{"damage":0.0,"enemies":"Gremlin Leader","floor":25.0,"turns":4.0},{"damage":3.0,"enemies":"Book of Stabbing","floor":27.0,"turns":4.0},{"damage":0.0,"enemies":"Centurion and Healer","floor":28.0,"turns":4.0},{"damage":6.0,"enemies":"Sentry and Sphere","floor":29.0,"turns":4.0},{"damage":0.0,"enemies":"Snake Plant","floor":30.0,"turns":3.0},{"damage":13.0,"enemies":"Collector","floor":33.0,"turns":10.0},{"damage":0.0,"enemies":"Orb Walker","floor":35.0,"turns":2.0},{"damage":0.0,"enemies":"3 Darklings","floor":36.0,"turns":7.0},{"damage":0.0,"enemies":"Sphere and 2 Shapes","floor":38.0,"turns":4.0},{"damage":0.0,"enemies":"Jaw Worm Horde","floor":39.0,"turns":4.0},{"damage":1.0,"enemies":"Reptomancer","floor":40.0,"turns":5.0},{"damage":13.0,"enemies":"Spire Growth","floor":42.0,"turns":4.0},{"damage":3.0,"enemies":"Giant Head","floor":45.0,"turns":7.0},{"damage":3.0,"enemies":"Nemesis","floor":47.0,"turns":5.0},{"damage":30.0,"enemies":"Awakened One","floor":50.0,"turns":39.0},{"damage":13,"enemies":"Shield and Spear","floor":54,"turns":6},{"damage":102,"enemies":"The Heart","floor":55,"turns":9}],"seed_played":"1613255637623983148","potions_obtained":[{"floor":1.0,"key":"CultistPotion"},{"floor":3.0,"key":"SkillPotion"},{"floor":14.0,"key":"ColorlessPotion"},{"floor":20.0,"key":"FearPotion"},{"floor":20.0,"key":"DuplicationPotion"},{"floor":20.0,"key":"DistilledChaos"},{"floor":25.0,"key":"Swift Potion"},{"floor":27.0,"key":"Block Potion"},{"floor":38.0,"key":"GhostInAJar"},{"floor":45.0,"key":"CunningPotion"},{"floor":47.0,"key":"LiquidBronze"}],"is_trial":false,"path_per_floor":["M","?","M","M","M","E","M","R","T","E","R","?","$","E","R","B",null,"M","M","?","$","M","E","R","E","T","E","M","M","M","?","R","B",null,"M","M","?","M","M","E","R","M","T","R","E","R","E","T","R","B",null,"R","$","E","B"],"character_chosen":"THE_SILENT","items_purchased":["DollysMirror","Pen Nib","ClockworkSouvenir"],"campfire_rested":0,"item_purchase_floors":[13,53,53],"current_hp_per_floor":[49,49,49,49,41,12,13,13,13,3,3,26,26,28,28,16,57,58,60,60,60,60,62,62,64,64,77,79,75,77,61,61,50,79,81,83,83,85,87,88,88,76,76,76,75,75,79,79,79,51,80,80,80,69,0,0],"gold":466,"neow_bonus":"THREE_RARE_CARDS","is_daily":false,"chose_seed":false,"campfire_upgraded":8,"win_rate":0.0,"timestamp":1613175321,"path_taken":["M","?","?","M","M","E","M","R","T","E","R","?","$","E","R","BOSS","M","M","?","?","M","E","R","E","T","E","M","M","?","?","R","BOSS","M","M","?","M","M","E","R","M","T","R","E","R","E","?","R","BOSS","R","$","E","BOSS"],"items_purchased_type":["Relic","Relic","Relic"],"build_version":"2020-12-22","purchased_purges":3,"victory":false,"max_hp_per_floor":[70,70,70,70,70,70,70,70,70,70,70,70,70,70,70,70,70,70,70,70,70,70,70,70,70,70,84,84,84,84,89,89,89,89,89,89,89,89,89,89,89,89,89,89,89,89,89,89,89,89,89,89,89,89,89,89],"card_choices":[{"not_picked":["Night Terror","Tools of the Trade"],"picked":"Glass Knife","floor":0.0},{"not_picked":["Finisher","Setup","Bane"],"picked":"SKIP","floor":1.0},{"not_picked":["Deadly Poison","Slice","Poisoned Stab"],"picked":"SKIP","floor":3.0},{"not_picked":["Flying Knee","Deadly Poison","Dodge and Roll"],"picked":"SKIP","floor":4.0},{"not_picked":["Accuracy","Slice","Poisoned Stab"],"picked":"SKIP","floor":5.0},{"not_picked":["Sucker Punch","Deadly Poison"],"picked":"Glass Knife","floor":6.0},{"not_picked":["Endless Agony","Bane","Deadly Poison"],"picked":"SKIP","floor":7.0},{"not_picked":["Masterful Stab","Skewer","Bouncing Flask"],"picked":"SKIP","floor":10.0},{"not_picked":["Backstab","Cloak And Dagger"],"picked":"Terror","floor":14.0},{"not_picked":["After Image","Malaise"],"picked":"Unload","floor":16.0},{"not_picked":["Deadly Poison","Dagger Spray","Flying Knee"],"picked":"SKIP","floor":18.0},{"not_picked":["Dash","Noxious Fumes","Skewer"],"picked":"SKIP","floor":18.0},{"not_picked":["Underhanded Strike","Infinite Blades"],"picked":"Cloak And Dagger+1","floor":19.0},{"not_picked":["PiercingWail+1","Distraction+1","Underhanded Strike+1"],"picked":"SKIP","floor":19.0},{"not_picked":["Dagger Spray","Masterful Stab"],"picked":"After Image","floor":22.0},{"not_picked":["Dodge and Roll+1","Predator"],"picked":"Leg Sweep+1","floor":22.0},{"not_picked":["Flying Knee","Corpse Explosion","Prepared+1"],"picked":"SKIP","floor":23.0},{"not_picked":["Endless Agony","Well Laid Plans","Dagger Spray"],"picked":"SKIP","floor":25.0},{"not_picked":["Dodge and Roll+1","PiercingWail","Catalyst"],"picked":"SKIP","floor":27.0},{"not_picked":["Bane","Flechettes","Riddle With Holes+1"],"picked":"SKIP","floor":28.0},{"not_picked":["Infinite Blades+1","Heel Hook","Well Laid Plans"],"picked":"SKIP","floor":28.0},{"not_picked":["Underhanded Strike+1","Accuracy+1","Backflip"],"picked":"SKIP","floor":29.0},{"not_picked":["Slice","Reflex","Riddle With Holes+1"],"picked":"SKIP","floor":29.0},{"not_picked":["Prepared","Dagger Throw"],"picked":"Quick Slash+1","floor":30.0},{"not_picked":["Bane","Sucker Punch","Heel Hook"],"picked":"SKIP","floor":30.0},{"not_picked":["Night Terror","Burst"],"picked":"Wraith Form v2","floor":33.0},{"not_picked":["Slice+1","Flying Knee","Dash"],"picked":"SKIP","floor":35.0},{"not_picked":["Outmaneuver","Reflex+1","Blur+1"],"picked":"SKIP","floor":35.0},{"not_picked":["Deadly Poison+1","Quick Slash+1"],"picked":"Dagger Throw+1","floor":36.0},{"not_picked":["Predator+1","Finisher+1","Escape Plan+1"],"picked":"SKIP","floor":36.0},{"not_picked":["Sucker Punch","PiercingWail","Blade Dance"],"picked":"SKIP","floor":38.0},{"not_picked":["Poisoned Stab+1","Acrobatics","Escape Plan+1"],"picked":"SKIP","floor":38.0},{"not_picked":["Sucker Punch","Bane+1","Flying Knee"],"picked":"SKIP","floor":39.0},{"not_picked":["Bouncing Flask+1","Flying Knee+1","Expertise"],"picked":"SKIP","floor":39.0},{"not_picked":["Flechettes+1","Deflect","Blade Dance"],"picked":"SKIP","floor":40.0},{"not_picked":["Noxious Fumes+1","Tactician","Choke+1"],"picked":"SKIP","floor":42.0},{"not_picked":["Blade Dance+1","Deflect+1","Venomology"],"picked":"SKIP","floor":42.0},{"not_picked":["Outmaneuver+1","Eviscerate","Cloak And Dagger"],"picked":"SKIP","floor":45.0},{"not_picked":["Sucker Punch+1","Deflect+1","Dagger Spray+1"],"picked":"SKIP","floor":47.0},{"not_picked":["Escape Plan+1","Prepared+1","Outmaneuver"],"picked":"SKIP","floor":54}],"player_experience":88744,"relics_obtained":[{"floor":6.0,"key":"Blood Vial"},{"floor":9.0,"key":"Matryoshka"},{"floor":10.0,"key":"Happy Flower"},{"floor":14.0,"key":"Prayer Wheel"},{"floor":23.0,"key":"Paper Crane"},{"floor":25.0,"key":"Tough Bandages"},{"floor":26.0,"key":"MawBank"},{"floor":26.0,"key":"Incense Burner"},{"floor":27.0,"key":"Mango"},{"floor":40.0,"key":"Juzu Bracelet"},{"floor":43.0,"key":"PreservedInsect"},{"floor":43.0,"key":"Toy Ornithopter"},{"floor":45.0,"key":"Anchor"},{"floor":47.0,"key":"Shovel"},{"floor":52.0,"key":"InkBottle"},{"floor":54,"key":"FossilizedHelix"}],"event_choices":[{"cards_removed":["Strike_G"],"damage_healed":0.0,"max_hp_gain":0.0,"max_hp_loss":0.0,"gold_gain":0.0,"event_name":"Purifier","player_choice":"Purged","floor":2.0,"gold_loss":0.0,"damage_taken":0.0},{"damage_healed":23.0,"max_hp_gain":0.0,"max_hp_loss":0.0,"gold_gain":0.0,"event_name":"Big Fish","player_choice":"Banana","floor":12.0,"gold_loss":0.0,"damage_taken":0.0},{"damage_healed":0.0,"max_hp_gain":0.0,"max_hp_loss":0.0,"gold_gain":0.0,"event_name":"The Woman in Blue","player_choice":"Bought 3 Potions","floor":20.0,"gold_loss":0.0,"damage_taken":0.0},{"damage_healed":0.0,"max_hp_gain":5.0,"max_hp_loss":0.0,"gold_gain":0.0,"event_name":"Forgotten Altar","player_choice":"Shed Blood","floor":31.0,"gold_loss":0.0,"damage_taken":21.0},{"damage_healed":0.0,"max_hp_gain":0.0,"max_hp_loss":0.0,"gold_gain":0.0,"event_name":"Tomb of Lord Red Mask","player_choice":"Ignored","floor":37.0,"gold_loss":0.0,"damage_taken":0.0}],"is_beta":false,"boss_relics":[{"not_picked":["Ring of the Serpent","Astrolabe"],"picked":"Velvet Choker"},{"not_picked":["Tiny House","WristBlade"],"picked":"Empty Cage"}],"items_purged_floors":[13,21,53],"is_endless":false,"potions_floor_spawned":[1,3,14,22,23,25,27,33,35,38,45,47,54],"killed_by":"The Heart","ascension_level":5}}