{"host":"ga4s3hj9m6nkn6gp","time":1613239934,"event":{"mods":["AchievementEnabler","BaseMod","Bestiary","Colored Powertips","Highlight Path","Minty Spire (QoL Compilation)","Relic Stats","everything is the same but u backflip on backflip"],"gold_per_floor":[109,109,109,125,105,105,140,160,209,209,248,248,248,271,271,271,271],"floor_reached":16,"language":"ENG","playtime":505,"items_purged":[],"score":216,"play_id":"a59c8b3f-afc7-441b-b34a-6483d76b0c87","local_time":"20210213191214","is_ascension_mode":true,"campfire_choices":[{"data":"Noxious Fumes","floor":6,"key":"SMITH"},{"data":"Sucker Punch","floor":10,"key":"SMITH"},{"data":"Blade Dance","floor":15,"key":"SMITH"}],"circlet_count":0,"master_deck":["AscendersBane","Strike_G","Strike_G","Strike_G","Defend_G","Defend_G","Defend_G","Defend_G","Defend_G","Survivor","Neutralize","Dagger Throw","Noxious Fumes+1","Sucker Punch+1","Blade Dance+1","Backstab"],"relics":["Ring of the Snake","Golden Idol","Akabeko","Boot","Dead Branch"],"acts_visited":["Exordium"],"potions_floor_usage":[7,11],"damage_taken":[{"damage":4,"enemies":"Cultist","floor":1,"turns":4},{"damage":1,"enemies":"Small Slimes","floor":4,"turns":4},{"damage":48,"enemies":"Gremlin Nob","floor":7,"turns":5},{"damage":0,"enemies":"2 Louse","floor":8,"turns":2},{"damage":22,"enemies":"Lagavulin","floor":11,"turns":7},{"damage":2,"enemies":"Lots of Slimes","floor":14,"turns":4},{"damage":13,"enemies":"Slime Boss","floor":16,"turns":4}],"seed_played":"3062582896990615703","potions_obtained":[{"floor":1,"key":"PowerPotion"},{"floor":4,"key":"LiquidBronze"},{"floor":5,"key":"FairyPotion"},{"floor":8,"key":"Fire Potion"}],"is_trial":false,"path_per_floor":["M","?","?","M","?","R","E","M","T","R","E","?","?","M","R","B"],"character_chosen":"THE_SILENT","items_purchased":[],"campfire_rested":0,"item_purchase_floors":[],"current_hp_per_floor":[61,61,61,60,60,60,12,12,12,12,19,12,12,10,10,0,0],"gold":271,"neow_bonus":"TEN_PERCENT_HP_BONUS","is_daily":false,"chose_seed":false,"campfire_upgraded":3,"win_rate":0.0,"timestamp":1613239934,"path_taken":["M","?","?","M","?","R","E","?","T","R","E","?","?","M","R","BOSS"],"items_purchased_type":[],"build_version":"2020-12-22","purchased_purges":0,"victory":false,"max_hp_per_floor":[72,65,65,65,65,65,65,65,65,65,65,65,65,65,65,65,65],"relic_stats":{"counters":[7,30],"Golden Idol":27,"Dead Branch":[14],"Boot":[34],"obtain_stats":[{"Golden Idol":2,"Dead Branch":11,"Boot":9,"Akabeko":7,"Ring of the Snake":0},{"Golden Idol":1,"Dead Branch":5,"Boot":4,"Akabeko":3,"Ring of the Snake":0},{"Golden Idol":4,"Dead Branch":22,"Boot":15,"Akabeko":13,"Ring of the Snake":0}],"Ring of the Snake":[14]},"card_choices":[{"not_picked":["Concentrate","Flying Knee"],"picked":"Dagger Throw","floor":1},{"not_picked":["Blur","Backflip"],"picked":"Sucker Punch","floor":4},{"not_picked":["Poisoned Stab","Malaise"],"picked":"Blade Dance","floor":7},{"not_picked":["Poisoned Stab","Setup","Tactician"],"picked":"SKIP","floor":8},{"not_picked":["Bane","Prepared","All Out Attack"],"picked":"SKIP","floor":11},{"not_picked":["Dodge and Roll","Unload"],"picked":"Backstab","floor":14}],"player_experience":772025,"relics_obtained":[{"floor":7,"key":"Akabeko"},{"floor":9,"key":"Boot"},{"floor":11,"key":"Dead Branch"}],"event_choices":[{"damage_healed":0,"gold_gain":0,"player_choice":"Lose Max HP","damage_taken":0,"relics_obtained":["Golden Idol"],"max_hp_gain":0,"max_hp_loss":7,"event_name":"Golden Idol","floor":2,"gold_loss":0},{"damage_healed":0,"gold_gain":0,"cards_transformed":["Strike_G"],"player_choice":"Change","damage_taken":0,"max_hp_gain":0,"max_hp_loss":0,"event_name":"Living Wall","floor":3,"gold_loss":0,"cards_obtained":["Noxious Fumes"]},{"damage_healed":0,"gold_gain":0,"player_choice":"Bought 1 Potion","damage_taken":0,"max_hp_gain":0,"max_hp_loss":0,"event_name":"The Woman in Blue","floor":5,"gold_loss":0},{"cards_removed":["Strike_G"],"damage_healed":0,"gold_gain":0,"player_choice":"Card Removal","damage_taken":7,"max_hp_gain":0,"max_hp_loss":0,"event_name":"Golden Wing","floor":12,"gold_loss":0},{"damage_healed":0,"gold_gain":0,"player_choice":"Ignored","damage_taken":0,"max_hp_gain":0,"max_hp_loss":0,"event_name":"Shining Light","floor":13,"gold_loss":0}],"is_beta":false,"boss_relics":[],"items_purged_floors":[],"is_endless":false,"potions_floor_spawned":[1,4,8],"killed_by":"Slime Boss","ascension_level":20}}