{"host":"rmt60uil2jppa14k","time":1613254630,"event":{"mods":["AchievementEnabler","BaseMod","Better Third Choice","Colored Powertips","Downfall","Highlight Path","Minty Spire (QoL Compilation)","Quick Restart","Rare Cards Sparkle","Shop Mod","StSLib"],"gold_per_floor":[112,112,128,128,128,128,152,166,216,216,241,256,63,79,79,204,204,225,70,70,84,103,103,103,103],"floor_reached":24,"language":"ENG","playtime":21566,"items_purged":["Injury"],"score":190,"play_id":"f061d88b-012d-4919-b5cf-37f47fc6036a","local_time":"20210213221710","is_ascension_mode":false,"campfire_choices":[{"floor":6,"key":"REST"},{"floor":15,"key":"REST"},{"floor":23,"key":"REST"}],"circlet_count":0,"master_deck":["Strike_B","Strike_B","Strike_B","Strike_B","Defend_B+1","Defend_B","Defend_B+1","Defend_B","Zap","Dualcast","Aggregate","Hello World","Stack","Electrodynamics","Conserve Battery","Sunder","Static Discharge","Leap","Turbo","Ball Lightning","Conserve Battery","FTL","Sweeping Beam","Multi-Cast","Genetic Algorithm+1","Double Energy","Turbo","Beam Cell","Auto Shields+1"],"relics":["Cracked Core","Golden Idol","Happy Flower","Orrery"],"acts_visited":["Exordium","TheCity"],"potions_floor_usage":[7,16,22],"damage_taken":[{"damage":7,"enemies":"Small Slimes","floor":1,"turns":3},{"damage":8,"enemies":"Jaw Worm","floor":3,"turns":3},{"damage":6,"enemies":"Cultist","floor":7,"turns":3},{"damage":10,"enemies":"Looter","floor":8,"turns":3},{"damage":14,"enemies":"2 Fungi Beasts","floor":11,"turns":3},{"damage":10,"enemies":"3 Louse","floor":12,"turns":2},{"damage":0,"enemies":"Exordium Thugs","floor":14,"turns":4},{"damage":17,"enemies":"Hexaghost","floor":16,"turns":8},{"damage":33,"enemies":"2 Thieves","floor":18,"turns":3},{"damage":41,"enemies":"Shell Parasite","floor":21,"turns":7},{"damage":18,"enemies":"Centurion and Healer","floor":22,"turns":8},{"damage":41,"enemies":"Book of Stabbing","floor":24,"turns":5}],"seed_played":"-6412506594580810051","potions_obtained":[{"floor":1,"key":"EssenceOfDarkness"},{"floor":3,"key":"bronze:BurnAndBuffPotion"},{"floor":7,"key":"FocusPotion"},{"floor":18,"key":"sneckomod:MuddlingPotion"}],"is_trial":false,"path_per_floor":["M","?","M","?","?","R","M","M","T","?","M","M","$","M","R","B",null,"M","$","?","M","M","R","E"],"character_chosen":"DEFECT","items_purchased":["Static Discharge","Orrery","Double Energy","Turbo"],"campfire_rested":3,"item_purchase_floors":[13,13,19,19],"current_hp_per_floor":[75,75,67,67,51,75,69,59,59,59,45,35,35,35,59,42,82,49,49,76,35,17,41,0,0],"gold":103,"neow_bonus":"TEN_PERCENT_HP_BONUS","is_daily":false,"chose_seed":false,"campfire_upgraded":0,"win_rate":0.0,"timestamp":1613254630,"path_taken":["M","?","M","?","?","R","M","?","T","?","M","?","$","M","R","BOSS","M","$","?","M","M","R","E"],"items_purchased_type":["Card","Relic","Card","Card"],"build_version":"2020-12-22","purchased_purges":1,"victory":false,"max_hp_per_floor":[82,82,82,82,82,82,82,82,82,82,82,82,82,82,82,82,82,82,82,82,82,82,82,82,82],"card_choices":[{"not_picked":["Reprogram","Leap"],"picked":"Aggregate","floor":1},{"not_picked":["Aggregate","Hologram"],"picked":"Hello World","floor":3},{"not_picked":["Hologram","Go for the Eyes"],"picked":"Stack","floor":7},{"not_picked":["FTL","Rebound"],"picked":"Electrodynamics","floor":8},{"not_picked":["Barrage","Skim"],"picked":"Conserve Battery","floor":11},{"not_picked":["Coolheaded","Gash"],"picked":"Sunder","floor":12},{"not_picked":["Echo Form","Gash"],"picked":"Leap","floor":13},{"not_picked":["Steam","Sweeping Beam"],"picked":"Turbo","floor":13},{"not_picked":["Barrage","Heatsinks"],"picked":"Ball Lightning","floor":13},{"not_picked":["Leap","Echo Form"],"picked":"Conserve Battery","floor":13},{"not_picked":["Recycle","Streamline"],"picked":"FTL","floor":13},{"not_picked":["Rip and Tear","Leap"],"picked":"Sweeping Beam","floor":14},{"not_picked":["Meteor Strike","Machine Learning"],"picked":"Multi-Cast","floor":16},{"not_picked":["Blizzard+1","Lockon"],"picked":"Genetic Algorithm+1","floor":18},{"not_picked":["Hologram","Sweeping Beam"],"picked":"Beam Cell","floor":21},{"not_picked":["Leap","Compile Driver"],"picked":"Auto Shields+1","floor":22}],"player_experience":180222,"relics_obtained":[{"floor":9,"key":"Happy Flower"}],"event_choices":[{"damage_healed":0,"gold_gain":0,"player_choice":"Ignored","damage_taken":112,"max_hp_gain":0,"max_hp_loss":0,"event_name":"betterThird:BetterSerpent","floor":2,"gold_loss":0},{"damage_healed":0,"gold_gain":0,"player_choice":"Take Wound","damage_taken":0,"relics_obtained":["Golden Idol"],"max_hp_gain":0,"max_hp_loss":0,"event_name":"Golden Idol","floor":4,"gold_loss":0,"cards_obtained":["Injury"]},{"damage_healed":67,"gold_gain":0,"player_choice":"Upgrade","damage_taken":16,"max_hp_gain":0,"max_hp_loss":82,"event_name":"betterThird:BetterShining","floor":5,"gold_loss":0,"cards_upgraded":["Defend_B","Defend_B"]},{"damage_healed":0,"gold_gain":0,"player_choice":"0 cards matched","damage_taken":0,"max_hp_gain":0,"max_hp_loss":0,"event_name":"Match and Keep!","floor":10,"gold_loss":0,"cards_obtained":[]},{"damage_healed":27,"gold_gain":0,"player_choice":"Heal","damage_taken":0,"max_hp_gain":0,"max_hp_loss":0,"event_name":"The Library","floor":20,"gold_loss":0}],"is_beta":false,"boss_relics":[{"not_picked":["Runic Pyramid","Ectoplasm","Runic Dome"]}],"items_purged_floors":[19],"is_endless":false,"potions_floor_spawned":[1,3,7,18],"killed_by":"Book of Stabbing","ascension_level":0}}