{"host":"18wi9kpcl4eah7pe","time":1613229722,"event":{"mods":["BaseMod","Colored Powertips","Downfall","Minty Spire (QoL Compilation)","StSLib"],"gold_per_floor":[99,99,99,199,199,199,278,278,278,311,139,149,49,81,113,125,125,125],"floor_reached":16,"language":"ENG","playtime":536,"items_purged":[],"score":135,"play_id":"9b63522f-415a-4cd2-9b10-06f7d1c046d8","local_time":"20210213092202","is_ascension_mode":true,"campfire_choices":[{"floor":1.0,"key":"RECALL"},{"floor":13.0,"key":"REST"}],"circlet_count":0,"master_deck":["bronze:Strike","bronze:Strike+1","bronze:Strike","bronze:Strike","bronze:Defend","bronze:Defend","bronze:Defend","bronze:Defend+1","bronze:Replicate","bronze:Goto","bronze:Overheat+1","bronze:FollowUp","downfall:Malfunctioning","bronze:OilSpill","Regret","bronze:BuggyMess","bronze:Frontload","bronze:Break","bronze:Shield","bronze:Branch"],"relics":["bronze:BronzeCore","downfall:HeartsMalice","Blood Vial","Anchor","bronze:BronzeIdol","downfall:HeartBlessingRed","MawBank"],"acts_visited":["Exordium"],"potions_floor_usage":[16],"damage_taken":[{"damage":0.0,"enemies":"Jaw Worm","floor":2.0,"turns":1.0},{"damage":0.0,"enemies":"downfall:FleeingMerchant","floor":3.0,"turns":1.0},{"damage":0.0,"enemies":"2 Louse","floor":6.0,"turns":1.0},{"damage":26.0,"enemies":"3 Sentries","floor":10.0,"turns":8.0},{"damage":6.0,"enemies":"downfall:FleeingMerchant","floor":11.0,"turns":4.0},{"damage":10.0,"enemies":"Small Slimes","floor":12.0,"turns":6.0},{"damage":24.0,"enemies":"Lagavulin","floor":14.0,"turns":6.0},{"damage":19.0,"enemies":"Exordium Wildlife","floor":15.0,"turns":7.0},{"damage":26,"enemies":"WA_ARCHETYPE_RETAIN","floor":16,"turns":7}],"seed_played":"-6104414828470969011","potions_obtained":[{"floor":12.0,"key":"Regen Potion"},{"floor":14.0,"key":"PowerPotion"}],"is_trial":false,"path_per_floor":["R","M","$","?","?","M","T","?","?","E","$","M","R","E","M","B"],"character_chosen":"THE_AUTOMATON","items_purchased":["bronze:BronzeIdol"],"campfire_rested":1,"item_purchase_floors":[11],"current_hp_per_floor":[63,63,63,63,63,63,63,63,63,39,35,27,48,41,24,0,0,0],"gold":125,"neow_bonus":"THREE_ENEMY_KILL","is_daily":false,"chose_seed":false,"campfire_upgraded":0,"win_rate":0.0,"timestamp":1613229722,"path_taken":["R","M","$","?","?","M","T","?","?","E","$","M","R","E","M","BOSS"],"items_purchased_type":["Relic"],"build_version":"2020-12-22","purchased_purges":0,"victory":false,"max_hp_per_floor":[70,70,70,70,70,70,70,70,70,70,70,70,70,70,70,70,70,70],"card_choices":[{"not_picked":["bronze:Separator","bronze:WhirlingStrike"],"picked":"bronze:Overheat","floor":2.0},{"not_picked":["bronze:Invalidate","bronze:ChildClass"],"picked":"bronze:FollowUp","floor":3.0},{"not_picked":["bronze:InfiniteBeams","bronze:BitShift"],"picked":"bronze:OilSpill","floor":6.0},{"not_picked":["bronze:Branch","bronze:BitShift"],"picked":"bronze:BuggyMess","floor":10.0},{"not_picked":["bronze:CutThrough","bronze:Return"],"picked":"bronze:Frontload","floor":11.0},{"not_picked":["bronze:Turbo","bronze:DigitalCarnage"],"picked":"bronze:Break","floor":12.0},{"not_picked":["bronze:Refactor","bronze:Frontload"],"picked":"bronze:Shield","floor":14.0},{"not_picked":["bronze:Frontload","bronze:BugBarrage"],"picked":"bronze:Branch","floor":15.0}],"player_experience":1027411,"relics_obtained":[{"floor":10.0,"key":"Anchor"},{"floor":14.0,"key":"MawBank"}],"event_choices":[{"damage_healed":0.0,"max_hp_gain":0.0,"max_hp_loss":0.0,"gold_gain":0.0,"event_name":"Big Fish","player_choice":"Box","floor":8.0,"gold_loss":0.0,"damage_taken":0.0,"relics_obtained":["Blood Vial"],"cards_obtained":["Regret"]}],"is_beta":false,"boss_relics":[],"items_purged_floors":[],"is_endless":false,"potions_floor_spawned":[12,14],"killed_by":"WA_ARCHETYPE_RETAIN","ascension_level":6}}