{"host":"rolltorest","time":1613184172,"event":{"mods":["BaseMod","Minty Spire (QoL Compilation)","Relic Stats","Slay the Relics Exporter","StSLib"],"gold_per_floor":[112,112,129,51,71,102,377,377,377],"floor_reached":8,"language":"ENG","playtime":184,"items_purged":[],"score":112,"play_id":"383240f7-9b85-473c-b4e6-f7120a2671e5","local_time":"20210212184252","is_ascension_mode":true,"campfire_choices":[],"circlet_count":0,"master_deck":["AscendersBane","Strike_B","Strike_B","Strike_B","Strike_B","Defend_B","Defend_B","Defend_B","Defend_B","Zap","Dualcast","Skim","Lockon","Glacier","Regret"],"relics":["Busted Crown","Darkstone Periapt","Boot"],"acts_visited":["Exordium"],"potions_floor_usage":[],"damage_taken":[{"damage":4,"enemies":"Jaw Worm","floor":1,"turns":4},{"damage":4,"enemies":"2 Louse","floor":3,"turns":3},{"damage":1,"enemies":"Cultist","floor":5,"turns":4},{"damage":15,"enemies":"Lagavulin","floor":6,"turns":8},{"damage":26,"enemies":"Gremlin Nob","floor":8,"turns":4}],"seed_played":"-5206286593841758240","potions_obtained":[{"floor":1,"key":"DuplicationPotion"},{"floor":5,"key":"Energy Potion"}],"is_trial":false,"path_per_floor":["M","?","M","$","M","E","?","E"],"character_chosen":"DEFECT","items_purchased":["Glacier"],"campfire_rested":0,"item_purchase_floors":[4],"current_hp_per_floor":[60,55,51,51,50,35,41,15,15],"gold":377,"neow_bonus":"BOSS_RELIC","is_daily":false,"chose_seed":false,"campfire_upgraded":0,"win_rate":0.0,"timestamp":1613184172,"path_taken":["M","?","M","$","M","E","?","E"],"items_purchased_type":["Card"],"build_version":"2020-12-18","purchased_purges":0,"victory":false,"max_hp_per_floor":[71,71,71,71,71,71,77,77,77],"relic_stats":{"Darkstone Periapt":6,"Busted Crown":8,"counters":[5,23],"Boot":[0],"obtain_stats":[{"Darkstone Periapt":2,"Busted Crown":0,"Cracked Core":0,"Boot":6},{"Darkstone Periapt":1,"Busted Crown":0,"Cracked Core":0,"Boot":4},{"Darkstone Periapt":4,"Busted Crown":0,"Cracked Core":0,"Boot":19}]},"card_choices":[{"not_picked":[],"picked":"Skim","floor":1},{"not_picked":[],"picked":"Lockon","floor":3},{"not_picked":["Reprogram"],"picked":"SKIP","floor":5},{"not_picked":["Beam Cell"],"picked":"SKIP","floor":6}],"player_experience":1967690,"relics_obtained":[{"floor":6,"key":"Boot"}],"event_choices":[{"damage_healed":0,"gold_gain":0,"player_choice":"Success","damage_taken":5,"relics_obtained":["Darkstone Periapt"],"max_hp_gain":0,"max_hp_loss":0,"event_name":"Scrap Ooze","floor":2,"gold_loss":0},{"damage_healed":0,"gold_gain":275,"player_choice":"Desecrate","damage_taken":0,"max_hp_gain":0,"max_hp_loss":0,"event_name":"Golden Shrine","floor":7,"gold_loss":0,"cards_obtained":["Regret"]}],"is_beta":true,"boss_relics":[],"items_purged_floors":[],"is_endless":false,"potions_floor_spawned":[1,5],"killed_by":"Gremlin Nob","ascension_level":20}}