{"host":"p8bnstsjdxjza4jm","time":1613255403,"event":{"mods":["BaseMod","Colored Powertips","Marisa£¨Ùöéë¡¡Øª×âÞÞ£©","Minty Spire (QoL Compilation)","Quick Restart","StSLib","Together in Spire"],"gold_per_floor":[112,112,187,287,312,353,372,149,149,149,149],"floor_reached":10,"language":"KOR","playtime":146,"items_purged":["Strike_R"],"score":105,"play_id":"4db43b84-3156-4927-a3d5-c343c71b92d6","local_time":"20210214073003","is_ascension_mode":true,"campfire_choices":[],"circlet_count":0,"master_deck":["Strike_R","Strike_R","Strike_R","Strike_R","Defend_R","Defend_R","Defend_R","Defend_R","Bash","Dropkick","Body Slam","Rupture"],"relics":["Burning Blood","NeowsBlessing","Golden Idol","Eternal Feather","Lantern","Blood Vial"],"acts_visited":["Exordium"],"potions_floor_usage":[],"damage_taken":[{"damage":0,"enemies":"2 Louse","floor":1,"turns":1},{"damage":0,"enemies":"Small Slimes","floor":5,"turns":1},{"damage":0,"enemies":"Gremlin Nob","floor":6,"turns":1},{"damage":6,"enemies":"Cultist","floor":7,"turns":3},{"damage":0,"enemies":"Lagavulin","floor":10,"turns":1}],"seed_played":"7733346230170544510","potions_obtained":[{"floor":1,"key":"Strength Potion"}],"is_trial":false,"path_per_floor":["M","?","?","?","M","E","M","$","T","E"],"character_chosen":"IRONCLAD","items_purchased":["Lantern"],"campfire_rested":0,"item_purchase_floors":[8],"current_hp_per_floor":[80,60,49,49,55,61,61,61,61,63,63],"gold":149,"neow_bonus":"THREE_ENEMY_KILL","is_daily":false,"chose_seed":false,"campfire_upgraded":0,"win_rate":0.0,"timestamp":1613255403,"path_taken":["M","?","?","?","?","E","M","$","T","E"],"items_purchased_type":["Relic"],"build_version":"2020-12-22","purchased_purges":1,"victory":false,"max_hp_per_floor":[80,80,80,80,80,80,80,80,80,80,80],"card_choices":[{"not_picked":["Havoc","Headbutt"],"picked":"Dropkick","floor":1},{"not_picked":["Clothesline","Havoc"],"picked":"Body Slam","floor":5},{"not_picked":["Power Through","Perfected Strike","Whirlwind"],"picked":"SKIP","floor":6},{"not_picked":["Impervious","Flex"],"picked":"Rupture","floor":7}],"player_experience":103810,"relics_obtained":[{"floor":6,"key":"Eternal Feather"},{"floor":9,"key":"Blood Vial"}],"event_choices":[{"damage_healed":0,"gold_gain":0,"player_choice":"Take Damage","damage_taken":20,"relics_obtained":["Golden Idol"],"max_hp_gain":0,"max_hp_loss":0,"event_name":"Golden Idol","floor":2,"gold_loss":0},{"damage_healed":0,"gold_gain":75,"player_choice":"Gather Gold","damage_taken":11,"max_hp_gain":0,"max_hp_loss":0,"event_name":"World of Goop","floor":3,"gold_loss":0},{"damage_healed":0,"gold_gain":100,"player_choice":"Pray","damage_taken":0,"max_hp_gain":0,"max_hp_loss":0,"event_name":"Golden Shrine","floor":4,"gold_loss":0}],"is_beta":false,"boss_relics":[],"items_purged_floors":[8],"is_endless":false,"potions_floor_spawned":[1],"killed_by":"Lagavulin","ascension_level":3}}