{"host":"onfdonezo2qmaex3","time":1613227344,"event":{"mods":["2.2 Compatiblity","AchievementEnabler","Act Like it!","Aspiration","BaseMod","Colored Powertips","Downfall","Friendly Minions","Gensokyo","Hallownest","Hermit","Highlight Path","Jorbs\u0027s Wanderer Trilogy","Marisa????????","Marked Mod","Minty Spire (QoL Compilation)","Quick Restart","Reliquary","Shop Mod","StSLib","The Disciple","The Hayseed","The Marked","The Runesmith"],"gold_per_floor":[111,111,42,42,142,175,175,186,186,204,234,245,43,76,76,181,181,401,446,463,463,413,413,441,441,441,86,46,46,66,100,100,198,248,268,313,336,350,364,395,395,56,105,137,137,137,153,153,153,153,153,153,78,103,103],"floor_reached":56,"language":"ENG","playtime":3524,"items_purged":["Strike_G"],"score":1481,"play_id":"45fff17b-0745-4238-9386-2cc857a77354","local_time":"20210213154224","is_ascension_mode":true,"campfire_choices":[{"data":"Accuracy","floor":7.0,"key":"SMITH"},{"data":"Infinite Blades","floor":15.0,"key":"SMITH"},{"data":"Accuracy","floor":23.0,"key":"SMITH"},{"floor":25,"key":"RECALL"},{"data":"Escape Plan","floor":29,"key":"SMITH"},{"data":"Phantasmal Killer","floor":32,"key":"SMITH"},{"data":"Cloak And Dagger","floor":41,"key":"SMITH"},{"data":"Master of Strategy","floor":46,"key":"SMITH"},{"data":"Neutralize","floor":49,"key":"SMITH"},{"data":"Survivor","floor":52,"key":"SMITH"}],"circlet_count":0,"master_deck":["Strike_G","Strike_G+1","Strike_G","Strike_G","Defend_G","Defend_G+1","Defend_G","Defend_G","Defend_G","Survivor+1","Neutralize+1","Cloak And Dagger+1","Accuracy+1","Infinite Blades+1","Accuracy+1","Die Die Die+1","Escape Plan+1","Blade Dance+1","Phantasmal Killer+1","Storm of Steel+1","Cloak And Dagger+1","Infinite Blades+1","Master of Strategy+1","Noxious Fumes+1","Venomology"],"relics":["Ring of the Serpent","NeowsBlessing","MealTicket","Runesmith:Nanobots","aspiration:FrozenJewel","reliquary:Bookmark","Centennial Puzzle","aspiration:Lifesprig","Ornamental Fan","Runesmith:AutoHammer","Gremlin Horn","Guardian:BottledAnomaly","Regal Pillow","reliquary:Boomerang","Gensokyo:Companionship","Tiny House","WingedGreaves","champ:DeflectingBracers","HornCleat","HandDrill","Nunchaku","War Paint","Blue Candle","reliquary:SilkGlove"],"acts_visited":["Gensokyo:Gensokyo","Gensokyo:Gensokyoer","TheBeyond","TheEnding"],"potions_floor_usage":[31,31,33,39,40,50,54,55,55,55,55,55,55],"damage_taken":[{"damage":0.0,"enemies":"Gensokyo:2_Kodama","floor":1.0,"turns":1.0},{"damage":0.0,"enemies":"Gensokyo:Cirno","floor":6.0,"turns":2.0},{"damage":0.0,"enemies":"Gensokyo:Python","floor":8.0,"turns":1.0},{"damage":0.0,"enemies":"Gensokyo:Gryphon","floor":10.0,"turns":3.0},{"damage":0.0,"enemies":"Gensokyo:Mamizou","floor":11.0,"turns":8.0},{"damage":0.0,"enemies":"Gensokyo:LivingMonolith","floor":12.0,"turns":3.0},{"damage":2.0,"enemies":"Gensokyo:Aya","floor":14.0,"turns":6.0},{"damage":14.0,"enemies":"Gensokyo:Kokoro","floor":16.0,"turns":10.0},{"damage":0.0,"enemies":"Gensokyo:2_Gloops","floor":18.0,"turns":4.0},{"damage":15.0,"enemies":"Gensokyo:3_Dogs","floor":20.0,"turns":4.0},{"damage":12,"enemies":"Gensokyo:Reisen","floor":24,"turns":6},{"damage":13,"enemies":"Gensokyo:Wraith","floor":30,"turns":5},{"damage":0,"enemies":"Gensokyo:Tenshi","floor":31,"turns":5},{"damage":15,"enemies":"Gensokyo:Eternal_Rivals","floor":33,"turns":7},{"damage":0,"enemies":"3 Shapes","floor":35,"turns":3},{"damage":14,"enemies":"2 Orb Walkers","floor":36,"turns":3},{"damage":1,"enemies":"3 Darklings","floor":38,"turns":3},{"damage":0,"enemies":"Jaw Worm Horde","floor":39,"turns":5},{"damage":0,"enemies":"Nemesis","floor":40,"turns":3},{"damage":0,"enemies":"Giant Head","floor":44,"turns":4},{"damage":7,"enemies":"Sphere and 2 Shapes","floor":47,"turns":2},{"damage":8,"enemies":"Time Eater","floor":50,"turns":4},{"damage":18,"enemies":"Shield and Spear","floor":54,"turns":4},{"damage":57,"enemies":"The Heart","floor":55,"turns":7}],"seed_played":"-2473275789208952449","potions_obtained":[{"floor":6.0,"key":"DistilledChaos"},{"floor":10.0,"key":"AttackPotion"},{"floor":12.0,"key":"ColorlessPotion"},{"floor":16.0,"key":"GamblersBrew"},{"floor":18.0,"key":"LiquidMemories"},{"floor":24,"key":"BlessingOfTheForge"},{"floor":30,"key":"SpeedPotion"},{"floor":33,"key":"GhostInAJar"},{"floor":34,"key":"Explosive Potion"},{"floor":36,"key":"Energy Potion"},{"floor":39,"key":"hexamod:SoulburnPotion"},{"floor":44,"key":"AttackPotion"},{"floor":54,"key":"EntropicBrew"}],"is_trial":false,"path_per_floor":["M","?","$","?","?","E","R","M","T","M","E","M","COS","E","R","B",null,"M","T","M","?","?","R","E","R","T","COS","?","R","M","E","R","B",null,"M","?","T","M","M","E","R","$","T","E","?","R","M","?","R","B",null,"R","$","E","B",null],"character_chosen":"THE_SILENT","items_purchased":["Accuracy","Master of Strategy","HandDrill"],"campfire_rested":0,"item_purchase_floors":[3,42,42],"current_hp_per_floor":[70,70,70,56,56,56,56,56,56,56,56,56,56,54,54,40,70,70,70,55,55,62,62,50,50,50,50,50,50,37,37,37,22,77,77,63,63,62,62,62,62,77,77,77,72,72,65,65,65,57,77,77,77,59,2],"gold":103,"neow_bonus":"THREE_ENEMY_KILL","is_daily":false,"chose_seed":false,"campfire_upgraded":9,"win_rate":0.0,"timestamp":1613227344,"path_taken":["M","?","?","?","?","E","R","?","T","M","E","M","COS","E","R","BOSS","M","?","M","?","?","R","E","R","T","COS","?","R","?","E","R","BOSS","M","?","?","?","M","E","R","$","T","E","?","R","M","?","R","BOSS","R","$","E","BOSS"],"items_purchased_type":["Card","Card","Relic"],"build_version":"2020-12-22","purchased_purges":1,"victory":true,"max_hp_per_floor":[70,70,70,70,70,70,70,70,70,70,70,70,70,70,70,70,70,70,70,70,65,72,72,72,72,72,72,72,72,72,72,72,72,77,77,77,77,77,77,77,77,77,77,77,77,77,77,77,77,77,77,77,77,77,77],"card_choices":[{"not_picked":["Deadly Poison","Prepared"],"picked":"Cloak And Dagger","floor":1.0},{"not_picked":["Heel Hook","Bane","Backstab"],"picked":"SKIP","floor":6.0},{"not_picked":["Sucker Punch","Heel Hook","Flechettes"],"picked":"SKIP","floor":8.0},{"not_picked":["Sucker Punch","Distraction"],"picked":"Infinite Blades","floor":10.0},{"not_picked":["Bouncing Flask","Flechettes","Predator"],"picked":"SKIP","floor":11.0},{"not_picked":["Underhanded Strike","Predator","Quick Slash"],"picked":"SKIP","floor":12.0},{"not_picked":["Sucker Punch","Slice"],"picked":"Accuracy","floor":14.0},{"not_picked":["Corpse Explosion","Unload"],"picked":"Die Die Die","floor":16.0},{"not_picked":["Quick Slash","Finisher","Prepared"],"picked":"SKIP","floor":18.0},{"not_picked":["Dagger Throw","Underhanded Strike+1"],"picked":"Escape Plan","floor":20.0},{"not_picked":["Prepared+1","Underhanded Strike"],"picked":"Blade Dance+1","floor":24},{"not_picked":["Noxious Fumes","Crippling Poison+1"],"picked":"Phantasmal Killer","floor":30},{"not_picked":["Deflect","Distraction","Underhanded Strike"],"picked":"SKIP","floor":31},{"not_picked":["Venomology","Night Terror"],"picked":"Storm of Steel","floor":33},{"not_picked":["Expertise+1","Leg Sweep"],"picked":"Cloak And Dagger","floor":34},{"not_picked":["Deadly Poison+1","Flying Knee+1","Quick Slash+1"],"picked":"SKIP","floor":35},{"not_picked":["Quick Slash+1","PiercingWail","Dodge and Roll"],"picked":"SKIP","floor":38},{"not_picked":["Underhanded Strike","Expertise+1","Prepared"],"picked":"SKIP","floor":39},{"not_picked":["Finisher+1","Dagger Spray"],"picked":"Infinite Blades+1","floor":40},{"not_picked":["Riddle With Holes+1","Dagger Throw","Bane"],"picked":"SKIP","floor":44},{"not_picked":["Deflect","Flying Knee+1"],"picked":"Noxious Fumes+1","floor":47},{"not_picked":["Dagger Spray+1","Underhanded Strike+1"],"picked":"Venomology","floor":54}],"player_experience":175734,"relics_obtained":[{"floor":6.0,"key":"Runesmith:Nanobots"},{"floor":11.0,"key":"aspiration:FrozenJewel"},{"floor":14.0,"key":"Centennial Puzzle"},{"floor":24,"key":"Runesmith:AutoHammer"},{"floor":26,"key":"Gremlin Horn"},{"floor":31,"key":"reliquary:Boomerang"},{"floor":36,"key":"champ:DeflectingBracers"},{"floor":37,"key":"reliquary:FerryPass"},{"floor":40,"key":"HornCleat"},{"floor":43,"key":"Nunchaku"},{"floor":44,"key":"War Paint"},{"floor":54,"key":"reliquary:SilkGlove"}],"event_choices":[{"damage_healed":0,"gold_gain":0,"player_choice":"Fight","damage_taken":0,"max_hp_gain":0,"max_hp_loss":0,"event_name":"Mysterious Sphere","floor":36,"gold_loss":0},{"damage_healed":0,"gold_gain":0,"player_choice":"0 cards matched","damage_taken":0,"max_hp_gain":0,"max_hp_loss":0,"event_name":"Match and Keep!","floor":48,"gold_loss":0,"cards_obtained":[]}],"is_beta":false,"boss_relics":[{"not_picked":["SacredBark","Runic Dome"],"picked":"Ring of the Serpent"},{"not_picked":["Cursed Key","Velvet Choker"],"picked":"Tiny House"}],"items_purged_floors":[53],"is_endless":false,"potions_floor_spawned":[6,10,12,16,18,24,30,33,36,39,44,54],"ascension_level":2}}