{"host":"qp7xs8nuzfsyommi","time":1613246688,"event":{"mods":["2.2 Compatiblity","BaseMod","Colored Powertips","DeckTracker","Highlight Path","Minty Spire (QoL Compilation)","Permanent Neow","Quick Restart","StSLib"],"gold_per_floor":[111,127,146,166,186,218,218,244,319,319,319,319,81,81,81,81,81],"floor_reached":16,"language":"ENG","playtime":541,"items_purged":["Defend_B"],"score":220,"play_id":"d4bd76f7-2d36-4791-94a5-b4f50dd4a9ab","local_time":"20210213150448","is_ascension_mode":true,"campfire_choices":[{"data":"Sunder","floor":7,"key":"SMITH"},{"data":"Turbo","floor":10,"key":"SMITH"},{"floor":15,"key":"REST"}],"circlet_count":0,"master_deck":["AscendersBane","Strike_B","Defend_B","Defend_B+1","Defend_B","Zap","Dualcast","Chaos+1","Electrodynamics+1","Fission+1","Compile Driver","Sunder+1","Doom and Gloom","Turbo+1","Melter+1","Stack"],"relics":["Astrolabe","Eternal Feather","Shuriken","Kunai","Du-Vu Doll","Art of War","Golden Idol"],"acts_visited":["Exordium"],"potions_floor_usage":[8],"damage_taken":[{"damage":2,"enemies":"Jaw Worm","floor":1,"turns":3},{"damage":4,"enemies":"Small Slimes","floor":2,"turns":3},{"damage":6,"enemies":"Cultist","floor":3,"turns":3},{"damage":0,"enemies":"Exordium Wildlife","floor":4,"turns":2},{"damage":2,"enemies":"Looter","floor":5,"turns":2},{"damage":11,"enemies":"Gremlin Nob","floor":6,"turns":3},{"damage":12,"enemies":"3 Sentries","floor":8,"turns":3},{"damage":42,"enemies":"Hexaghost","floor":16,"turns":7}],"seed_played":"-2005154668098764912","potions_obtained":[{"floor":1,"key":"Fire Potion"},{"floor":4,"key":"CultistPotion"}],"is_trial":false,"path_per_floor":["M","M","M","M","M","E","R","E","T","R","?","?","$","?","R","B"],"character_chosen":"DEFECT","items_purchased":["Art of War"],"campfire_rested":1,"item_purchase_floors":[13],"current_hp_per_floor":[62,58,52,52,50,39,48,36,36,45,27,6,6,6,34,0,0],"gold":81,"neow_bonus":"BOSS_RELIC","is_daily":false,"chose_seed":false,"campfire_upgraded":2,"win_rate":0.0,"timestamp":1613246688,"path_taken":["M","M","M","M","M","E","R","E","T","R","?","?","$","?","R","BOSS"],"items_purchased_type":["Relic"],"build_version":"2020-12-22","purchased_purges":1,"victory":false,"max_hp_per_floor":[71,71,71,71,71,71,71,71,71,71,71,71,71,64,64,64,64],"card_choices":[{"not_picked":["Aggregate","Barrage"],"picked":"Compile Driver","floor":1},{"not_picked":["Beam Cell","Turbo"],"picked":"Sunder","floor":2},{"not_picked":["Leap","Turbo"],"picked":"Doom and Gloom","floor":3},{"not_picked":["Compile Driver","Hologram"],"picked":"Turbo","floor":4},{"not_picked":["Storm","Static Discharge","Skim"],"picked":"SKIP","floor":5},{"not_picked":["Ball Lightning","Barrage"],"picked":"Melter","floor":6},{"not_picked":["Storm","Steam"],"picked":"Stack","floor":8}],"player_experience":1898149,"relics_obtained":[{"floor":6,"key":"Eternal Feather"},{"floor":8,"key":"Shuriken"},{"floor":9,"key":"Kunai"}],"event_choices":[{"damage_healed":0,"gold_gain":0,"player_choice":"Success","damage_taken":18,"relics_obtained":["Du-Vu Doll"],"max_hp_gain":0,"max_hp_loss":0,"event_name":"Scrap Ooze","floor":11,"gold_loss":0},{"damage_healed":0,"gold_gain":0,"player_choice":"Entered Light","damage_taken":21,"max_hp_gain":0,"max_hp_loss":0,"event_name":"Shining Light","floor":12,"gold_loss":0,"cards_upgraded":["Defend_B","Melter"]},{"damage_healed":0,"gold_gain":0,"player_choice":"Lose Max HP","damage_taken":0,"relics_obtained":["Golden Idol"],"max_hp_gain":0,"max_hp_loss":7,"event_name":"Golden Idol","floor":14,"gold_loss":0}],"is_beta":false,"boss_relics":[],"items_purged_floors":[13],"is_endless":false,"potions_floor_spawned":[1,4,5],"killed_by":"Hexaghost","ascension_level":20}}