{"host":"pjgcdp3h1plnbocs","time":1613245321,"event":{"mods":["AchievementEnabler","BaseMod","Colored Map","Downfall","Highlight Path","Minty Spire (QoL Compilation)","StSLib"],"gold_per_floor":[14,32,32,50,64,91,91,91,91,110,140,140,66,100,100,199,199,217,230,250,26,39,66,66,100,100,20,20,20,31,62,62,62,62],"floor_reached":33,"language":"ENG","playtime":1457,"items_purged":["Strike_G"],"score":545,"play_id":"aecdbef0-d463-4ae5-904a-0bd2c0d37a1b","local_time":"20210213204201","is_ascension_mode":true,"campfire_choices":[{"floor":7.0,"key":"REST"},{"floor":12.0,"key":"REST"},{"data":"Deadly Poison","floor":15.0,"key":"SMITH"},{"floor":24.0,"key":"REST"},{"floor":28.0,"key":"REST"},{"floor":32,"key":"RECALL"}],"circlet_count":0,"master_deck":["AscendersBane","Strike_G","Strike_G","Strike_G","Defend_G","Defend_G+1","Defend_G","Defend_G+1","Defend_G","Survivor","Neutralize","Deadly Poison+1","Crippling Poison+1","After Image","Caltrops","Acrobatics","Deadly Poison+1","After Image","Poisoned Stab+1","Footwork"],"relics":["Ring of the Snake","Snake Skull","Juzu Bracelet","White Beast Statue","PreservedInsect","Fusion Hammer","War Paint","Tiny Chest","Kunai","Pear"],"acts_visited":["Exordium","TheCity"],"potions_floor_usage":[31,33],"damage_taken":[{"damage":3.0,"enemies":"Jaw Worm","floor":1.0,"turns":4.0},{"damage":12.0,"enemies":"Small Slimes","floor":2.0,"turns":3.0},{"damage":0.0,"enemies":"2 Louse","floor":4.0,"turns":4.0},{"damage":2.0,"enemies":"Large Slime","floor":5.0,"turns":9.0},{"damage":29.0,"enemies":"3 Sentries","floor":6.0,"turns":13.0},{"damage":0.0,"enemies":"2 Fungi Beasts","floor":10.0,"turns":4.0},{"damage":16.0,"enemies":"Lagavulin","floor":11.0,"turns":11.0},{"damage":16.0,"enemies":"3 Sentries","floor":14.0,"turns":4.0},{"damage":16.0,"enemies":"The Guardian","floor":16.0,"turns":9.0},{"damage":1.0,"enemies":"Chosen","floor":18.0,"turns":5.0},{"damage":0.0,"enemies":"Shell Parasite","floor":19.0,"turns":6.0},{"damage":13.0,"enemies":"Centurion and Healer","floor":20.0,"turns":8.0},{"damage":14.0,"enemies":"Snecko","floor":22.0,"turns":6.0},{"damage":15.0,"enemies":"Slavers","floor":23.0,"turns":6.0},{"damage":35.0,"enemies":"Gremlin Leader","floor":25.0,"turns":8.0},{"damage":12.0,"enemies":"Shelled Parasite and Fungi","floor":30.0,"turns":6.0},{"damage":13,"enemies":"Slavers","floor":31,"turns":4},{"damage":53,"enemies":"Champ","floor":33,"turns":12}],"seed_played":"-9108232343002373210","potions_obtained":[{"floor":5.0,"key":"sneckomod:MuddlingPotion"},{"floor":10.0,"key":"ColorlessPotion"},{"floor":14.0,"key":"Block Potion"},{"floor":18.0,"key":"Regen Potion"},{"floor":22.0,"key":"GamblersBrew"},{"floor":23.0,"key":"LiquidMemories"},{"floor":30.0,"key":"AttackPotion"},{"floor":31,"key":"SmokeBomb"}],"is_trial":false,"path_per_floor":["M","M","?","M","M","E","R","?","T","M","E","R","$","E","R","B",null,"M","M","M","$","M","E","R","E","T","$","R","?","M","E","R","B"],"character_chosen":"THE_SILENT","items_purchased":["Acrobatics","Deadly Poison","War Paint","Footwork"],"campfire_rested":4,"item_purchase_floors":[13,13,21,27],"current_hp_per_floor":[74,62,45,45,43,14,39,32,32,32,16,41,41,25,25,9,65,64,64,51,51,51,36,61,26,26,26,51,51,39,36,36,0,0],"gold":62,"neow_bonus":"TWENTY_PERCENT_HP_BONUS","is_daily":false,"chose_seed":false,"campfire_upgraded":1,"win_rate":0.0,"timestamp":1613245321,"path_taken":["M","M","?","M","M","E","R","?","T","M","E","R","?","E","R","BOSS","M","M","M","$","M","E","R","E","T","$","R","?","M","E","R","BOSS"],"items_purchased_type":["Card","Card","Relic","Card"],"build_version":"2020-12-22","purchased_purges":1,"victory":false,"max_hp_per_floor":[84,84,84,84,84,84,84,84,84,84,84,84,84,84,84,84,84,84,84,84,84,84,84,84,84,84,84,84,84,84,94,94,94,94],"card_choices":[{"not_picked":["Underhanded Strike","Acrobatics"],"picked":"Deadly Poison","floor":1.0},{"not_picked":["Slice","Cloak And Dagger","Tactician"],"picked":"SKIP","floor":2.0},{"not_picked":["Eviscerate","Skewer"],"picked":"Crippling Poison","floor":4.0},{"not_picked":["Cloak And Dagger","Bane","Terror"],"picked":"SKIP","floor":5.0},{"not_picked":["Concentrate","Footwork"],"picked":"After Image","floor":6.0},{"not_picked":["Crippling Poison","Sucker Punch","Cloak And Dagger"],"picked":"SKIP","floor":10.0},{"not_picked":["Reflex","Dagger Spray"],"picked":"Caltrops","floor":11.0},{"not_picked":["Cloak And Dagger","Skewer","Setup"],"picked":"SKIP","floor":14.0},{"not_picked":["Burst","Night Terror"],"picked":"After Image","floor":16.0},{"not_picked":["Deadly Poison","Quick Slash","Backstab+1"],"picked":"SKIP","floor":18.0},{"not_picked":["Finisher","Dagger Spray","Slice"],"picked":"SKIP","floor":19.0},{"not_picked":["Sucker Punch","Underhanded Strike"],"picked":"Poisoned Stab+1","floor":20.0},{"not_picked":["Cloak And Dagger","Flying Knee","Quick Slash"],"picked":"SKIP","floor":22.0},{"not_picked":["Backstab","Infinite Blades","Skewer"],"picked":"SKIP","floor":23.0},{"not_picked":["Terror+1","Skewer","Flechettes"],"picked":"SKIP","floor":25.0},{"not_picked":["All Out Attack","Acrobatics","Blade Dance"],"picked":"SKIP","floor":30.0},{"not_picked":["Prepared","PiercingWail","Dagger Throw"],"picked":"SKIP","floor":31}],"player_experience":238483,"relics_obtained":[{"floor":6.0,"key":"Snake Skull"},{"floor":9.0,"key":"Juzu Bracelet"},{"floor":11.0,"key":"White Beast Statue"},{"floor":14.0,"key":"PreservedInsect"},{"floor":23.0,"key":"Tiny Chest"},{"floor":25.0,"key":"Kunai"},{"floor":31,"key":"Pear"}],"event_choices":[{"damage_healed":0.0,"max_hp_gain":0.0,"max_hp_loss":0.0,"gold_gain":0.0,"event_name":"Shining Light","player_choice":"Entered Light","floor":3.0,"gold_loss":0.0,"damage_taken":17.0,"cards_upgraded":["Defend_G","Defend_G"]},{"cards_removed":["Strike_G"],"damage_healed":0.0,"max_hp_gain":0.0,"max_hp_loss":0.0,"gold_gain":0.0,"event_name":"Golden Wing","player_choice":"Card Removal","floor":8.0,"gold_loss":0.0,"damage_taken":7.0},{"damage_healed":0.0,"max_hp_gain":0.0,"max_hp_loss":0.0,"gold_gain":0.0,"event_name":"Vampires","player_choice":"Ignored","floor":29.0,"gold_loss":0.0,"damage_taken":0.0}],"is_beta":false,"boss_relics":[{"not_picked":["Ectoplasm","Sozu"],"picked":"Fusion Hammer"}],"items_purged_floors":[21],"is_endless":false,"potions_floor_spawned":[5,10,14,16,18,19,20,22,23,25,30,31],"killed_by":"Champ","ascension_level":12}}