{"host":"w01zow3jg16g8jdh","time":1613229444,"event":{"mods":["2.2 Compatiblity","AchievementEnabler","BaseMod","DeckTracker","Hermit","Keyboard Shortcuts","Marisa£¨Ùöéë¡¡Øª×âÞÞ£©","Minty Spire (QoL Compilation)","Permanent Neow","StSLib","SuperFastMode"],"gold_per_floor":[112,125,75,75,75,104,104,115,115,143,143,162,174,186,186,283,283,295,65,65,76,90,90,90,122,122,134,154,29,39,39,39,144,144,162,162,162,112,132,132,157,177,177,211,223,223,252,49,49,49],"floor_reached":51,"language":"KOR","playtime":1184,"items_purged":["Defend_MRS","Strike_MRS","Wraith","Strike_MRS"],"score":1342,"play_id":"d2855fbe-4b55-44ae-8a76-7342a04c93ed","local_time":"20210214001724","is_ascension_mode":true,"campfire_choices":[{"data":"MagicChant","floor":11.0,"key":"SMITH"},{"data":"MasterSpark","floor":15.0,"key":"SMITH"},{"data":"EarthLightRay","floor":23.0,"key":"SMITH"},{"data":"MilkyWay","floor":32.0,"key":"SMITH"},{"data":"MysteriousBeam","floor":40.0,"key":"SMITH"},{"data":"Madness","floor":49,"key":"SMITH"}],"circlet_count":0,"master_deck":["AscendersBane","Defend_MRS","MasterSpark+1","UpSweep","MagicChant+1","PropBag","SporeBomb","MilkyWay+1","DoubleSpark+1","SuperNova","EarthLightRay+1","UnstableBomb","MachineGunSpark+1","MilkyWay+1","MysteriousBeam+1","CasketOfStar","PropBag","MillisecondPulsars","Acceleration+1","Madness+1","Madness","EarthLightRay+1"],"relics":["MiniHakkero","StoneCalendar","Bottled Lightning","Lantern","Vajra","Shuriken","MagicBroom","Philosopher\u0027s Stone","Toy Ornithopter","Potion Belt","Smiling Mask","Bag of Preparation","SlaversCollar","Blood Vial","Letter Opener","Whetstone","Mango","Medical Kit"],"acts_visited":["Exordium","TheCity","TheBeyond"],"potions_floor_usage":[],"damage_taken":[{"damage":3.0,"enemies":"Small Slimes","floor":1.0,"turns":4.0},{"damage":6.0,"enemies":"Jaw Worm","floor":2.0,"turns":4.0},{"damage":19.0,"enemies":"Lagavulin","floor":6.0,"turns":7.0},{"damage":3.0,"enemies":"2 Louse","floor":8.0,"turns":2.0},{"damage":10.0,"enemies":"3 Sentries","floor":10.0,"turns":3.0},{"damage":0.0,"enemies":"Exordium Wildlife","floor":12.0,"turns":3.0},{"damage":1.0,"enemies":"Exordium Thugs","floor":13.0,"turns":4.0},{"damage":8.0,"enemies":"Blue Slaver","floor":14.0,"turns":3.0},{"damage":20.0,"enemies":"Slime Boss","floor":16.0,"turns":8.0},{"damage":14.0,"enemies":"Shell Parasite","floor":18.0,"turns":4.0},{"damage":0.0,"enemies":"Spheric Guardian","floor":21.0,"turns":3.0},{"damage":34.0,"enemies":"Snake Plant","floor":22.0,"turns":3.0},{"damage":19.0,"enemies":"Slavers","floor":25.0,"turns":4.0},{"damage":7.0,"enemies":"Chosen and Byrds","floor":27.0,"turns":3.0},{"damage":25.0,"enemies":"Snecko","floor":28.0,"turns":4.0},{"damage":0.0,"enemies":"Centurion and Healer","floor":30.0,"turns":2.0},{"damage":36.0,"enemies":"Collector","floor":33.0,"turns":4.0},{"damage":10.0,"enemies":"3 Darklings","floor":35.0,"turns":3.0},{"damage":0.0,"enemies":"Orb Walker","floor":39.0,"turns":2.0},{"damage":0.0,"enemies":"Reptomancer","floor":41.0,"turns":3.0},{"damage":31.0,"enemies":"Writhing Mass","floor":42.0,"turns":4.0},{"damage":18.0,"enemies":"Giant Head","floor":44.0,"turns":5.0},{"damage":0.0,"enemies":"Transient","floor":45.0,"turns":5.0},{"damage":0,"enemies":"Reptomancer","floor":47,"turns":2},{"damage":88,"enemies":"Time Eater","floor":50,"turns":5}],"seed_played":"-3114934154937284994","potions_obtained":[{"floor":2.0,"key":"Dexterity Potion"},{"floor":6.0,"key":"Fruit Juice"},{"floor":8.0,"key":"SteroidPotion"},{"floor":12.0,"key":"BlessingOfTheForge"},{"floor":16.0,"key":"StarNLove"},{"floor":22.0,"key":"Fire Potion"},{"floor":28.0,"key":"SpeedPotion"},{"floor":30.0,"key":"Fruit Juice"},{"floor":41.0,"key":"Block Potion"},{"floor":44.0,"key":"DistilledChaos"},{"floor":47,"key":"BottledSpark"}],"is_trial":false,"path_per_floor":["M","M","?","T","?","E","?","M","T","E","R","M","M","M","R","B",null,"M","$","?","M","M","R","?","E","T","M","M","$","M","?","R","B",null,"M","?","?","$","M","R","E","M","T","E","M","?","E","$","R","B",null],"character_chosen":"MARISA","items_purchased":["Toy Ornithopter","MilkyWay","MysteriousBeam","Medical Kit"],"campfire_rested":0,"item_purchase_floors":[19,29,29,48],"current_hp_per_floor":[47,41,41,41,34,20,20,17,17,7,7,19,30,22,22,2,61,47,47,47,47,18,18,18,10,10,9,40,40,46,46,46,16,64,60,60,60,60,60,60,66,58,58,48,56,45,67,67,67,43],"gold":49,"neow_bonus":"ONE_RARE_RELIC","is_daily":false,"chose_seed":false,"campfire_upgraded":6,"win_rate":0.0,"timestamp":1613229444,"path_taken":["M","M","?","?","?","E","?","M","T","E","R","M","M","?","R","BOSS","M","$","?","M","M","R","?","E","T","M","M","$","?","?","R","BOSS","M","?","?","$","M","R","E","M","T","E","M","?","E","$","R","BOSS"],"items_purchased_type":["Relic","Card","Card","Relic"],"build_version":"2020-12-22","purchased_purges":4,"victory":true,"max_hp_per_floor":[75,75,75,75,75,80,80,80,80,80,80,80,80,80,80,80,80,80,80,80,80,80,80,80,80,80,80,80,80,80,80,80,80,80,80,80,80,80,80,80,80,85,85,85,85,85,99,99,99,99],"card_choices":[{"not_picked":["WitchOfGreed","6A"],"picked":"MagicChant","floor":1.0},{"not_picked":["EnergyFlow","Singularity","ShootTheMoon"],"picked":"SKIP","floor":2.0},{"not_picked":["6A","AsteroidBelt","UnstableBomb"],"picked":"SKIP","floor":6.0},{"not_picked":["RefractionSpark","GravityBeat","DragonMeteor"],"picked":"SKIP","floor":8.0},{"not_picked":["WitchLeyline","GalacticHalo"],"picked":"PropBag","floor":10.0},{"not_picked":["Orbital","AlicesGift"],"picked":"SporeBomb","floor":12.0},{"not_picked":["GalacticHalo","EventHorizon","Acceleration"],"picked":"SKIP","floor":13.0},{"not_picked":["AsteroidBelt","NonDirectionalLaser","IllusionStar"],"picked":"SKIP","floor":14.0},{"not_picked":["StarlightTyphoon","OrrerysSun"],"picked":"MilkyWay+1","floor":18.0},{"not_picked":["SporeBomb","OortCloud","ChargeUpSpray"],"picked":"SKIP","floor":21.0},{"not_picked":["WitchOfGreed+1","StarBarrage"],"picked":"EarthLightRay","floor":22.0},{"not_picked":["StarlightTyphoon","EventHorizon","MagicAbsorber"],"picked":"SKIP","floor":25.0},{"not_picked":["DC+1","AlicesGift"],"picked":"UnstableBomb","floor":27.0},{"not_picked":["GravityBeat","ManaConvection"],"picked":"MachineGunSpark","floor":28.0},{"not_picked":["PowerUp","UnstableBomb","GravityBeat"],"picked":"SKIP","floor":30.0},{"not_picked":["BlazingStar","StarDustReverie"],"picked":"CasketOfStar","floor":33.0},{"not_picked":["MysteriousBeam+1","SporeBomb+1"],"picked":"PropBag","floor":35.0},{"not_picked":["IllusionStar","DoubleSpark","MysteriousBeam+1"],"picked":"SKIP","floor":39.0},{"not_picked":["WitchLeyline","MeteoricShower","SprinkleStarSeal"],"picked":"SKIP","floor":41.0},{"not_picked":["MysteriousBeam+1","EventHorizon"],"picked":"MillisecondPulsars","floor":42.0},{"not_picked":["MagicAbsorber","ShootingEcho","NonDirectionalLaser"],"picked":"SKIP","floor":44.0},{"not_picked":["MagicAbsorber","GasGiant"],"picked":"Acceleration+1","floor":45.0},{"not_picked":["Acceleration+1","Robbery"],"picked":"EarthLightRay+1","floor":47}],"player_experience":388747,"relics_obtained":[{"floor":4.0,"key":"Bottled Lightning"},{"floor":6.0,"key":"Vajra"},{"floor":9.0,"key":"Shuriken"},{"floor":10.0,"key":"MagicBroom"},{"floor":25.0,"key":"Potion Belt"},{"floor":26.0,"key":"Smiling Mask"},{"floor":41.0,"key":"Blood Vial"},{"floor":43.0,"key":"Letter Opener"},{"floor":44.0,"key":"Whetstone"},{"floor":47,"key":"Mango"}],"event_choices":[{"cards_removed":["Strike_MRS"],"damage_healed":0.0,"max_hp_gain":0.0,"max_hp_loss":0.0,"gold_gain":0.0,"event_name":"The Cleric","player_choice":"Card Removal","floor":3.0,"gold_loss":50.0,"damage_taken":0.0},{"damage_healed":0.0,"max_hp_gain":0.0,"max_hp_loss":0.0,"gold_gain":0.0,"event_name":"Scrap Ooze","player_choice":"Success","floor":5.0,"gold_loss":0.0,"damage_taken":7.0,"relics_obtained":["Lantern"]},{"damage_healed":0.0,"max_hp_gain":0.0,"max_hp_loss":0.0,"gold_gain":0.0,"event_name":"Liars Game","player_choice":"Ignored","floor":7.0,"gold_loss":0.0,"damage_taken":0.0},{"damage_healed":0.0,"max_hp_gain":0.0,"max_hp_loss":0.0,"gold_gain":0.0,"cards_transformed":["Strike_MRS","Defend_MRS"],"event_name":"Drug Dealer","player_choice":"Became Test Subject","floor":20.0,"gold_loss":0.0,"damage_taken":0.0,"cards_obtained":["DoubleSpark","SuperNova"]},{"cards_removed":["Defend_MRS"],"damage_healed":0.0,"max_hp_gain":0.0,"max_hp_loss":0.0,"gold_gain":0.0,"event_name":"Purifier","player_choice":"Purged","floor":24.0,"gold_loss":0.0,"damage_taken":0.0},{"damage_healed":0.0,"max_hp_gain":0.0,"max_hp_loss":0.0,"gold_gain":0.0,"event_name":"WeMeetAgain","player_choice":"Gave Potion","floor":31.0,"gold_loss":0.0,"damage_taken":0.0,"relics_obtained":["Bag of Preparation"]},{"damage_healed":0.0,"max_hp_gain":0.0,"max_hp_loss":0.0,"gold_gain":0.0,"event_name":"Tomb of Lord Red Mask","player_choice":"Ignored","floor":36.0,"gold_loss":0.0,"damage_taken":0.0},{"damage_healed":0.0,"max_hp_gain":0.0,"max_hp_loss":0.0,"gold_gain":0.0,"event_name":"OrinTheCat","player_choice":"Ignored","floor":37.0,"gold_loss":0.0,"damage_taken":0.0},{"damage_healed":0,"gold_gain":0,"player_choice":"Embrace Madness","damage_taken":11,"max_hp_gain":0,"max_hp_loss":0,"event_name":"Winding Halls","floor":46,"gold_loss":0,"cards_obtained":["Madness","Madness"]}],"is_beta":false,"boss_relics":[{"not_picked":["Pandora\u0027s Box","Coffee Dripper"],"picked":"Philosopher\u0027s Stone"},{"not_picked":["Astrolabe","Empty Cage"],"picked":"SlaversCollar"}],"items_purged_floors":[19,29,38,48],"is_endless":false,"potions_floor_spawned":[2,6,8,12,16,22,28,30,41,44,47],"ascension_level":12}}