{"host":"u0qetpmu4y58k1tf","time":1613237873,"event":{"mods":["100% Spire Juice","AchievementEnabler","Act Like it!","BaseMod","CapriCore","Colored Map","Colored Powertips","Hermit","Koishi","Marisa£¨Ùöéë¡¡Øª×âÞÞ£©","Minty Spire (QoL Compilation)","Quick Restart","Reliquary","Replay The Spire","StSLib","Td1madao Mod","The Bug Knight","The Cursed","The Gatherer","The Hierophant","The Immortal","The Jungle","The Runesmith","WarShipGirlsR/??á´Ò³R mod"],"gold_per_floor":[116,391,5,17,32,32,66,85,108,108,123,123,143,162,162,265,265,275,275,295,295,72,104,114,147,147,147,161,20,33,60,60,158,158,176,176,106,123,173,199,199,199,252,281,281,295,0,17,17,17,17,17,17,47,47],"floor_reached":56,"language":"KOR","playtime":2589,"items_purged":["Regret","Strike_B","Parasite"],"score":1958,"play_id":"60991f2b-f3ac-4f2e-8475-ea723dcbd4e1","local_time":"20210214023753","is_ascension_mode":true,"campfire_choices":[{"data":"Storm","floor":6.0,"key":"SMITH"},{"data":"Zap","floor":10.0,"key":"SMITH"},{"floor":12.0,"key":"REST"},{"floor":15.0,"key":"REST"},{"floor":27.0,"key":"RECALL"},{"floor":32.0,"key":"DIG"},{"data":"Turbo","floor":42.0,"key":"SMITH"},{"data":"Jack Of All Trades","floor":45.0,"key":"SMITH"},{"data":"ReplayRNGCard","floor":49.0,"key":"SMITH"},{"data":"Force Field","floor":52.0,"key":"SMITH"}],"circlet_count":0,"master_deck":["Strike_B","Defend_B","Defend_B","Defend_B","Zap+1","Dualcast+1","Storm+1","Heatsinks+1","Heatsinks+1","ReplayTheSpireMod:GoodbyeWorld+1","Heatsinks+1","Turbo+1","Capacitor+1","ReplayRNGCard+1","Self Repair+1","ReplayTheSpireMod:Calculation Training","Buffer+1","FIFO Queue+1","Defragment+1","ReplayTheSpireMod:Calculation Training","Loop+1","Self Repair+1","Crystallizer+1","Loop+1","Static Discharge+1","Force Field+1","Core Surge","Jack Of All Trades+1","Loop+1","Turbo+1","ReplayTheSpireMod:Calculation Training","Self Repair+1","Seek+1","Panache+1","Loop+1"],"relics":["Cracked Core","Dead Branch","Frozen Egg 2","ReplayTheSpireMod:TigerMarble","reliquary:RedCape","theJungle:SpiritDisease","DollysMirror","Strawberry","ReplayTheSpireMod:Lightbulb","Spirit Poop","reliquary:RosewoodLute","Replay:Baseball","Coffee Dripper","CatCart","reliquary:LoveEmittingDiode","Ring of Misfortune","ReplayTheSpireMod:Ring of Addiction","Potion Belt","SacredBark","Bag of Preparation","Toxic Egg 2","Replay:Bottled Flurry"],"acts_visited":["Exordium","Exordium","TheBeyond","TheEnding"],"potions_floor_usage":[55,55,55],"damage_taken":[{"damage":7.0,"enemies":"Small Slimes","floor":1.0,"turns":3.0},{"damage":1.0,"enemies":"Cultist","floor":4.0,"turns":3.0},{"damage":11.0,"enemies":"Jaw Worm","floor":5.0,"turns":4.0},{"damage":30.0,"enemies":"3 Sentries","floor":7.0,"turns":8.0},{"damage":2.0,"enemies":"Large Slime","floor":8.0,"turns":3.0},{"damage":14.0,"enemies":"Red Slaver","floor":11.0,"turns":2.0},{"damage":18.0,"enemies":"Lots of Slimes","floor":13.0,"turns":3.0},{"damage":2.0,"enemies":"Looter","floor":14.0,"turns":2.0},{"damage":0.0,"enemies":"Slime Boss","floor":16.0,"turns":4.0},{"damage":0.0,"enemies":"theJungle:GiantWrat","floor":18.0,"turns":3.0},{"damage":10.0,"enemies":"theJungle:MUSHROOMGANG","floor":20.0,"turns":3.0},{"damage":0.0,"enemies":"theJungle:MamaSnecko","floor":23.0,"turns":3.0},{"damage":0.0,"enemies":"theJungle:Lyon","floor":24.0,"turns":2.0},{"damage":4.0,"enemies":"theJungle:2_Phrogs","floor":25.0,"turns":3.0},{"damage":24.0,"enemies":"Snake Plant","floor":28.0,"turns":2.0},{"damage":10.0,"enemies":"theJungle:SlimyTreeVines","floor":30.0,"turns":3.0},{"damage":0.0,"enemies":"theJungle:Cassacara","floor":31.0,"turns":3.0},{"damage":0.0,"enemies":"theJungle:FunGuy","floor":33.0,"turns":4.0},{"damage":0.0,"enemies":"3 Shapes","floor":35.0,"turns":3.0},{"damage":16.0,"enemies":"Orb Walker","floor":38.0,"turns":2.0},{"damage":16.0,"enemies":"Orin","floor":39.0,"turns":5.0},{"damage":0.0,"enemies":"Giant Head","floor":40.0,"turns":5.0},{"damage":0.0,"enemies":"Reptomancer","floor":44.0,"turns":3.0},{"damage":0.0,"enemies":"Spire Growth","floor":46.0,"turns":2.0},{"damage":0.0,"enemies":"3 Darklings","floor":48.0,"turns":1.0},{"damage":0.0,"enemies":"Awakened One","floor":50.0,"turns":3.0},{"damage":42.0,"enemies":"Shield and Spear","floor":54.0,"turns":3.0},{"damage":31,"enemies":"The Heart","floor":55,"turns":5}],"seed_played":"-4963972456710279942","potions_obtained":[{"floor":1.0,"key":"FearPotion"},{"floor":11.0,"key":"EssenceOfSteel"},{"floor":16.0,"key":"Strength Potion"},{"floor":18.0,"key":"SpeedPotion"},{"floor":24.0,"key":"Swift Potion"},{"floor":28.0,"key":"Strength Potion"},{"floor":35.0,"key":"LiquidBronze"},{"floor":40.0,"key":"Cursed Concoction"},{"floor":41.0,"key":"PowerPotion"},{"floor":41.0,"key":"FocusPotion"},{"floor":41.0,"key":"Adrenaline Potion"},{"floor":44.0,"key":"BlessingOfTheForge"},{"floor":46.0,"key":"Fire Potion"}],"is_trial":false,"path_per_floor":["M","?","$","M","M","R","E","M","T","R","M","R","M","M","R","B",null,"M","?","M","?","$","E","M","E","T","R","M","$","M","E","R_BF","B",null,"M","?","$","M","?","E","?","R","T","E","R","M","$","M","R","B",null,"R","$","E","B",null],"character_chosen":"DEFECT","items_purchased":["Frozen Egg 2","Heatsinks+1","Defragment+1","DollysMirror","Static Discharge+1","Loop+1","Panache+1"],"campfire_rested":2,"item_purchase_floors":[3,3,22,22,29,37,47],"current_hp_per_floor":[61,61,61,60,49,49,19,17,17,17,3,23,5,13,33,43,62,68,68,68,68,68,75,75,75,75,75,61,61,61,75,75,75,75,75,75,75,59,63,75,75,75,75,75,75,75,72,72,72,70,70,70,70,46,25],"gold":47,"neow_bonus":"ONE_RARE_RELIC","is_daily":false,"chose_seed":false,"campfire_upgraded":6,"win_rate":0.0,"timestamp":1613237873,"path_taken":["M","?","?","M","?","R","E","M","T","R","M","R","M","M","R","BOSS","M","?","M","?","$","E","?","E","T","R","M","?","?","E","R_BF","BOSS","M","?","$","M","?","E","?","R","T","E","R","M","?","M","R","BOSS","R","$","E","BOSS"],"items_purchased_type":["Relic","Card","Card","Relic","Card","Card","Card"],"build_version":"2020-12-22","purchased_purges":3,"victory":true,"max_hp_per_floor":[68,68,68,68,68,68,68,68,68,68,68,68,68,68,68,68,68,68,68,68,68,68,75,75,75,75,75,75,75,75,75,75,75,75,75,75,75,75,75,75,75,75,75,75,75,75,72,72,72,70,70,70,70,68,68],"card_choices":[{"not_picked":["Stack","Go for the Eyes"],"picked":"Storm","floor":1.0},{"not_picked":["Coolheaded","Rebound"],"picked":"ReplayTheSpireMod:GoodbyeWorld+1","floor":4.0},{"not_picked":["ReplayTheSpireMod:System Scan","Sweeping Beam"],"picked":"Heatsinks+1","floor":5.0},{"not_picked":["Barrage","Leap"],"picked":"Turbo","floor":7.0},{"not_picked":["Stack","Sweeping Beam"],"picked":"Capacitor+1","floor":8.0},{"not_picked":["Coolheaded","ReplaySolidLightProjector"],"picked":"ReplayRNGCard","floor":11.0},{"not_picked":["Gash","Steam"],"picked":"Self Repair+1","floor":13.0},{"not_picked":["Redo","Tempest"],"picked":"ReplayTheSpireMod:Calculation Training","floor":14.0},{"not_picked":["Meteor Strike","Amplify"],"picked":"Buffer+1","floor":16.0},{"not_picked":["BasicCrystalCard","Rebound","Barrage"],"picked":"SKIP","floor":18.0},{"not_picked":["BasicCrystalCard","Cold Snap"],"picked":"FIFO Queue+1","floor":20.0},{"not_picked":["Meteor Strike","Sweeping Beam+1"],"picked":"Loop+1","floor":23.0},{"not_picked":["Compile Driver","Genetic Algorithm"],"picked":"Self Repair+1","floor":24.0},{"not_picked":["Barrage+1","Amplify"],"picked":"Crystallizer+1","floor":25.0},{"not_picked":["Fusion","Cold Snap"],"picked":"Loop+1","floor":28.0},{"not_picked":["Coolheaded","Darkness","Reinforced Body"],"picked":"SKIP","floor":30.0},{"not_picked":["Auto Shields","Echo Form+1"],"picked":"Force Field","floor":31.0},{"not_picked":["Multi-Cast","ReplayTheSpireMod:Omega Cannon"],"picked":"Core Surge","floor":33.0},{"not_picked":["Glacier+1","Go for the Eyes","Beam Cell+1"],"picked":"SKIP","floor":35.0},{"not_picked":["Flash of Steel","PanicButton"],"picked":"Jack Of All Trades","floor":36.0},{"not_picked":["Glacier+1","Panic Button+1"],"picked":"Turbo+1","floor":38.0},{"not_picked":["BasicCrystalCard","Ball Lightning+1"],"picked":"ReplayTheSpireMod:Calculation Training","floor":39.0},{"not_picked":["Reinforced Body","Stack","Steam"],"picked":"SKIP","floor":40.0},{"not_picked":["Coolheaded+1","ReplayTheSpireMod:System Scan+1"],"picked":"Self Repair+1","floor":44.0},{"not_picked":["Steam+1","Gash+1"],"picked":"Seek+1","floor":46.0},{"not_picked":["ReplayTheSpireMod:Reroute Power+1","Gash"],"picked":"Loop+1","floor":48.0},{"not_picked":["Blizzard+1","Reprogram+1","Sweeping Beam+1"],"picked":"SKIP","floor":54.0}],"player_experience":117583,"relics_obtained":[{"floor":7.0,"key":"ReplayTheSpireMod:TigerMarble"},{"floor":23.0,"key":"Strawberry"},{"floor":25.0,"key":"ReplayTheSpireMod:Lightbulb"},{"floor":26.0,"key":"Spirit Poop"},{"floor":31.0,"key":"reliquary:RosewoodLute"},{"floor":32.0,"key":"Replay:Baseball"},{"floor":39.0,"key":"CatCart"},{"floor":40.0,"key":"reliquary:LoveEmittingDiode"},{"floor":41.0,"key":"Ring of Misfortune"},{"floor":41.0,"key":"ReplayTheSpireMod:Ring of Addiction"},{"floor":41.0,"key":"Potion Belt"},{"floor":41.0,"key":"SacredBark"},{"floor":43.0,"key":"Bag of Preparation"},{"floor":44.0,"key":"Toxic Egg 2"},{"floor":54.0,"key":"Replay:Bottled Flurry"}],"event_choices":[{"damage_healed":0.0,"max_hp_gain":0.0,"max_hp_loss":0.0,"gold_gain":275.0,"event_name":"Golden Shrine","player_choice":"Desecrate","floor":2.0,"gold_loss":0.0,"damage_taken":0.0,"cards_obtained":["Regret"]},{"damage_healed":0.0,"max_hp_gain":0.0,"max_hp_loss":0.0,"gold_gain":0.0,"event_name":"Upgrade Shrine","player_choice":"Upgraded","floor":21.0,"gold_loss":0.0,"damage_taken":0.0,"cards_upgraded":["Dualcast"]},{"damage_healed":0.0,"max_hp_gain":0.0,"max_hp_loss":0.0,"gold_gain":0.0,"event_name":"SensoryStone","player_choice":"Memory 1","floor":36.0,"gold_loss":0.0,"damage_taken":0.0},{"damage_healed":0.0,"max_hp_gain":0.0,"max_hp_loss":0.0,"gold_gain":0.0,"event_name":"OrinTheCat","player_choice":"Fight","floor":39.0,"gold_loss":0.0,"damage_taken":0.0}],"is_beta":false,"boss_relics":[{"not_picked":["Honey Jar","Fusion Hammer"],"picked":"reliquary:RedCape"},{"not_picked":["Tiny House","Replay:Wanted Poster"],"picked":"Coffee Dripper"}],"items_purged_floors":[3,29,47],"is_endless":false,"potions_floor_spawned":[1,11,16,18,24,28,35,40,44,46],"ascension_level":5}}