{"host":"vyjryxuuuxkt43k4","time":1613191572,"event":{"mods":["AchievementEnabler","BaseMod","Colored Map","DeckTracker","Keyboard Shortcuts","Minty Spire (QoL Compilation)","Permanent Neow","Quick Restart","Rare Cards Sparkle","StSLib","SuperFastMode","everything is the same but u backflip on backflip"],"gold_per_floor":[119,79,96,108,119,119,129,129,129,146,146,146],"floor_reached":11,"language":"KOR","playtime":489,"items_purged":[],"score":134,"play_id":"f3f0140c-c46c-49e7-ac94-fea0bcce1b6f","local_time":"20210213134612","is_ascension_mode":true,"campfire_choices":[{"data":"Neutralize","floor":6,"key":"SMITH"},{"data":"Footwork","floor":8,"key":"SMITH"}],"circlet_count":0,"master_deck":["AscendersBane","Strike_G","Strike_G","Strike_G","Defend_G","Defend_G","Defend_G","Defend_G","Defend_G","Survivor","Neutralize+1","Calculated Gamble","Escape Plan","Footwork+1","Infinite Blades","Footwork","Escape Plan","Acrobatics"],"relics":["Ring of the Snake","Ginger"],"acts_visited":["Exordium"],"potions_floor_usage":[5,11],"damage_taken":[{"damage":0,"enemies":"Small Slimes","floor":1,"turns":4},{"damage":0,"enemies":"Cultist","floor":3,"turns":6},{"damage":2,"enemies":"Jaw Worm","floor":4,"turns":6},{"damage":0,"enemies":"2 Fungi Beasts","floor":5,"turns":6},{"damage":14,"enemies":"Exordium Thugs","floor":7,"turns":10},{"damage":14,"enemies":"Large Slime","floor":10,"turns":8},{"damage":38,"enemies":"Gremlin Nob","floor":11,"turns":4}],"seed_played":"-4056963814151689297","potions_obtained":[{"floor":1,"key":"Poison Potion"},{"floor":2,"key":"Regen Potion"},{"floor":2,"key":"Fire Potion"},{"floor":7,"key":"Dexterity Potion"}],"is_trial":false,"path_per_floor":["M","?","M","M","M","R","M","R","T","M","E"],"character_chosen":"THE_SILENT","items_purchased":[],"campfire_rested":0,"item_purchase_floors":[],"current_hp_per_floor":[44,44,44,42,57,57,43,43,43,29,0,0],"gold":146,"neow_bonus":"TRANSFORM_TWO_CARDS","is_daily":false,"chose_seed":false,"campfire_upgraded":2,"win_rate":0.0,"timestamp":1613191572,"path_taken":["M","?","M","?","M","R","M","R","T","M","E"],"items_purchased_type":[],"build_version":"2020-12-22","purchased_purges":0,"victory":false,"max_hp_per_floor":[66,66,66,66,66,66,66,66,66,66,66,66],"card_choices":[{"not_picked":["Prepared","Poisoned Stab"],"picked":"Footwork","floor":1},{"not_picked":["Endless Agony","Outmaneuver"],"picked":"Infinite Blades","floor":3},{"not_picked":["Bane","Endless Agony"],"picked":"Footwork","floor":4},{"not_picked":["Dodge and Roll","Calculated Gamble"],"picked":"Escape Plan","floor":5},{"not_picked":["Poisoned Stab","Calculated Gamble"],"picked":"Acrobatics","floor":7},{"not_picked":["Dagger Spray","Outmaneuver","Slice"],"picked":"SKIP","floor":10}],"player_experience":971852,"relics_obtained":[{"floor":9,"key":"Ginger"}],"event_choices":[{"damage_healed":0,"gold_gain":0,"player_choice":"Bought 3 Potions","damage_taken":0,"max_hp_gain":0,"max_hp_loss":0,"event_name":"The Woman in Blue","floor":2,"gold_loss":0}],"is_beta":false,"boss_relics":[],"items_purged_floors":[],"is_endless":false,"potions_floor_spawned":[1,4,7],"killed_by":"Gremlin Nob","ascension_level":20}}