{"host":"ypzb5vvnu9f3ii1t","time":1613192892,"event":{"mods":["AchievementEnabler","BaseMod","Colored Map","DeckTracker","Keyboard Shortcuts","Minty Spire (QoL Compilation)","Permanent Neow","Quick Restart","SuperFastMode"],"gold_per_floor":[111,111,111,111,125,125,158,158,158,233,233,64,99,112,112,231,294,315,359,32,55,55,93,93,66,66,66,66,91,1,16,16,146,146,169,22,48,48,48,92,92,115,168,168,184,59,83,108,108,108],"floor_reached":51,"language":"KOR","playtime":2467,"items_purged":["Defend_G","Strike_G","Strike_G"],"score":1019,"play_id":"21f52c97-9bfe-4456-a68a-7ba54f13bd51","local_time":"20210213140812","is_ascension_mode":true,"campfire_choices":[{"data":"Footwork","floor":6.0,"key":"SMITH"},{"data":"Malaise","floor":8.0,"key":"SMITH"},{"floor":15.0,"key":"REST"},{"floor":24.0,"key":"REST"},{"floor":28.0,"key":"REST"},{"floor":32.0,"key":"REST"},{"floor":41,"key":"REST"},{"floor":44,"key":"REST"},{"floor":49,"key":"REST"}],"circlet_count":0,"master_deck":["Strike_G","Defend_G","Defend_G","Defend_G","Defend_G+1","Survivor","Neutralize","Footwork+1","Malaise+1","Backflip","Dagger Spray","Footwork","Cloak And Dagger","Phantasmal Killer","Cloak And Dagger+1","Expertise+1","Infinite Blades+1","Accuracy","Dodge and Roll+1","Blade Dance","Dodge and Roll","Storm of Steel","PiercingWail","Dodge and Roll","Escape Plan","Terror+1"],"relics":["Ring of the Snake","NeowsBlessing","Golden Idol","Lizard Tail","Ornamental Fan","Lantern","Mercury Hourglass","Tiny House","Red Mask","Omamori","MutagenicStrength","Boot","The Specimen","WristBlade","Orrery","Snake Skull","Nunchaku","Shovel","Ancient Tea Set"],"acts_visited":["Exordium","TheCity","TheBeyond"],"potions_floor_usage":[40,50,50,50],"damage_taken":[{"damage":0.0,"enemies":"2 Louse","floor":1.0,"turns":1.0},{"damage":0.0,"enemies":"Small Slimes","floor":5.0,"turns":1.0},{"damage":0.0,"enemies":"Gremlin Nob","floor":7.0,"turns":1.0},{"damage":26.0,"enemies":"Lagavulin","floor":13.0,"turns":13.0},{"damage":0.0,"enemies":"Jaw Worm","floor":14.0,"turns":4.0},{"damage":4.0,"enemies":"The Guardian","floor":16.0,"turns":21.0},{"damage":6.0,"enemies":"3 Byrds","floor":18.0,"turns":6.0},{"damage":32.0,"enemies":"Masked Bandits","floor":19.0,"turns":7.0},{"damage":0.0,"enemies":"Shell Parasite","floor":21.0,"turns":5.0},{"damage":14.0,"enemies":"Book of Stabbing","floor":23.0,"turns":8.0},{"damage":5.0,"enemies":"Colosseum Slavers","floor":27.0,"turns":5.0},{"damage":0.0,"enemies":"Snecko","floor":29.0,"turns":4.0},{"damage":0.0,"enemies":"Centurion and Healer","floor":31.0,"turns":7.0},{"damage":33.0,"enemies":"Champ","floor":33.0,"turns":8.0},{"damage":28.0,"enemies":"3 Shapes","floor":35.0,"turns":4.0},{"damage":41,"enemies":"Reptomancer","floor":40,"turns":6},{"damage":11,"enemies":"3 Darklings","floor":42,"turns":4},{"damage":23,"enemies":"4 Shapes","floor":45,"turns":5},{"damage":0,"enemies":"Transient","floor":47,"turns":5},{"damage":21,"enemies":"Jaw Worm Horde","floor":48,"turns":5},{"damage":20,"enemies":"Donu and Deca","floor":50,"turns":8}],"seed_played":"-5315597239493452246","potions_obtained":[{"floor":7.0,"key":"DistilledChaos"},{"floor":13.0,"key":"Strength Potion"},{"floor":17.0,"key":"Block Potion"},{"floor":19.0,"key":"LiquidBronze"},{"floor":21.0,"key":"Energy Potion"},{"floor":23.0,"key":"Strength Potion"},{"floor":33.0,"key":"Regen Potion"},{"floor":40,"key":"Block Potion"},{"floor":42,"key":"FearPotion"},{"floor":45,"key":"Block Potion"},{"floor":48,"key":"ColorlessPotion"}],"is_trial":false,"path_per_floor":["M","?","?","?","M","R","E","R","T","?","?","$","E","M","R","B",null,"M","?","$","M","?","E","R","$","T","?","R","M","?","M","R","B",null,"M","$","T","?","?","E","R","M","T","R","M","$","M","M","R","B",null],"character_chosen":"THE_SILENT","items_purchased":["Footwork","Cloak And Dagger","Accuracy","Omamori","Dodge and Roll","Orrery"],"campfire_rested":7,"item_purchase_floors":[12,12,20,20,25,36],"current_hp_per_floor":[63,63,46,51,51,51,51,51,51,40,28,28,2,2,24,20,66,60,28,28,28,28,14,38,38,38,33,57,57,57,57,80,47,72,44,44,44,44,44,3,27,16,16,40,17,17,17,40,64,44],"gold":108,"neow_bonus":"THREE_ENEMY_KILL","is_daily":false,"chose_seed":false,"campfire_upgraded":2,"win_rate":0.0,"timestamp":1613192892,"path_taken":["M","?","?","?","M","R","E","R","T","?","?","$","E","M","R","BOSS","M","?","$","M","?","E","R","$","T","?","R","M","?","M","R","BOSS","M","?","?","?","?","E","R","?","T","R","M","$","M","?","R","BOSS"],"items_purchased_type":["Card","Card","Card","Relic","Card","Relic"],"build_version":"2020-12-22","purchased_purges":3,"victory":true,"max_hp_per_floor":[70,70,70,75,75,75,75,75,75,75,75,75,75,75,75,75,80,80,80,80,80,80,80,80,80,80,80,80,80,80,80,80,80,80,80,80,80,80,80,80,80,80,80,80,80,80,80,80,80,80],"card_choices":[{"not_picked":["Cloak And Dagger","Flying Knee"],"picked":"Footwork","floor":1.0},{"not_picked":["Eviscerate","Prepared"],"picked":"Backflip","floor":5.0},{"not_picked":["Sucker Punch","Cloak And Dagger"],"picked":"Dagger Spray","floor":7.0},{"not_picked":["Poisoned Stab","Choke","Concentrate"],"picked":"SKIP","floor":13.0},{"not_picked":["All Out Attack","Prepared","Deflect"],"picked":"SKIP","floor":14.0},{"not_picked":["Tools of the Trade","A Thousand Cuts"],"picked":"Phantasmal Killer","floor":16.0},{"not_picked":["Quick Slash","Leg Sweep"],"picked":"Cloak And Dagger","floor":17.0},{"not_picked":["Poisoned Stab","Sucker Punch"],"picked":"Expertise+1","floor":18.0},{"not_picked":["Poisoned Stab+1","Deflect"],"picked":"Infinite Blades+1","floor":19.0},{"not_picked":["Bane","Prepared"],"picked":"Dodge and Roll+1","floor":21.0},{"not_picked":["Bullet Time","Concentrate+1"],"picked":"Blade Dance","floor":23.0},{"not_picked":["Skewer","Quick Slash+1","Prepared+1"],"picked":"SKIP","floor":29.0},{"not_picked":["Dagger Spray","Outmaneuver","Deflect"],"picked":"SKIP","floor":31.0},{"not_picked":["Wraith Form v2","Envenom"],"picked":"Storm of Steel","floor":33.0},{"not_picked":["Sucker Punch","Cloak And Dagger"],"picked":"PiercingWail","floor":35.0},{"not_picked":["Predator","A Thousand Cuts"],"picked":"Dodge and Roll","floor":36.0},{"not_picked":["PiercingWail+1","Slice"],"picked":"Escape Plan","floor":36.0},{"not_picked":["Caltrops","Acrobatics"],"picked":"Terror+1","floor":40},{"not_picked":["Slice+1","Sucker Punch+1","PiercingWail"],"picked":"SKIP","floor":42},{"not_picked":["Finisher+1","Poisoned Stab+1","Tactician+1"],"picked":"SKIP","floor":45},{"not_picked":["Underhanded Strike+1","A Thousand Cuts","Finisher"],"picked":"SKIP","floor":47},{"not_picked":["Endless Agony+1","Quick Slash+1","Reflex"],"picked":"SKIP","floor":48}],"player_experience":204585,"relics_obtained":[{"floor":7.0,"key":"Lizard Tail"},{"floor":9.0,"key":"Ornamental Fan"},{"floor":13.0,"key":"Mercury Hourglass"},{"floor":19.0,"key":"Red Mask"},{"floor":23.0,"key":"Boot"},{"floor":26.0,"key":"The Specimen"},{"floor":37,"key":"Snake Skull"},{"floor":40,"key":"Shovel"},{"floor":43,"key":"Ancient Tea Set"}],"event_choices":[{"damage_healed":0.0,"max_hp_gain":0.0,"max_hp_loss":0.0,"gold_gain":0.0,"cards_transformed":["Strike_G"],"event_name":"Living Wall","player_choice":"Change","floor":2.0,"gold_loss":0.0,"damage_taken":0.0,"cards_obtained":["Malaise"]},{"damage_healed":0.0,"max_hp_gain":0.0,"max_hp_loss":0.0,"gold_gain":0.0,"event_name":"Golden Idol","player_choice":"Take Damage","floor":3.0,"gold_loss":0.0,"damage_taken":17.0,"relics_obtained":["Golden Idol"]},{"damage_healed":0.0,"max_hp_gain":5.0,"max_hp_loss":0.0,"gold_gain":0.0,"event_name":"Big Fish","player_choice":"Donut","floor":4.0,"gold_loss":0.0,"damage_taken":0.0},{"damage_healed":0.0,"max_hp_gain":0.0,"max_hp_loss":0.0,"gold_gain":75.0,"event_name":"World of Goop","player_choice":"Gather Gold","floor":10.0,"gold_loss":0.0,"damage_taken":11.0},{"damage_healed":0.0,"max_hp_gain":0.0,"max_hp_loss":0.0,"gold_gain":0.0,"event_name":"Scrap Ooze","player_choice":"Success","floor":11.0,"gold_loss":0.0,"damage_taken":12.0,"relics_obtained":["Lantern"]},{"damage_healed":0.0,"max_hp_gain":0.0,"max_hp_loss":0.0,"gold_gain":0.0,"event_name":"Masked Bandits","player_choice":"Fought Bandits","floor":19.0,"gold_loss":0.0,"damage_taken":0.0},{"damage_healed":0.0,"max_hp_gain":0.0,"max_hp_loss":0.0,"gold_gain":0.0,"event_name":"Drug Dealer","player_choice":"Inject Mutagens","floor":22.0,"gold_loss":0.0,"damage_taken":0.0,"relics_obtained":["MutagenicStrength"]},{"damage_healed":0.0,"max_hp_gain":0.0,"max_hp_loss":0.0,"gold_gain":0.0,"event_name":"Colosseum","player_choice":"Fight","floor":27.0,"gold_loss":0.0,"damage_taken":0.0},{"damage_healed":0.0,"max_hp_gain":0.0,"max_hp_loss":0.0,"gold_gain":0.0,"event_name":"Colosseum","player_choice":"Fled From Nobs","floor":27.0,"gold_loss":0.0,"damage_taken":0.0},{"cards_removed":["Strike_G"],"damage_healed":0.0,"max_hp_gain":0.0,"max_hp_loss":0.0,"gold_gain":0.0,"event_name":"Designer","player_choice":"Upgrade and Remove","floor":30.0,"gold_loss":90.0,"damage_taken":0.0,"cards_upgraded":["Cloak And Dagger"]},{"damage_healed":0,"gold_gain":0,"player_choice":"Ignored","damage_taken":0,"max_hp_gain":0,"max_hp_loss":0,"event_name":"Mysterious Sphere","floor":38,"gold_loss":0},{"damage_healed":0,"gold_gain":0,"player_choice":"Gave Potion","damage_taken":0,"relics_obtained":["Nunchaku"],"max_hp_gain":0,"max_hp_loss":0,"event_name":"WeMeetAgain","floor":39,"gold_loss":0}],"is_beta":false,"boss_relics":[{"not_picked":["Velvet Choker","Runic Dome"],"picked":"Tiny House"},{"not_picked":["Astrolabe","Fusion Hammer"],"picked":"WristBlade"}],"items_purged_floors":[12,20,46],"is_endless":false,"potions_floor_spawned":[7,13,19,21,23,29,33,40,42,45,48],"ascension_level":8}}