{"host":"vgmhxp0kxvybuvcq","time":1613201976,"event":{"mods":["BaseMod","Minty Spire (QoL Compilation)","Replay The Spire","StSLib"],"gold_per_floor":[111,186,200,2,13,38,38,38,38],"floor_reached":8,"language":"ENG","playtime":495,"items_purged":["Strike_G"],"score":87,"play_id":"cb40a59d-5c8d-47c2-a35c-afdfaa31d780","local_time":"20210212233936","is_ascension_mode":true,"campfire_choices":[{"data":"Neutralize","floor":7,"key":"SMITH"}],"circlet_count":0,"master_deck":["AscendersBane","Strike_G","Strike_G","Strike_G","Strike_G","Defend_G","Defend_G","Defend_G","Defend_G","Defend_G","Survivor","Neutralize+1","Bane","Crippling Poison","ReplayTheSpireMod:IOU","Slice","Footwork","Backflip"],"relics":["SacredBark","Potion Belt","ReplayTheSpireMod:CursedCoin","Incense Burner"],"acts_visited":["Exordium"],"potions_floor_usage":[5,6],"damage_taken":[{"damage":23,"enemies":"Jaw Worm","floor":1,"turns":6},{"damage":7,"enemies":"2 Louse","floor":3,"turns":4},{"damage":5,"enemies":"Cultist","floor":5,"turns":6},{"damage":28,"enemies":"Replay:BlueRogue","floor":6,"turns":14},{"damage":31,"enemies":"3 Sentries","floor":8,"turns":13}],"seed_played":"-8464877596485091314","potions_obtained":[{"floor":5,"key":"EssenceOfSteel"}],"is_trial":false,"path_per_floor":["M","?","M","$","M","E","R","E"],"character_chosen":"THE_SILENT","items_purchased":["Potion Belt","ReplayTheSpireMod:CursedCoin","Slice","Regen Potion"],"campfire_rested":0,"item_purchase_floors":[4,4,4,4],"current_hp_per_floor":[40,29,22,22,57,29,29,0,0],"gold":38,"neow_bonus":"BOSS_RELIC","is_daily":false,"chose_seed":false,"campfire_upgraded":1,"win_rate":0.0,"timestamp":1613201976,"path_taken":["M","?","M","$","M","E","R","E"],"items_purchased_type":["Relic","Relic","Card","Potion"],"build_version":"2020-12-22","purchased_purges":1,"victory":false,"max_hp_per_floor":[70,70,70,70,70,70,70,70,70],"card_choices":[{"not_picked":["Flying Knee","Underhanded Strike"],"picked":"Bane","floor":1},{"not_picked":["Poisoned Stab","Prepared"],"picked":"Crippling Poison","floor":3},{"not_picked":["Quick Slash","Deflect"],"picked":"Footwork","floor":5},{"not_picked":["Storm of Steel","Flying Knee"],"picked":"Backflip","floor":6}],"player_experience":310258,"relics_obtained":[{"floor":6,"key":"Incense Burner"}],"event_choices":[{"damage_healed":0,"gold_gain":75,"player_choice":"Gather Gold","damage_taken":11,"max_hp_gain":0,"max_hp_loss":0,"event_name":"World of Goop","floor":2,"gold_loss":0}],"is_beta":false,"boss_relics":[],"items_purged_floors":[4],"is_endless":false,"potions_floor_spawned":[5],"killed_by":"3 Sentries","ascension_level":11}}