{"host":"vflj39ie5n27t074","time":1613176792,"event":{"mods":["BaseMod","BetterRewards","Bossed Relics","Colored Map","Colored Powertips","Downfall","Hubris","Infinite Spire","Marisa????????","Minty Spire (QoL Compilation)","Replay The Spire","SIMod","StSLib","The Bug Knight","The Jungle","The Mystic","The Servant 0.9.4"],"gold_per_floor":[119,194,194,204,215,215,225,225,306,324,324,359,369,379,379,379,379],"floor_reached":16,"language":"ENG","playtime":834,"items_purged":[],"score":129,"play_id":"25b99876-da1c-4b9b-bba5-eb72a0006759","local_time":"20210212183952","is_ascension_mode":false,"campfire_choices":[{"data":"Boundary","floor":6,"key":"SMITH"},{"data":"CleanLibrary","floor":8,"key":"SMITH"},{"data":"RushToSky","floor":15,"key":"SMITH"}],"circlet_count":0,"master_deck":["Strike_AJ","Strike_RR","Strike_RD","Defend_TS","Defend_PP","Defend_FS","Defend_AJ","ConcertedEfforts","HarmonyShield+1","BehindTheScene","Lasso","Tornado","Lasso","Boundary+1","AllByMyself","CleanLibrary+1","RushToSky+1","Charge","AlloutStrike","CleanLibrary","BehindTheScene","Anxiousness","RashStunts"],"relics":["The_element_of_harmony","Replay:Baseball","Sofa","infinitespire:Beetle Shell"],"acts_visited":["Exordium"],"potions_floor_usage":[],"damage_taken":[{"damage":8,"enemies":"2 Louse","floor":1,"turns":3},{"damage":0,"enemies":"Small Slimes","floor":4,"turns":3},{"damage":6,"enemies":"Cultist","floor":5,"turns":3},{"damage":0,"enemies":"Looter","floor":7,"turns":3},{"damage":0,"enemies":"2 Fungi Beasts","floor":10,"turns":4},{"damage":0,"enemies":"Gremlin Nob","floor":12,"turns":3},{"damage":16,"enemies":"Gremlin Gang","floor":13,"turns":4},{"damage":0,"enemies":"Large Slime","floor":14,"turns":2},{"damage":44,"enemies":"Slime Boss","floor":16,"turns":7}],"seed_played":"-5020398730893020436","potions_obtained":[{"floor":1,"key":"ColorlessPotion"},{"floor":5,"key":"SteroidPotion"},{"floor":12,"key":"Ancient Potion"}],"is_trial":false,"path_per_floor":["M","?","?","M","M","R","M","R","T","M","?","E","M","M","R","B"],"character_chosen":"TWI_CLASS","items_purchased":[],"campfire_rested":0,"item_purchase_floors":[],"current_hp_per_floor":[74,63,63,63,57,57,57,57,57,57,57,57,41,41,41,0,0],"gold":379,"neow_bonus":"RANDOM_COMMON_RELIC","is_daily":false,"chose_seed":false,"campfire_upgraded":3,"win_rate":0.0,"timestamp":1613176792,"path_taken":["M","?","?","M","M","R","M","R","T","M","?","E","?","M","R","BOSS"],"items_purchased_type":[],"build_version":"2020-12-22","purchased_purges":0,"victory":false,"max_hp_per_floor":[82,82,82,82,82,82,82,82,82,82,82,82,82,82,82,82,82],"card_choices":[{"not_picked":["Laughter"],"picked":"BehindTheScene","floor":1},{"not_picked":["Celebrities"],"picked":"Lasso","floor":1},{"not_picked":["Batlization"],"picked":"Tornado","floor":4},{"not_picked":["Magictrain"],"picked":"Lasso","floor":4},{"not_picked":["Yay"],"picked":"Boundary","floor":5},{"not_picked":["Magic_Beam","GemstoneDetection"],"picked":"SKIP","floor":5},{"not_picked":["FriendshipIsMagic"],"picked":"AllByMyself","floor":7},{"not_picked":["AllByMyself"],"picked":"CleanLibrary","floor":7},{"not_picked":["FriendOfNature"],"picked":"RushToSky","floor":10},{"not_picked":["BehindTheScene"],"picked":"Charge","floor":10},{"not_picked":["BatchProduction"],"picked":"AlloutStrike","floor":12},{"not_picked":["ReinventMyself"],"picked":"CleanLibrary","floor":12},{"not_picked":["Magictrain"],"picked":"BehindTheScene","floor":13},{"not_picked":["Harmanyblast","PartyAlone"],"picked":"SKIP","floor":13},{"not_picked":["AllByMyself"],"picked":"Anxiousness","floor":14},{"not_picked":["FarmExpert"],"picked":"RashStunts","floor":14}],"player_experience":140214,"relics_obtained":[{"floor":9,"key":"Sofa"},{"floor":12,"key":"infinitespire:Beetle Shell"}],"event_choices":[{"damage_healed":0,"gold_gain":75,"player_choice":"Gather Gold","damage_taken":11,"max_hp_gain":0,"max_hp_loss":0,"event_name":"World of Goop","floor":2,"gold_loss":0},{"cards_removed":["Strike_TS"],"damage_healed":0,"gold_gain":0,"player_choice":"Purged","damage_taken":0,"max_hp_gain":0,"max_hp_loss":0,"event_name":"Purifier","floor":11,"gold_loss":0}],"is_beta":false,"boss_relics":[],"items_purged_floors":[],"is_endless":false,"potions_floor_spawned":[1,5,12,13],"killed_by":"Slime Boss","ascension_level":0}}