{"host":"1xo5g347e5o4auts","time":1613204338,"event":{"mods":["BaseMod","Minty Spire (QoL Compilation)","Permanent Neow","StSLib"],"gold_per_floor":[113,124,142,162,162,162,189,189,189,189,214,54,79,90,90,90,90],"floor_reached":16,"language":"ENG","playtime":316,"items_purged":[],"score":290,"play_id":"6d05c11a-f1ef-4c22-ae2a-60ff39fb6eb6","local_time":"20210213101858","is_ascension_mode":true,"campfire_choices":[{"data":"Uppercut","floor":6,"key":"SMITH"},{"data":"Bash","floor":8,"key":"SMITH"},{"data":"Twin Strike","floor":10,"key":"SMITH"},{"data":"Metallicize","floor":15,"key":"SMITH"}],"circlet_count":0,"master_deck":["AscendersBane","Strike_R","Strike_R","Strike_R","Strike_R","Strike_R","Defend_R","Defend_R","Defend_R","Defend_R","Bash+1","Cleave","Twin Strike+1","Uppercut+1","Corruption","Shrug It Off","Metallicize+1"],"relics":["Burning Blood","Happy Flower","Letter Opener","Toy Ornithopter","Darkstone Periapt","Art of War","Sling","Bird Faced Urn"],"acts_visited":["Exordium"],"potions_floor_usage":[7,13,14],"damage_taken":[{"damage":7.0,"enemies":"Cultist","floor":1.0,"turns":4.0},{"damage":0.0,"enemies":"2 Louse","floor":2.0,"turns":3.0},{"damage":4.0,"enemies":"Jaw Worm","floor":3.0,"turns":5.0},{"damage":5,"enemies":"2 Fungi Beasts","floor":4,"turns":4},{"damage":20,"enemies":"3 Sentries","floor":7,"turns":7},{"damage":15,"enemies":"Lagavulin","floor":11,"turns":5},{"damage":0,"enemies":"Gremlin Nob","floor":13,"turns":3},{"damage":14,"enemies":"Exordium Thugs","floor":14,"turns":5},{"damage":0,"enemies":"The Guardian","floor":16,"turns":2}],"seed_played":"-7631978918681981018","potions_obtained":[{"floor":2.0,"key":"DistilledChaos"},{"floor":4,"key":"SneckoOil"},{"floor":13,"key":"Block Potion"}],"is_trial":false,"path_per_floor":["M","M","M","M","?","R","E","R","T","R","E","$","E","M","R","B"],"character_chosen":"IRONCLAD","items_purchased":["Sling"],"campfire_rested":0,"item_purchase_floors":[12],"current_hp_per_floor":[67,73,75,75,64,64,50,50,50,50,41,41,52,49,49,51,51],"gold":90,"neow_bonus":"RANDOM_COMMON_RELIC","is_daily":false,"chose_seed":false,"campfire_upgraded":4,"win_rate":0.0,"timestamp":1613204338,"path_taken":["M","M","M","?","?","R","E","R","T","R","E","$","E","M","R","BOSS"],"items_purchased_type":["Relic"],"build_version":"2020-12-22","purchased_purges":0,"victory":false,"max_hp_per_floor":[75,75,75,75,75,75,75,75,75,75,75,75,75,75,75,75,75],"card_choices":[{"not_picked":["Havoc","Clash"],"picked":"Cleave","floor":1.0},{"not_picked":["Iron Wave","Heavy Blade","Body Slam"],"picked":"SKIP","floor":2.0},{"not_picked":["Cleave","Wild Strike"],"picked":"Twin Strike","floor":3.0},{"not_picked":["Headbutt","Feel No Pain"],"picked":"Uppercut","floor":4},{"not_picked":["Uppercut","Rampage"],"picked":"Corruption","floor":7},{"not_picked":["Burning Pact","Pommel Strike"],"picked":"Shrug It Off","floor":11},{"not_picked":["Flex","Iron Wave","Twin Strike"],"picked":"SKIP","floor":13},{"not_picked":["Thunderclap","Havoc"],"picked":"Metallicize","floor":14}],"player_experience":1483026,"relics_obtained":[{"floor":7,"key":"Toy Ornithopter"},{"floor":9,"key":"Darkstone Periapt"},{"floor":11,"key":"Art of War"},{"floor":13,"key":"Bird Faced Urn"}],"event_choices":[{"damage_healed":0,"gold_gain":0,"player_choice":"Success","damage_taken":11,"relics_obtained":["Letter Opener"],"max_hp_gain":0,"max_hp_loss":0,"event_name":"Scrap Ooze","floor":5,"gold_loss":0}],"is_beta":false,"boss_relics":[],"items_purged_floors":[],"is_endless":false,"potions_floor_spawned":[2,4,13],"killed_by":"The Guardian","ascension_level":20}}