{"host":"nsc6ozq3atyrdr3m","time":1613257663,"event":{"mods":["BaseMod","Colored Map","Minty Spire (QoL Compilation)"],"gold_per_floor":[117,117,117,117,117,153,153,192,192,192,12,28,69,93,93,213,213,238,153,177,11,110,141,141,182,228,253,253,278,293,317,317,443,443,462,478,216,234,234,234,29,29,29,74,111,123,154,205,217,229],"floor_reached":51,"language":"FRA","playtime":1665,"items_purged":["Regret"],"score":952,"play_id":"cf164f03-2690-42ad-9d29-0456bf8a8752","local_time":"20210214000743","is_ascension_mode":true,"campfire_choices":[{"data":"Zap","floor":7,"key":"SMITH"},{"data":"BootSequence","floor":10,"key":"SMITH"},{"data":"Static Discharge","floor":15,"key":"SMITH"},{"data":"Creative AI","floor":24,"key":"SMITH"},{"data":"Loop","floor":28,"key":"SMITH"},{"data":"Storm","floor":32,"key":"SMITH"},{"data":"Consume","floor":40,"key":"SMITH"},{"data":"Capacitor","floor":42,"key":"SMITH"},{"data":"Machine Learning","floor":46,"key":"SMITH"},{"data":"Storm","floor":49,"key":"SMITH"}],"circlet_count":0,"master_deck":["Strike_B+1","Strike_B","Strike_B","Defend_B","Defend_B","Defend_B","Defend_B","Zap+1","Dualcast","Conserve Battery","BootSequence+1","Static Discharge+1","Redo","Heatsinks","Creative AI+1","Machine Learning+1","Hologram","Sunder+1","Capacitor+1","Coolheaded","Loop+1","Skim","Storm+1","Chill","Buffer","Rainbow","Consume+1","Sunder+1","Storm+1","Rainbow","Zap","Melter+1","Parasite","Reinforced Body+1"],"relics":["Cracked Core","NeowsBlessing","Golden Idol","PreservedInsect","Meat on the Bone","Vajra","Kunai","Membership Card","Ornamental Fan","Philosopher\u0027s Stone","Bird Faced Urn","Mummified Hand","Tiny Chest","Akabeko","Whetstone","Black Star","Bag of Preparation","Symbiotic Virus","Lee\u0027s Waffle","MawBank","Cables","DataDisk","Lantern"],"acts_visited":["Exordium","TheCity","TheBeyond"],"potions_floor_usage":[20,23,33,50],"damage_taken":[{"damage":0,"enemies":"2 Louse","floor":1,"turns":1},{"damage":0,"enemies":"Gremlin Nob","floor":6,"turns":1},{"damage":0,"enemies":"3 Sentries","floor":8,"turns":1},{"damage":1,"enemies":"Jaw Worm","floor":12,"turns":3},{"damage":3,"enemies":"Gremlin Nob","floor":13,"turns":3},{"damage":1,"enemies":"Cultist","floor":14,"turns":3},{"damage":49,"enemies":"Hexaghost","floor":16,"turns":8},{"damage":11,"enemies":"3 Byrds","floor":18,"turns":3},{"damage":36,"enemies":"2 Thieves","floor":20,"turns":5},{"damage":27,"enemies":"Gremlin Leader","floor":23,"turns":3},{"damage":17,"enemies":"Book of Stabbing","floor":25,"turns":4},{"damage":8,"enemies":"Centurion and Healer","floor":27,"turns":5},{"damage":18,"enemies":"Shelled Parasite and Fungi","floor":29,"turns":5},{"damage":2,"enemies":"Cultist and Chosen","floor":30,"turns":4},{"damage":32,"enemies":"Snake Plant","floor":31,"turns":3},{"damage":50,"enemies":"Collector","floor":33,"turns":7},{"damage":0,"enemies":"3 Shapes","floor":35,"turns":4},{"damage":28,"enemies":"3 Darklings","floor":36,"turns":4},{"damage":28,"enemies":"Maw","floor":38,"turns":5},{"damage":29,"enemies":"Nemesis","floor":44,"turns":3},{"damage":0,"enemies":"Writhing Mass","floor":45,"turns":3},{"damage":11,"enemies":"4 Shapes","floor":47,"turns":4},{"damage":12,"enemies":"Reptomancer","floor":48,"turns":3},{"damage":52,"enemies":"Awakened One","floor":50,"turns":8}],"seed_played":"-1850603457136507275","potions_obtained":[{"floor":8,"key":"Strength Potion"},{"floor":12,"key":"EssenceOfDarkness"},{"floor":16,"key":"Explosive Potion"},{"floor":23,"key":"DuplicationPotion"},{"floor":31,"key":"ColorlessPotion"},{"floor":48,"key":"EntropicBrew"}],"is_trial":false,"path_per_floor":["M","$","?","?","?","E","R","E","T","R","$","M","E","M","R","B",null,"M","?","M","$","?","E","R","E","T","M","R","M","M","M","R","B",null,"M","M","$","M","?","R","$","R","T","E","M","R","M","E","R","B",null],"character_chosen":"DEFECT","items_purchased":["Membership Card","Static Discharge","Mummified Hand","Capacitor","Storm","Bag of Preparation","FairyPotion","Rainbow","Symbiotic Virus","Lee\u0027s Waffle"],"campfire_rested":0,"item_purchase_floors":[11,11,21,21,37,37,37,37,41,41],"current_hp_per_floor":[75,75,68,68,68,68,68,68,68,68,68,67,64,63,63,26,69,58,58,40,40,40,29,29,34,34,48,48,48,64,40,40,30,69,69,46,46,40,40,40,76,76,76,51,69,69,66,72,72,44],"gold":241,"neow_bonus":"THREE_ENEMY_KILL","is_daily":false,"chose_seed":false,"campfire_upgraded":10,"win_rate":0.0,"timestamp":1613257663,"path_taken":["M","$","?","?","?","E","R","E","T","R","$","M","E","M","R","BOSS","M","?","M","$","?","E","R","E","T","M","R","M","M","M","R","BOSS","M","M","$","M","?","R","?","R","T","E","M","R","M","E","R","BOSS"],"items_purchased_type":["Relic","Card","Relic","Card","Card","Relic","Potion","Card","Relic","Relic"],"build_version":"2020-12-22","purchased_purges":1,"victory":true,"max_hp_per_floor":[75,75,75,69,69,69,69,69,69,69,69,69,69,69,69,69,69,69,69,69,69,69,69,69,69,69,69,69,69,69,69,69,69,69,69,69,69,69,69,69,76,76,76,76,76,76,76,76,76,76],"card_choices":[{"not_picked":["Redo","Stack"],"picked":"Conserve Battery","floor":1},{"not_picked":["Gash","Streamline","Go for the Eyes"],"picked":"SKIP","floor":6},{"not_picked":["Streamline","FTL"],"picked":"BootSequence","floor":8},{"not_picked":["Cold Snap","Hologram"],"picked":"Redo","floor":12},{"not_picked":["Hello World","Streamline"],"picked":"Heatsinks","floor":13},{"not_picked":["Stack","Coolheaded"],"picked":"Creative AI","floor":14},{"not_picked":["Core Surge","All For One"],"picked":"Machine Learning","floor":16},{"not_picked":["Beam Cell+1","Sweeping Beam"],"picked":"Hologram","floor":18},{"not_picked":["Steam+1","Force Field+1"],"picked":"Sunder","floor":20},{"not_picked":["Steam","Conserve Battery"],"picked":"Coolheaded","floor":23},{"not_picked":["Capacitor","Tempest"],"picked":"Loop","floor":25},{"not_picked":["Redo","Coolheaded"],"picked":"Skim","floor":27},{"not_picked":["Loop","Coolheaded"],"picked":"Storm","floor":29},{"not_picked":["Streamline+1","Steam"],"picked":"Chill","floor":30},{"not_picked":["Streamline","Rebound"],"picked":"Buffer","floor":31},{"not_picked":["Thunder Strike","Biased Cognition"],"picked":"Rainbow","floor":33},{"not_picked":["Rebound","Reinforced Body+1"],"picked":"Consume","floor":35},{"not_picked":["Stack+1","Scrape+1"],"picked":"Sunder+1","floor":36},{"not_picked":["Redo","Hologram+1","Reprogram"],"picked":"SKIP","floor":38},{"not_picked":["Genetic Algorithm","Beam Cell+1"],"picked":"Melter+1","floor":44},{"not_picked":["Amplify","Go for the Eyes","Lockon"],"picked":"SKIP","floor":45},{"not_picked":["Coolheaded","Rebound+1","Steam"],"picked":"SKIP","floor":47},{"not_picked":["White Noise","Tempest+1"],"picked":"Reinforced Body+1","floor":48}],"player_experience":411623,"relics_obtained":[{"floor":6,"key":"Meat on the Bone"},{"floor":8,"key":"Vajra"},{"floor":9,"key":"Kunai"},{"floor":13,"key":"Ornamental Fan"},{"floor":23,"key":"Tiny Chest"},{"floor":25,"key":"Akabeko"},{"floor":26,"key":"Whetstone"},{"floor":43,"key":"MawBank"},{"floor":44,"key":"Cables"},{"floor":44,"key":"DataDisk"},{"floor":48,"key":"Lantern"}],"event_choices":[{"cards_removed":["Strike_B"],"damage_healed":0,"gold_gain":0,"player_choice":"Card Removal","damage_taken":7,"max_hp_gain":0,"max_hp_loss":0,"event_name":"Golden Wing","floor":3,"gold_loss":0},{"damage_healed":0,"gold_gain":0,"player_choice":"Lose Max HP","damage_taken":0,"relics_obtained":["Golden Idol"],"max_hp_gain":0,"max_hp_loss":6,"event_name":"Golden Idol","floor":4,"gold_loss":0},{"damage_healed":0,"gold_gain":0,"player_choice":"Box","damage_taken":0,"relics_obtained":["PreservedInsect"],"max_hp_gain":0,"max_hp_loss":0,"event_name":"Big Fish","floor":5,"gold_loss":0,"cards_obtained":["Regret"]},{"damage_healed":0,"gold_gain":0,"player_choice":"Obtained Relic","damage_taken":0,"relics_obtained":["Bird Faced Urn"],"max_hp_gain":0,"max_hp_loss":0,"event_name":"Addict","floor":19,"gold_loss":85},{"damage_healed":0,"gold_gain":99,"player_choice":"Stole From Cult","damage_taken":0,"max_hp_gain":0,"max_hp_loss":0,"event_name":"Nest","floor":22,"gold_loss":0},{"damage_healed":0,"gold_gain":0,"player_choice":"1 cards matched","damage_taken":0,"max_hp_gain":0,"max_hp_loss":0,"event_name":"Match and Keep!","floor":39,"gold_loss":0,"cards_obtained":["Zap"]}],"is_beta":false,"boss_relics":[{"not_picked":["Velvet Choker","Tiny House"],"picked":"Philosopher\u0027s Stone"},{"not_picked":["SacredBark","Fusion Hammer"],"picked":"Black Star"}],"items_purged_floors":[37],"is_endless":false,"potions_floor_spawned":[8,12,16,18,23,31,38,44,47,48],"ascension_level":3}}