{"host":"zsnmfqgcm92hlreo","time":1613181738,"event":{"mods":["AchievementEnabler","BaseMod","Bestiary","Block Reminder","Colored Map","Colored Powertips","Filter the Spire","Minty Spire (QoL Compilation)","Permanent Neow","Quick Restart","Relic Stats","StSLib","Weighted Paths"],"gold_per_floor":[109,122,135,151,170,170,170],"floor_reached":6,"language":"ENG","playtime":250,"items_purged":[],"score":80,"play_id":"7a92d407-bd5a-4a1f-bac4-5211579e90bf","local_time":"20210212200218","is_ascension_mode":true,"campfire_choices":[],"circlet_count":0,"master_deck":["AscendersBane","Zap","Dualcast","Gash","Consume","Doom and Gloom","Rebound","Loop","Streamline","BootSequence","Creative AI","Capacitor","Tempest","Defragment","Undo","FTL"],"relics":["Pandora\u0027s Box"],"acts_visited":["Exordium"],"potions_floor_usage":[6],"damage_taken":[{"damage":10.0,"enemies":"Small Slimes","floor":1.0,"turns":3.0},{"damage":0.0,"enemies":"Cultist","floor":2.0,"turns":2.0},{"damage":5.0,"enemies":"2 Louse","floor":3.0,"turns":2.0},{"damage":26.0,"enemies":"Large Slime","floor":4.0,"turns":3.0},{"damage":12,"enemies":"Looter","floor":5,"turns":3},{"damage":32,"enemies":"Gremlin Nob","floor":6,"turns":3}],"seed_played":"-3391039914111895036","potions_obtained":[{"floor":1.0,"key":"Regen Potion"},{"floor":2.0,"key":"SpeedPotion"}],"is_trial":false,"path_per_floor":["M","M","M","M","M","E"],"character_chosen":"DEFECT","items_purchased":[],"campfire_rested":0,"item_purchase_floors":[],"current_hp_per_floor":[54,54,49,23,11,0,0],"gold":170,"neow_bonus":"BOSS_RELIC","is_daily":false,"chose_seed":false,"campfire_upgraded":0,"win_rate":0.0,"timestamp":1613181738,"path_taken":["M","M","M","M","M","E"],"items_purchased_type":[],"build_version":"2020-12-22","purchased_purges":0,"victory":false,"max_hp_per_floor":[71,71,71,71,71,71,71],"relic_stats":{"counters":[6,16],"Pandora\u0027s Box":["Gash","Consume","Doom and Gloom","Rebound","Loop","Streamline","BootSequence","Creative AI"],"obtain_stats":[{"Pandora\u0027s Box":0,"Cracked Core":0},{"Pandora\u0027s Box":0,"Cracked Core":0},{"Pandora\u0027s Box":0,"Cracked Core":0}]},"card_choices":[{"not_picked":["Skim","Rebound"],"picked":"Capacitor","floor":1.0},{"not_picked":["Beam Cell","Barrage"],"picked":"Tempest","floor":2.0},{"not_picked":["Tempest","Recycle"],"picked":"Defragment","floor":3.0},{"not_picked":["BootSequence","Fusion"],"picked":"Undo","floor":4},{"not_picked":["Compile Driver","Gash"],"picked":"FTL","floor":5}],"player_experience":1107854,"relics_obtained":[],"event_choices":[],"is_beta":false,"boss_relics":[],"items_purged_floors":[],"is_endless":false,"potions_floor_spawned":[1,2,5],"killed_by":"Gremlin Nob","ascension_level":20}}