{"host":"zxkjcgzis4pm3za5","time":1613223761,"event":{"mods":["AchievementEnabler","BaseMod","Colored Map","Colored Powertips","Minty Spire (QoL Compilation)","Quick Restart","Random Character Button","Relic Sorter","Relic Stats","StSLib"],"gold_per_floor":[216,266,285,298,28,61,61,95,95,95,95,119,147,147,147,147,147],"floor_reached":16,"language":"ENG","playtime":591,"items_purged":["Strike_G"],"score":236,"play_id":"731b7b40-8ca6-4482-87a0-ad415d406194","local_time":"20210213191241","is_ascension_mode":true,"campfire_choices":[{"data":"Neutralize","floor":7,"key":"SMITH"},{"floor":10,"key":"REST"},{"floor":15,"key":"REST"}],"circlet_count":0,"master_deck":["AscendersBane","Strike_G","Strike_G","Strike_G","Strike_G","Defend_G","Defend_G","Defend_G","Defend_G","Defend_G","Survivor","Neutralize+1","Dash","Leg Sweep","Dagger Throw","Flying Knee","Blade Dance","Sucker Punch"],"relics":["Ring of the Snake","Sling","Sundial","CeramicFish","The Courier","Strawberry"],"acts_visited":["Exordium"],"potions_floor_usage":[6,16],"damage_taken":[{"damage":0,"enemies":"2 Louse","floor":1,"turns":4},{"damage":0,"enemies":"Cultist","floor":3,"turns":4},{"damage":6,"enemies":"Small Slimes","floor":4,"turns":6},{"damage":14,"enemies":"3 Sentries","floor":6,"turns":9},{"damage":16,"enemies":"Gremlin Nob","floor":8,"turns":4},{"damage":9,"enemies":"2 Fungi Beasts","floor":12,"turns":4},{"damage":20,"enemies":"3 Sentries","floor":13,"turns":8},{"damage":28,"enemies":"Hexaghost","floor":16,"turns":11}],"seed_played":"-2050113765524203175","potions_obtained":[{"floor":1,"key":"GamblersBrew"},{"floor":4,"key":"PowerPotion"},{"floor":12,"key":"Dexterity Potion"}],"is_trial":false,"path_per_floor":["M","?","M","M","$","E","R","E","T","R","?","M","E","?","R","B"],"character_chosen":"THE_SILENT","items_purchased":["Sling","Flying Knee"],"campfire_rested":2,"item_purchase_floors":[5,5],"current_hp_per_floor":[59,53,53,47,47,33,33,17,17,36,41,32,19,1,24,0,0],"gold":147,"neow_bonus":"HUNDRED_GOLD","is_daily":false,"chose_seed":false,"campfire_upgraded":1,"win_rate":0.0,"timestamp":1613223761,"path_taken":["M","?","?","M","$","E","R","E","T","R","?","M","E","?","R","BOSS"],"items_purchased_type":["Relic","Card"],"build_version":"2020-12-22","purchased_purges":1,"victory":false,"max_hp_per_floor":[66,66,66,66,66,66,66,66,66,66,71,71,78,78,78,78,78],"relic_stats":{"counters":[8,50],"Sundial":[4],"CeramicFish":18,"obtain_stats":[{"Sundial":6,"CeramicFish":8,"Strawberry":13,"The Courier":9,"Sling":5,"Ring of the Snake":0},{"Sundial":4,"CeramicFish":5,"Strawberry":7,"The Courier":5,"Sling":3,"Ring of the Snake":0},{"Sundial":23,"CeramicFish":27,"Strawberry":39,"The Courier":27,"Sling":14,"Ring of the Snake":0}],"Ring of the Snake":[16]},"card_choices":[{"not_picked":["Endless Agony","Backflip"],"picked":"Dash","floor":1},{"not_picked":["Reflex","Outmaneuver"],"picked":"Leg Sweep","floor":3},{"not_picked":["Bouncing Flask","Acrobatics"],"picked":"Dagger Throw","floor":4},{"not_picked":["PiercingWail","Night Terror","Outmaneuver"],"picked":"SKIP","floor":6},{"not_picked":["Skewer","Poisoned Stab"],"picked":"Blade Dance","floor":8},{"not_picked":["Acrobatics","Riddle With Holes"],"picked":"Sucker Punch","floor":12},{"not_picked":["Riddle With Holes","Poisoned Stab","Grand Finale"],"picked":"SKIP","floor":13}],"player_experience":361157,"relics_obtained":[{"floor":6,"key":"Sundial"},{"floor":8,"key":"CeramicFish"},{"floor":9,"key":"The Courier"},{"floor":13,"key":"Strawberry"}],"event_choices":[{"damage_healed":0,"gold_gain":50,"player_choice":"Touch","damage_taken":6,"max_hp_gain":0,"max_hp_loss":0,"event_name":"FaceTrader","floor":2,"gold_loss":0},{"damage_healed":0,"gold_gain":0,"player_choice":"Donut","damage_taken":0,"max_hp_gain":5,"max_hp_loss":0,"event_name":"Big Fish","floor":11,"gold_loss":0},{"damage_healed":0,"gold_gain":0,"player_choice":"Fled","damage_taken":18,"max_hp_gain":0,"max_hp_loss":0,"event_name":"Scrap Ooze","floor":14,"gold_loss":0}],"is_beta":false,"boss_relics":[],"items_purged_floors":[5],"is_endless":false,"potions_floor_spawned":[1,4,12],"killed_by":"Hexaghost","ascension_level":20}}