{"host":"tgnam0g96qraiyqx","time":1613193439,"event":{"mods":["Always Whale","Aspiration","BaseMod","Beaked The Cultist","BetterRewards","Chen","Colored Map","Colored Powertips","Downfall","Energized Spire","FruityMod","FutureSeer","Glutton Mod","Gremlin Mod","HexUI Lib","Highlight Path","Hubris","Minty Spire (QoL Compilation)","Pikachu Mod","Replay The Spire","Shop Mod","StSLib","The Jungle","[IsaacMod]????"],"gold_per_floor":[99,109,109,109,128,128,181,195,195,105,105,139,139,158,170,274,274,274,292,307,407,424,440,464,464,482,482,482,517,517,100,116,226,226,226,237,252,252,271,271,297,297,297,309,331,331,15,42,42,45],"floor_reached":51,"language":"FRA","playtime":5329,"items_purged":["Pikachu:Defend_Yellow","Pikachu:Defend_Yellow","Pikachu:Defend_Yellow"],"score":722,"play_id":"a99fc927-c16a-4828-bc7e-0cbff6ed0693","local_time":"20210213061719","is_ascension_mode":false,"campfire_choices":[{"data":"Pikachu:ElectroBall","floor":1.0,"key":"SMITH"},{"data":"Pikachu:Charge_Beam","floor":9.0,"key":"SMITH"},{"data":"Pikachu:VoltSwitch","floor":13.0,"key":"SMITH"},{"data":"Pikachu:PlayNice","floor":18,"key":"SMITH"},{"data":"Pikachu:PlayNice","floor":25,"key":"SMITH"},{"data":"Pikachu:VoltSwitch","floor":27,"key":"SMITH"},{"data":"Pikachu:Cut","floor":30,"key":"SMITH"},{"data":"Pikachu:Swagger","floor":35,"key":"SMITH"},{"data":"Pikachu:Charge_Beam","floor":40,"key":"SMITH"},{"data":"Pikachu:Growl","floor":43,"key":"SMITH"},{"floor":46,"key":"REST"},{"floor":49,"key":"REST"}],"circlet_count":0,"master_deck":["Pikachu:TailWhip+1","Pikachu:Growl+1","Pikachu:ElectroBall+1","Pikachu:QuickAttack","Pikachu:ThunderShock","Pikachu:Flash+1","Pikachu:Double_Team","Pikachu:Charge_Beam+1","Pikachu:Secret_Power+1","Pikachu:VoltSwitch+1","Pikachu:PlayNice+1","Pikachu:Cut+1","Pikachu:PlayNice+1","Pikachu:Swagger+1","Pikachu:VoltSwitch+1","Pikachu:WildCharge","Pikachu:Slam","Pikachu:Charge_Beam+1","Pikachu:Discharge+1"],"relics":["Pikachu:LeftoversRelic","HushsDoor","BookofShadows","hubris:Towel","Nunchaku","Replay:Baseball","Busted Crown","Pondfish Scales","Darkstone Periapt","Smiling Mask","PunchingBag","Juzu Bracelet","Omamori","Cursed Key","BelialBook","Bottled Flame","Quantum Egg","War Paint"],"acts_visited":["Exordium","TheCity","TheBeyond"],"potions_floor_usage":[21,21,33,50,50,50],"damage_taken":[{"damage":4.0,"enemies":"2 Louse","floor":2.0,"turns":2.0},{"damage":0.0,"enemies":"Small Slimes","floor":5.0,"turns":3.0},{"damage":5.0,"enemies":"Jaw Worm","floor":8.0,"turns":3.0},{"damage":0.0,"enemies":"downfall:FleeingMerchant","floor":10.0,"turns":4.0},{"damage":3.0,"enemies":"Lagavulin","floor":12.0,"turns":6.0},{"damage":0.0,"enemies":"Large Slime","floor":14.0,"turns":5.0},{"damage":6.0,"enemies":"Lots of Slimes","floor":15.0,"turns":3.0},{"damage":9.0,"enemies":"WA_ARCHETYPE_RETAIN","floor":16.0,"turns":6.0},{"damage":0,"enemies":"3 Byrds","floor":19,"turns":4},{"damage":13,"enemies":"Centurion and Healer","floor":20,"turns":8},{"damage":13,"enemies":"Colosseum Nobs","floor":21,"turns":5},{"damage":0,"enemies":"Snake Plant","floor":22,"turns":3},{"damage":3,"enemies":"Chosen and Byrds","floor":23,"turns":3},{"damage":1,"enemies":"Centurion and Healer","floor":26,"turns":8},{"damage":0,"enemies":"Replay:Snechameleon","floor":29,"turns":6},{"damage":0,"enemies":"downfall:FleeingMerchant","floor":31,"turns":4},{"damage":7,"enemies":"Sentry and Sphere","floor":32,"turns":5},{"damage":2,"enemies":"IC_MUSHROOM_ARCHETYPE","floor":33,"turns":21},{"damage":1,"enemies":"Orb Walker","floor":36,"turns":5},{"damage":4,"enemies":"3 Shapes","floor":37,"turns":5},{"damage":0,"enemies":"Maw","floor":39,"turns":8},{"damage":0,"enemies":"3 Darklings","floor":44,"turns":5},{"damage":47,"enemies":"Sphere and 2 Shapes","floor":45,"turns":8},{"damage":7,"enemies":"downfall:FleeingMerchant","floor":47,"turns":4},{"damage":32,"enemies":"R_Hoarder","floor":48,"turns":8},{"damage":21,"enemies":"DF_ARCHETYPE_ORBS","floor":50,"turns":16}],"seed_played":"526257698550919874","potions_obtained":[{"floor":5.0,"key":"Reflective Coating"},{"floor":8.0,"key":"Toxic Potion"},{"floor":14.0,"key":"Languid Potion"},{"floor":15.0,"key":"Slimebound:ThreeZeroPotion"},{"floor":16.0,"key":"Explosive Potion"},{"floor":19,"key":"FearPotion"},{"floor":22,"key":"SteroidPotion"},{"floor":26,"key":"FearPotion"},{"floor":29,"key":"Weak Potion"},{"floor":33,"key":"Doom Potion"}],"is_trial":false,"path_per_floor":["R","M","?","?","M","?","T","M","R","$","?","E","R","M","M","B",null,"R","M","M","?","M","M","T","R","M","R","?","E","R","$","M","B",null,"R_BF","M","M","?","M","R","T","?","R","M","M","R","$","E","R","B",null],"character_chosen":"THE_DEFAULT","items_purchased":["Pikachu:PlayNice","Juzu Bracelet","Pikachu:Charge_Beam","Omamori","Quantum Egg"],"campfire_rested":2,"item_purchase_floors":[17,31,31,31,47],"current_hp_per_floor":[70,66,66,66,68,68,68,65,65,67,67,66,66,68,64,57,67,67,67,54,43,45,44,44,44,45,45,45,47,47,49,44,44,67,67,66,63,63,65,65,65,65,65,67,20,40,35,5,25,6],"gold":45,"neow_bonus":"UPGRADE_CARD","is_daily":false,"chose_seed":false,"campfire_upgraded":10,"win_rate":0.0,"timestamp":1613193439,"path_taken":["R","M","?","?","M","?","T","?","R","$","?","E","R","M","M","BOSS","R","M","M","?","M","?","T","R","M","R","?","E","R","?","M","BOSS","R_BF","M","M","?","M","R","T","?","R","M","M","R","$","E","R","BOSS"],"items_purchased_type":["Card","Relic","Card","Relic","Relic"],"build_version":"2020-12-22","purchased_purges":3,"victory":true,"max_hp_per_floor":[70,70,70,70,70,70,70,70,70,70,70,70,70,70,70,70,67,67,67,67,67,67,67,67,67,67,67,67,67,67,67,67,67,67,67,67,67,67,67,67,67,67,67,67,67,67,67,67,67,67],"card_choices":[{"not_picked":["Pikachu:Secret_Power","Pikachu:ZapCannon"],"picked":"Pikachu:Double_Team","floor":2.0},{"not_picked":["Pikachu:VoltSwitch","Pikachu:Metronome"],"picked":"Pikachu:Charge_Beam","floor":5.0},{"not_picked":["Pikachu:WildCharge","Pikachu:Slam"],"picked":"Pikachu:Secret_Power","floor":8.0},{"not_picked":["Pikachu:Cut","Pikachu:Thunder","Pikachu:Slam"],"picked":"SKIP","floor":10.0},{"not_picked":["Pikachu:Attract","Pikachu:Thunderbolt"],"picked":"Pikachu:VoltSwitch","floor":12.0},{"not_picked":["Pikachu:Mega_Punch","Pikachu:Secret_Power"],"picked":"Pikachu:PlayNice","floor":14.0},{"not_picked":["Pikachu:Fling","Pikachu:Rage"],"picked":"Pikachu:Cut","floor":15.0},{"not_picked":["Pikachu:Secret_Power"],"picked":"SKIP","floor":19},{"not_picked":["Pikachu:TakeDown"],"picked":"SKIP","floor":20},{"not_picked":[],"picked":"Pikachu:Swagger","floor":21},{"not_picked":[],"picked":"Pikachu:VoltSwitch","floor":22},{"not_picked":["Pikachu:ElectroBall"],"picked":"SKIP","floor":23},{"not_picked":[],"picked":"Pikachu:WildCharge","floor":26},{"not_picked":[],"picked":"Pikachu:Slam","floor":29},{"not_picked":["Pikachu:VoltSwitch"],"picked":"SKIP","floor":31},{"not_picked":["Pikachu:Thunderbolt"],"picked":"SKIP","floor":32},{"not_picked":["Pikachu:ElectroBall"],"picked":"SKIP","floor":36},{"not_picked":[],"picked":"Pikachu:Discharge+1","floor":37},{"not_picked":["Pikachu:NaturalGift+1"],"picked":"SKIP","floor":39},{"not_picked":["Pikachu:Swift"],"picked":"SKIP","floor":44},{"not_picked":["Pikachu:Iron_Tail+1"],"picked":"SKIP","floor":45},{"not_picked":["Pikachu:WildCharge+1"],"picked":"SKIP","floor":47},{"not_picked":["Pikachu:Cut"],"picked":"SKIP","floor":48}],"player_experience":1204510,"relics_obtained":[{"floor":7.0,"key":"Nunchaku"},{"floor":12.0,"key":"Replay:Baseball"},{"floor":21,"key":"Pondfish Scales"},{"floor":21,"key":"Darkstone Periapt"},{"floor":24,"key":"Smiling Mask"},{"floor":29,"key":"PunchingBag"},{"floor":41,"key":"BelialBook"},{"floor":42,"key":"Bottled Flame"},{"floor":48,"key":"War Paint"}],"event_choices":[],"is_beta":false,"boss_relics":[{"not_picked":["ReplayTheSpireMod:DimensionalGlitch","aspiration:RunicSpoon"],"picked":"Busted Crown"},{"not_picked":[]},{"not_picked":["Ring of Chaos","bronze:MakeshiftBattery"],"picked":"Cursed Key"},{"not_picked":[]}],"items_purged_floors":[10,31,47],"is_endless":false,"potions_floor_spawned":[5,8,14,15,16,19,22,26,29,33,39,44],"ascension_level":0}}