{"host":"3zmssa4s99zhxek5","time":1613191725,"event":{"mods":["AchievementEnabler","BaseMod","Minty Spire (QoL Compilation)","Permanent Neow","Relic Stats"],"gold_per_floor":[167,182,195,206,220,220,220,243,294,307,307,359,383,405,405,405,405],"floor_reached":16,"language":"KOR","playtime":1097,"items_purged":[],"score":196,"play_id":"0b9e86b1-c52e-4d8d-88d3-ef754ca8e8e0","local_time":"20210213134845","is_ascension_mode":true,"campfire_choices":[{"floor":7,"key":"REST"},{"data":"Fire Breathing","floor":15,"key":"SMITH"}],"circlet_count":0,"master_deck":["AscendersBane","Strike_R","Strike_R","Strike_R","Strike_R","Defend_R+1","Defend_R","Defend_R","Defend_R","Bash","Flex","Anger","Iron Wave","Cleave","Heavy Blade","Clash","Flex","Shrug It Off","Cleave","Fire Breathing+1"],"relics":["Tiny House","Golden Idol","Toy Ornithopter","CeramicFish"],"acts_visited":["Exordium"],"potions_floor_usage":[11,14,16],"damage_taken":[{"damage":0.0,"enemies":"Cultist","floor":1.0,"turns":3.0},{"damage":19.0,"enemies":"Small Slimes","floor":2.0,"turns":4.0},{"damage":9.0,"enemies":"Jaw Worm","floor":3.0,"turns":4.0},{"damage":34,"enemies":"Gremlin Gang","floor":4,"turns":6},{"damage":8,"enemies":"3 Louse","floor":5,"turns":4},{"damage":9,"enemies":"Red Slaver","floor":8,"turns":2},{"damage":9,"enemies":"Exordium Wildlife","floor":10,"turns":5},{"damage":4,"enemies":"Large Slime","floor":13,"turns":5},{"damage":9,"enemies":"Red Slaver","floor":14,"turns":4},{"damage":24,"enemies":"Slime Boss","floor":16,"turns":5}],"seed_played":"-6314191273735452877","potions_obtained":[{"floor":0.0,"key":"PowerPotion"},{"floor":4,"key":"Strength Potion"},{"floor":8,"key":"BloodPotion"},{"floor":13,"key":"DuplicationPotion"}],"is_trial":false,"path_per_floor":["M","M","M","M","M","?","R","M","T","M","?","T","M","M","R","B"],"character_chosen":"IRONCLAD","items_purchased":[],"campfire_rested":1,"item_purchase_floors":[],"current_hp_per_floor":[73,54,45,11,3,3,24,15,15,6,18,18,14,10,10,0,0],"gold":405,"neow_bonus":"BOSS_RELIC","is_daily":false,"chose_seed":false,"campfire_upgraded":1,"win_rate":0.0,"timestamp":1613191725,"path_taken":["M","M","M","M","M","?","R","M","T","M","?","?","M","M","R","BOSS"],"items_purchased_type":[],"build_version":"2020-12-22","purchased_purges":0,"victory":false,"max_hp_per_floor":[80,80,80,80,80,72,72,72,72,72,72,72,72,72,72,72,72],"relic_stats":{"counters":[10,42],"Golden Idol":14,"CeramicFish":18,"obtain_stats":[{"Tiny House":0,"Golden Idol":6,"CeramicFish":12,"Burning Blood":0,"Toy Ornithopter":9},{"Tiny House":0,"Golden Idol":5,"CeramicFish":7,"Burning Blood":0,"Toy Ornithopter":6},{"Tiny House":0,"Golden Idol":21,"CeramicFish":28,"Burning Blood":0,"Toy Ornithopter":23}],"Toy Ornithopter":15},"card_choices":[{"not_picked":["Heavy Blade","Warcry"],"picked":"Flex","floor":0.0},{"not_picked":["Searing Blow","Battle Trance"],"picked":"Anger","floor":1.0},{"not_picked":["Bloodletting","Wild Strike"],"picked":"Iron Wave","floor":2.0},{"not_picked":["Clothesline","Shrug It Off"],"picked":"Cleave","floor":3.0},{"not_picked":["Infernal Blade","Clash"],"picked":"Heavy Blade","floor":4},{"not_picked":["Wild Strike","Sentinel"],"picked":"Clash","floor":5},{"not_picked":["Bloodletting","Corruption"],"picked":"Flex","floor":8},{"not_picked":["Anger","Cleave"],"picked":"Shrug It Off","floor":10},{"not_picked":["Body Slam","Wild Strike"],"picked":"Cleave","floor":13},{"not_picked":["Cleave","Infernal Blade"],"picked":"Fire Breathing","floor":14}],"player_experience":1623877,"relics_obtained":[{"floor":9,"key":"Toy Ornithopter"},{"floor":12,"key":"CeramicFish"}],"event_choices":[{"damage_healed":0,"gold_gain":0,"player_choice":"Lose Max HP","damage_taken":0,"relics_obtained":["Golden Idol"],"max_hp_gain":0,"max_hp_loss":8,"event_name":"Golden Idol","floor":6,"gold_loss":0},{"cards_removed":["Strike_R"],"damage_healed":0,"gold_gain":0,"player_choice":"Card Removal","damage_taken":7,"max_hp_gain":0,"max_hp_loss":0,"event_name":"Golden Wing","floor":11,"gold_loss":0}],"is_beta":false,"boss_relics":[],"items_purged_floors":[],"is_endless":false,"potions_floor_spawned":[4,8,13],"killed_by":"Slime Boss","ascension_level":20}}