{"host":"ox77rn1xcurm2t5a","time":1613181262,"event":{"mods":["2.2 Compatiblity","AchievementEnabler","Act Like it!","Aspiration","BaseMod","Best Route Mod","Better Match","Better Note","Better Sensory Stone","Block Reminder","Colored Map","Colored Powertips","Conjunction","Conspire","Custom Start","Energized Spire","GifTheSpireLib","Gold Saver","Gremlin Skip","Halation","Highlight Path","Hubris","Infinite Spire","Minty Spire (QoL Compilation)","Pale of the Ancients","Quick Restart","Replay The Spire","Reworked Bosses","ShortenTheSpire","Spire Exporter","StSLib","Stuff the Spire","Wandering Minibosses"],"gold_per_floor":[613,613,613,623,123,154,154,171,222,254,270,303,303,303,303,399,399,511,511,601,601,20,20,35,35,35,63,63,90,90,115,115,217,217,231,231,9,26,26,26,57,57,57,70,70,89,116,16,116,116,116,116,116,151,151],"floor_reached":56,"language":"ENG","playtime":1214,"items_purged":["Defend_R","Defend_R","Defend_R"],"score":1367,"play_id":"8c58ef02-59a8-4894-810f-78caf2c4d54d","local_time":"20210213035422","is_ascension_mode":true,"campfire_choices":[{"floor":7.0,"key":"RECALL"},{"data":"Pummel","floor":13.0,"key":"SMITH"},{"data":"StuffTheSpire:BrainWave","floor":15.0,"key":"SMITH"},{"data":"infinitespire:Collect","floor":23.0,"key":"SMITH"},{"data":"infinitespire:Gouge","floor":25.0,"key":"SMITH"},{"data":"Cleave","floor":28.0,"key":"SMITH"},{"data":"Perfected Strike","floor":32.0,"key":"SMITH"},{"data":"Spot Weakness","floor":40.0,"key":"SMITH"},{"data":"Metallicize","floor":45.0,"key":"SMITH"},{"data":"Metallicize","floor":49,"key":"SMITH"},{"data":"Perfected Strike","floor":52,"key":"SMITH"}],"circlet_count":0,"master_deck":["Strike_R","Strike_R","Strike_R","Strike_R","Strike_R","Defend_R","Bash+1","Perfected Strike+1","Pummel+1","Cleave+1","Clash","Perfected Strike+1","StuffTheSpire:BrainWave+1","infinitespire:Gouge+1","infinitespire:Collect+1","Shrug It Off+1","Perfected Strike","Clash","Metallicize+1","Spot Weakness+1","Twin Strike+1","Metallicize+1","Metallicize+1","Perfected Strike+1"],"relics":["Burning Blood","NeowsBlessing","TheAbacus","Bird Faced Urn","Happy Flower","hubris:MobiusCoin","StuffTheSpire:PointBlank","hubris:RunicObelisk","StuffTheSpire:Experiment12","hubris:SlimyHat","halation:Sosunser","Sundial","Replay:Bottled Steam","Shuriken","infinitespire:Satchel","Philosopher\u0027s Stone","infinitespire:Lucky Rock","Mercury Hourglass","Replay:Mystery Machine","Paper Frog","wanderingMiniBosses:AbyssPearl","Regal Pillow","StuffTheSpire:NeowsTribute"],"acts_visited":["Exordium","TheCity","TheBeyond","TheEnding"],"potions_floor_usage":[50],"damage_taken":[{"damage":0.0,"enemies":"2 Louse","floor":1.0,"turns":1.0},{"damage":0.0,"enemies":"Small Slimes","floor":4.0,"turns":1.0},{"damage":0.0,"enemies":"3 Sentries","floor":6.0,"turns":2.0},{"damage":12.0,"enemies":"Jaw Worm","floor":8.0,"turns":2.0},{"damage":0.0,"enemies":"Gremlin Nob","floor":10.0,"turns":2.0},{"damage":9.0,"enemies":"3 Louse","floor":11.0,"turns":3.0},{"damage":8.0,"enemies":"3 Sentries","floor":12.0,"turns":4.0},{"damage":28.0,"enemies":"Fading Forest","floor":16.0,"turns":11.0},{"damage":0.0,"enemies":"Spheric Guardian","floor":18.0,"turns":2.0},{"damage":9.0,"enemies":"Shell Parasite","floor":24.0,"turns":2.0},{"damage":20.0,"enemies":"Slavers","floor":27.0,"turns":4.0},{"damage":12.0,"enemies":"Gremlin Leader","floor":29.0,"turns":4.0},{"damage":4.0,"enemies":"Slavers","floor":31.0,"turns":2.0},{"damage":0.0,"enemies":"bossMod:newCollector","floor":33.0,"turns":4.0},{"damage":0.0,"enemies":"3 Darklings","floor":35.0,"turns":2.0},{"damage":12.0,"enemies":"Orb Walker","floor":38.0,"turns":2.0},{"damage":24.0,"enemies":"Nemesis","floor":41.0,"turns":3.0},{"damage":0.0,"enemies":"Maw","floor":42.0,"turns":1.0},{"damage":26.0,"enemies":"4 Shapes","floor":44.0,"turns":4.0},{"damage":9.0,"enemies":"Jaw Worm Horde","floor":46.0,"turns":2.0},{"damage":0,"enemies":"Reptomancer","floor":47,"turns":3},{"damage":26,"enemies":"Replay:Hell Engine","floor":50,"turns":7},{"damage":0,"enemies":"Shield and Spear","floor":54,"turns":4},{"damage":90,"enemies":"The Heart","floor":55,"turns":7}],"seed_played":"2283388661339051302","potions_obtained":[{"floor":10.0,"key":"EntropicBrew"},{"floor":11.0,"key":"LiquidBronze"},{"floor":18.0,"key":"Strength Potion"},{"floor":27.0,"key":"Cursed Concoction"},{"floor":30.0,"key":"FairyPotion"},{"floor":41.0,"key":"SmokeBomb"},{"floor":46.0,"key":"PowerPotion"}],"is_trial":false,"path_per_floor":["M","?","?","M","$","E","R","M","T","E","M","E","R","?","R","B",null,"M","AVR","?","?","$","R","M","R","T","E","R","E","?","E","R","B",null,"M","?","$","M","?","R","E","M","T","M","R","M","E","$","R","B",null,"R","$","E","B",null],"character_chosen":"IRONCLAD","items_purchased":["StuffTheSpire:Mouthbags","Cleave","TheAbacus","Venom Potion","hubris:SlimyHat","Shrug It Off+1","halation:Sosunser","Sundial","Spot Weakness","infinitespire:Lucky Rock"],"campfire_rested":0,"item_purchase_floors":[5,5,5,5,22,22,22,22,37,37],"current_hp_per_floor":[80,80,80,80,80,80,80,74,74,80,77,75,75,75,75,74,80,80,80,68,68,68,68,65,65,65,51,51,45,45,47,47,53,80,80,80,80,74,74,74,58,64,64,46,46,47,57,57,57,45,80,80,80,80,25],"gold":151,"neow_bonus":"THREE_ENEMY_KILL","is_daily":false,"chose_seed":false,"campfire_upgraded":10,"win_rate":0.0,"timestamp":1613181262,"path_taken":["M","?","?","M","$","E","R","M","T","E","M","E","R","?","R","BOSS","M","AVR","?","?","$","R","?","R","T","E","R","E","?","E","R","BOSS","M","?","$","M","?","R","E","M","T","?","R","M","E","$","R","BOSS","R","$","E","BOSS"],"items_purchased_type":["Relic","Card","Relic","Potion","Relic","Card","Relic","Relic","Card","Relic"],"build_version":"2020-12-22","purchased_purges":3,"victory":true,"max_hp_per_floor":[80,80,80,80,80,80,80,80,80,80,80,80,80,80,80,80,80,80,80,80,80,80,80,80,80,80,80,80,80,80,80,80,80,80,80,80,80,80,80,80,80,80,80,80,80,80,80,80,80,80,80,80,80,80,80],"card_choices":[{"not_picked":["Clothesline","Anger"],"picked":"Perfected Strike","floor":1.0},{"not_picked":["Dark Embrace","StuffTheSpire:Incineration"],"picked":"Pummel","floor":4.0},{"not_picked":["Blood for Blood","Warcry"],"picked":"Clash","floor":6.0},{"not_picked":["StuffTheSpire:Slingshot","Second Wind"],"picked":"Perfected Strike","floor":8.0},{"not_picked":["True Grit","ReplayTheSpireMod:Corrosion Curse","Warcry"],"picked":"SKIP","floor":10.0},{"not_picked":["ReplayTheSpireMod:Strike From Hell","Whirlwind","Warcry"],"picked":"SKIP","floor":11.0},{"not_picked":["StuffTheSpire:Resist","Ghostly Armor","Reckless Charge"],"picked":"SKIP","floor":12.0},{"not_picked":["StuffTheSpire:Ambrosia","StuffTheSpire:Brawn"],"picked":"StuffTheSpire:BrainWave","floor":14.0},{"not_picked":["Body Slam+1","Iron Wave","Pommel Strike"],"picked":"SKIP","floor":18.0},{"not_picked":["conspire:ExplosiveBarrier+1","ReplayTheSpireMod:Strike From Hell"],"picked":"Perfected Strike","floor":24.0},{"not_picked":["Sever Soul","Second Wind"],"picked":"Clash","floor":27.0},{"not_picked":["Flex+1","StuffTheSpire:Resist","Armaments+1"],"picked":"SKIP","floor":29.0},{"not_picked":["Double Tap","Bludgeon","Flex"],"picked":"SKIP","floor":31.0},{"not_picked":["infinitespire:OneForAll","StuffTheSpire:Incineration"],"picked":"Metallicize","floor":35.0},{"not_picked":["conspire:Charge+1","StuffTheSpire:RockThrow+1"],"picked":"Twin Strike+1","floor":38.0},{"not_picked":["StuffTheSpire:RockThrow","Warcry+1","Flex+1"],"picked":"SKIP","floor":41.0},{"not_picked":["StuffTheSpire:Slingshot+1","Entrench+1"],"picked":"Metallicize","floor":44.0},{"not_picked":["Pommel Strike","StuffTheSpire:Incineration+1","Body Slam+1"],"picked":"SKIP","floor":46.0},{"not_picked":["Intimidate+1","Thunderclap"],"picked":"Metallicize+1","floor":47},{"not_picked":["Twin Strike","Dual Wield"],"picked":"Perfected Strike+1","floor":54}],"player_experience":3095302,"relics_obtained":[{"floor":6.0,"key":"Bird Faced Urn"},{"floor":9.0,"key":"Happy Flower"},{"floor":10.0,"key":"hubris:MobiusCoin"},{"floor":12.0,"key":"StuffTheSpire:PointBlank"},{"floor":27.0,"key":"Replay:Bottled Steam"},{"floor":29.0,"key":"Shuriken"},{"floor":31.0,"key":"infinitespire:Satchel"},{"floor":41.0,"key":"Replay:Mystery Machine"},{"floor":43.0,"key":"Paper Frog"},{"floor":44.0,"key":"wanderingMiniBosses:AbyssPearl"},{"floor":47,"key":"Regal Pillow"},{"floor":54,"key":"StuffTheSpire:NeowsTribute"}],"event_choices":[{"damage_healed":0.0,"max_hp_gain":0.0,"max_hp_loss":0.0,"gold_gain":0.0,"event_name":"Liars Game","player_choice":"Ignored","floor":3.0,"gold_loss":0.0,"damage_taken":0.0},{"damage_healed":0.0,"max_hp_gain":0.0,"max_hp_loss":0.0,"gold_gain":90.0,"event_name":"Knowing Skull","player_choice":"GOLD ","floor":20.0,"potions_obtained":[],"gold_loss":0.0,"damage_taken":12.0,"cards_obtained":[]},{"damage_healed":0.0,"max_hp_gain":0.0,"max_hp_loss":0.0,"gold_gain":0.0,"event_name":"FaceTrader","player_choice":"Leave","floor":21.0,"gold_loss":0.0,"damage_taken":0.0},{"damage_healed":0.0,"max_hp_gain":0.0,"max_hp_loss":0.0,"gold_gain":0.0,"event_name":"Lab","player_choice":"Got Potions","floor":30.0,"gold_loss":0.0,"damage_taken":0.0},{"damage_healed":0.0,"max_hp_gain":0.0,"max_hp_loss":0.0,"gold_gain":0.0,"event_name":"WeMeetAgain","player_choice":"Gave Potion","floor":39.0,"gold_loss":0.0,"damage_taken":0.0,"relics_obtained":["Mercury Hourglass"]}],"is_beta":false,"boss_relics":[{"not_picked":["infinitespire:Burning Sword","StuffTheSpire:ModemDavis"],"picked":"hubris:RunicObelisk"},{"not_picked":["Mark of Pain","SacredBark"],"picked":"Philosopher\u0027s Stone"}],"items_purged_floors":[5,19,48],"is_endless":false,"potions_floor_spawned":[10,11,18,27,33,41,42,46],"ascension_level":2}}