{"host":"344lv32hnei0mdhu","time":1612770917,"event":{"mods":["Act Like it!","BaseMod","Better Match","Better Sensory Stone","Better Skull","Better Third Choice","Better Vampires","Colored Powertips","Highlight Path","Minty Spire (QoL Compilation)","Quick Restart","Random Character Button","Rare Cards Sparkle","StSLib"],"gold_per_floor":[114,45,45,45,63,97,97,124,124,165,192,221,249,278,290,406,418,443,473,175,175,188,188,188],"floor_reached":23,"language":"ENG","playtime":791,"items_purged":["Strike_B"],"score":369,"play_id":"28ead69d-8baa-48a3-85da-80b56d2a4903","local_time":"20210208015517","is_ascension_mode":true,"campfire_choices":[{"data":"Static Discharge","floor":7.0,"key":"SMITH"},{"data":"Defragment","floor":15.0,"key":"SMITH"}],"circlet_count":0,"master_deck":["AscendersBane","Strike_B","Strike_B","Strike_B","Defend_B","Defend_B","Defend_B","Defend_B","Zap","Dualcast","Capacitor","Defragment+1","Self Repair","Static Discharge+1","Coolheaded","Ball Lightning","Undo","Auto Shields","Static Discharge","Creative AI","Leap","Self Repair","Defragment+1","Reboot"],"relics":["Cracked Core","NeowsBlessing","Mummified Hand","Vajra","MawBank","Lantern","Inserter","Membership Card","Pear"],"acts_visited":["Exordium","TheCity"],"potions_floor_usage":[18],"damage_taken":[{"damage":0.0,"enemies":"Small Slimes","floor":1.0,"turns":1.0},{"damage":0.0,"enemies":"Cultist","floor":5.0,"turns":1.0},{"damage":0.0,"enemies":"Lagavulin","floor":6.0,"turns":1.0},{"damage":25.0,"enemies":"Gremlin Nob","floor":8.0,"turns":4.0},{"damage":5.0,"enemies":"3 Sentries","floor":10.0,"turns":7.0},{"damage":11.0,"enemies":"Jaw Worm","floor":11.0,"turns":4.0},{"damage":13.0,"enemies":"Gremlin Gang","floor":12.0,"turns":5.0},{"damage":9.0,"enemies":"2 Fungi Beasts","floor":13.0,"turns":4.0},{"damage":0.0,"enemies":"Blue Slaver","floor":14.0,"turns":3.0},{"damage":7.0,"enemies":"Hexaghost","floor":16.0,"turns":13.0},{"damage":13,"enemies":"3 Byrds","floor":18,"turns":3},{"damage":20,"enemies":"Spheric Guardian","floor":19,"turns":4},{"damage":21,"enemies":"Snake Plant","floor":22,"turns":3},{"damage":56,"enemies":"Gremlin Leader","floor":23,"turns":6}],"seed_played":"-3992451124126197970","potions_obtained":[{"floor":1.0,"key":"AttackPotion"},{"floor":8.0,"key":"SkillPotion"},{"floor":10.0,"key":"Block Potion"},{"floor":13.0,"key":"Explosive Potion"},{"floor":22,"key":"Energy Potion"}],"is_trial":false,"path_per_floor":["M","$","?","?","M","E","R","E","T","E","M","M","M","M","R","B",null,"M","M","$","?","M","E"],"character_chosen":"DEFECT","items_purchased":["Defragment","Membership Card","Pear"],"campfire_rested":0,"item_purchase_floors":[2,20,20],"current_hp_per_floor":[68,68,68,68,68,75,75,57,57,59,55,49,47,47,47,47,68,62,49,59,59,45,0,0],"gold":188,"neow_bonus":"THREE_ENEMY_KILL","is_daily":false,"chose_seed":false,"campfire_upgraded":2,"win_rate":0.0,"timestamp":1612770917,"path_taken":["M","$","?","?","M","E","R","E","T","E","M","M","M","M","R","BOSS","M","M","$","?","?","E"],"items_purchased_type":["Card","Relic","Relic"],"build_version":"2020-12-22","purchased_purges":1,"victory":false,"max_hp_per_floor":[75,75,75,75,75,75,75,75,75,75,75,75,75,75,75,75,75,75,75,85,85,85,85,85],"card_choices":[{"not_picked":["Hello World","Steam"],"picked":"Capacitor","floor":1.0},{"not_picked":["Stack","Compile Driver"],"picked":"Self Repair","floor":5.0},{"not_picked":["Ball Lightning","Beam Cell"],"picked":"Static Discharge","floor":6.0},{"not_picked":["Darkness","Reprogram"],"picked":"Coolheaded","floor":8.0},{"not_picked":["Barrage","Force Field"],"picked":"Ball Lightning","floor":10.0},{"not_picked":["Hologram","Double Energy"],"picked":"Undo","floor":11.0},{"not_picked":["Sweeping Beam","Doom and Gloom","Go for the Eyes"],"picked":"SKIP","floor":12.0},{"not_picked":["Streamline","Sweeping Beam"],"picked":"Auto Shields","floor":13.0},{"not_picked":["FTL","Consume"],"picked":"Static Discharge","floor":14.0},{"not_picked":["Amplify","Rainbow"],"picked":"Creative AI","floor":16.0},{"not_picked":["Steam","Conserve Battery"],"picked":"Leap","floor":18},{"not_picked":["White Noise","Ball Lightning"],"picked":"Self Repair","floor":19},{"not_picked":["BootSequence","Sweeping Beam"],"picked":"Reboot","floor":22}],"player_experience":419015,"relics_obtained":[{"floor":6.0,"key":"Mummified Hand"},{"floor":8.0,"key":"Vajra"},{"floor":9.0,"key":"MawBank"},{"floor":10.0,"key":"Lantern"}],"event_choices":[{"damage_healed":0.0,"max_hp_gain":0.0,"max_hp_loss":0.0,"gold_gain":0.0,"event_name":"Golden Wing","player_choice":"Ignored","floor":3.0,"gold_loss":0.0,"damage_taken":0.0},{"damage_healed":0.0,"max_hp_gain":0.0,"max_hp_loss":0.0,"gold_gain":1.0,"event_name":"betterStone:BetterStone","player_choice":"1","floor":4.0,"gold_loss":0.0,"damage_taken":0.0},{"damage_healed":0,"gold_gain":0,"player_choice":"Copied","damage_taken":0,"max_hp_gain":0,"max_hp_loss":0,"event_name":"Duplicator","floor":21,"gold_loss":0,"cards_obtained":["Defragment"]}],"is_beta":false,"boss_relics":[{"not_picked":["Tiny House","Fusion Hammer"],"picked":"Inserter"}],"items_purged_floors":[20],"is_endless":false,"potions_floor_spawned":[1,8,10,13,22],"killed_by":"Gremlin Leader","ascension_level":11}}