{"host":"6pfj0wha12yu6wq3","time":1612776961,"event":{"mods":["AchievementEnabler","BaseMod","Colored Map","Colored Powertips","Curses Come First","DeckTracker","Minty Spire (QoL Compilation)","RNG Fix","Relic Sorter","Relic Stats","StSLib","UnlockEverythingMod","ojb\u0027s Better Paths Mod","ojb\u0027s Info Mod"],"gold_per_floor":[112,187,23,23,39,55,80,105,105,123,123,137,137,162,162,238,238,255,255,255,8,23,54,54,87,87,87,102,114,142,153,153,225,225,242,142,142,197,197,228,245,245,323,340,340,368,381,416,416,416,416],"floor_reached":50,"language":"ENG","playtime":3346,"items_purged":["Quick Slash","Masterful Stab"],"score":1296,"play_id":"18e97f36-3093-4a8c-aa5b-958c7b57fbda","local_time":"20210208043601","is_ascension_mode":true,"campfire_choices":[{"floor":11.0,"key":"REST"},{"data":"Glass Knife","floor":13.0,"key":"SMITH"},{"data":"Leg Sweep","floor":15.0,"key":"SMITH"},{"data":"Wraith Form v2","floor":24.0,"key":"SMITH"},{"data":"A Thousand Cuts","floor":27,"key":"SMITH"},{"data":"Noxious Fumes","floor":32,"key":"SMITH"},{"floor":42,"key":"RECALL"},{"floor":49,"key":"REST"}],"circlet_count":0,"master_deck":["AscendersBane","Survivor","Neutralize","Trip","Poisoned Stab","Infinite Blades","Glass Knife+1","Calculated Gamble","Leg Sweep+1","Blade Dance","Wraith Form v2+1","Noxious Fumes+1","Dodge and Roll","Bullet Time","Glass Knife","A Thousand Cuts+1","Slice","Prepared","Footwork","Necronomicurse","Underhanded Strike","Tactician+1","Malaise","After Image","Reflex","Dash+1","Pain","Dodge and Roll+1","Acrobatics"],"relics":["Ring of the Snake","Pen Nib","TwistedFunnel","Darkstone Periapt","Blue Candle","PreservedInsect","Letter Opener","Gremlin Horn","Pandora\u0027s Box","Necronomicon","Potion Belt","Pear","Boot","Cursed Key","Peace Pipe","Anchor","Frozen Egg 2","Mummified Hand","CeramicFish"],"acts_visited":["Exordium","TheCity","TheBeyond"],"potions_floor_usage":[30,33,38,46,50],"damage_taken":[{"damage":7.0,"enemies":"Jaw Worm","floor":1.0,"turns":5.0},{"damage":4.0,"enemies":"Small Slimes","floor":5.0,"turns":3.0},{"damage":0.0,"enemies":"Cultist","floor":6.0,"turns":2.0},{"damage":21.0,"enemies":"3 Sentries","floor":7.0,"turns":10.0},{"damage":0.0,"enemies":"Large Slime","floor":10.0,"turns":3.0},{"damage":0.0,"enemies":"2 Fungi Beasts","floor":12.0,"turns":2.0},{"damage":0.0,"enemies":"Gremlin Nob","floor":14.0,"turns":2.0},{"damage":22.0,"enemies":"The Guardian","floor":16.0,"turns":15.0},{"damage":0.0,"enemies":"3 Byrds","floor":18.0,"turns":3.0},{"damage":2.0,"enemies":"Spheric Guardian","floor":22.0,"turns":5.0},{"damage":4.0,"enemies":"Slavers","floor":23.0,"turns":3.0},{"damage":6,"enemies":"Book of Stabbing","floor":25,"turns":5},{"damage":0,"enemies":"Snecko","floor":28,"turns":2},{"damage":2,"enemies":"Shelled Parasite and Fungi","floor":29,"turns":3},{"damage":0,"enemies":"Slavers","floor":30,"turns":2},{"damage":0,"enemies":"Snake Plant","floor":31,"turns":4},{"damage":50,"enemies":"Collector","floor":33,"turns":6},{"damage":2,"enemies":"Orb Walker","floor":35,"turns":3},{"damage":13,"enemies":"2 Orb Walkers","floor":38,"turns":4},{"damage":12,"enemies":"Nemesis","floor":40,"turns":5},{"damage":0,"enemies":"3 Shapes","floor":41,"turns":3},{"damage":0,"enemies":"Jaw Worm Horde","floor":44,"turns":3},{"damage":13,"enemies":"Giant Head","floor":46,"turns":7},{"damage":1,"enemies":"Sphere and 2 Shapes","floor":47,"turns":6},{"damage":16,"enemies":"Reptomancer","floor":48,"turns":5},{"damage":46,"enemies":"Awakened One","floor":50,"turns":2}],"seed_played":"7276550679424501814","potions_obtained":[{"floor":6.0,"key":"Dexterity Potion"},{"floor":12.0,"key":"Energy Potion"},{"floor":16.0,"key":"Regen Potion"},{"floor":18.0,"key":"Regen Potion"},{"floor":23.0,"key":"DistilledChaos"},{"floor":25,"key":"EssenceOfSteel"},{"floor":31,"key":"SkillPotion"},{"floor":41,"key":"Swift Potion"},{"floor":46,"key":"Poison Potion"},{"floor":47,"key":"EssenceOfSteel"},{"floor":48,"key":"ColorlessPotion"}],"is_trial":false,"path_per_floor":["M","?","$","?","M","M","E","T","T","M","R","M","R","E","R","B",null,"M","?","?","$","M","E","R","E","T","R","M","M","E","M","R","B",null,"M","$","?","?","?","E","M","R","T","M","?","E","M","E","R","B"],"character_chosen":"THE_SILENT","items_purchased":["TwistedFunnel","Potion Belt"],"campfire_rested":2,"item_purchase_floors":[3,21],"current_hp_per_floor":[52,41,41,30,26,26,5,5,5,5,24,24,24,24,24,2,50,50,50,35,35,67,73,73,67,67,67,67,65,65,65,65,15,65,63,63,63,50,50,38,38,38,44,44,44,31,30,14,39,0,0],"gold":416,"neow_bonus":"RANDOM_COLORLESS","is_daily":false,"chose_seed":false,"campfire_upgraded":5,"win_rate":0.0,"timestamp":1612776961,"path_taken":["M","?","$","?","M","M","E","?","T","M","R","M","R","E","R","BOSS","M","?","?","$","M","E","R","E","T","R","M","M","E","M","R","BOSS","M","$","?","?","?","E","M","R","T","?","?","E","M","E","R","BOSS"],"items_purchased_type":["Relic","Relic"],"build_version":"2020-12-22","purchased_purges":2,"victory":false,"max_hp_per_floor":[66,66,66,66,66,66,66,66,66,66,66,66,66,66,66,66,66,66,66,72,72,72,82,82,82,82,82,82,82,82,82,82,82,82,82,82,78,78,78,78,78,78,84,84,84,84,84,84,84,84,84],"relic_stats":{"Darkstone Periapt":12,"Gremlin Horn":[18,22],"counters":[26,113],"Blue Candle":[5],"CeramicFish":0,"Pen Nib":[12],"PreservedInsect":399,"Letter Opener":[195],"Boot":[88],"Cursed Key":1,"Peace Pipe":0,"Mummified Hand":[13],"Pandora\u0027s Box":["Noxious Fumes","Dodge and Roll","Skewer","Bullet Time","Masterful Stab","Glass Knife","A Thousand Cuts","Slice","Prepared","Footwork"],"Necronomicon":[18],"obtain_stats":[{"TwistedFunnel":3,"Darkstone Periapt":4,"Potion Belt":21,"Pear":23,"Gremlin Horn":14,"Blue Candle":7,"CeramicFish":48,"PreservedInsect":8,"Pen Nib":30,"Letter Opener":9,"Frozen Egg 2":43,"Boot":25,"Cursed Key":34,"Peace Pipe":38,"Anchor":40,"Mummified Hand":46,"Pandora\u0027s Box":17,"Necronomicon":20,"Ring of the Snake":0},{"TwistedFunnel":1,"Darkstone Periapt":1,"Potion Belt":9,"Pear":11,"Gremlin Horn":7,"Blue Candle":4,"CeramicFish":25,"PreservedInsect":4,"Pen Nib":15,"Letter Opener":4,"Frozen Egg 2":21,"Boot":12,"Cursed Key":17,"Peace Pipe":19,"Anchor":20,"Mummified Hand":23,"Pandora\u0027s Box":8,"Necronomicon":9,"Ring of the Snake":0},{"TwistedFunnel":5,"Darkstone Periapt":5,"Potion Belt":45,"Pear":53,"Gremlin Horn":27,"Blue Candle":20,"CeramicFish":111,"PreservedInsect":20,"Pen Nib":65,"Letter Opener":20,"Frozen Egg 2":90,"Boot":58,"Cursed Key":75,"Peace Pipe":82,"Anchor":87,"Mummified Hand":100,"Pandora\u0027s Box":42,"Necronomicon":45,"Ring of the Snake":0}],"Ring of the Snake":[52]},"card_choices":[{"not_picked":["Blind","Deep Breath"],"picked":"Trip","floor":0.0},{"not_picked":["Blur","Deflect"],"picked":"Poisoned Stab","floor":1.0},{"not_picked":["Concentrate","Distraction"],"picked":"Infinite Blades","floor":5.0},{"not_picked":["Deadly Poison","Outmaneuver"],"picked":"Quick Slash","floor":6.0},{"not_picked":["Flying Knee","Skewer"],"picked":"Glass Knife","floor":7.0},{"not_picked":["Prepared","Slice"],"picked":"Calculated Gamble","floor":10.0},{"not_picked":["Terror","Masterful Stab"],"picked":"Leg Sweep","floor":12.0},{"not_picked":["Bane","Prepared"],"picked":"Blade Dance","floor":14.0},{"not_picked":["Doppelganger","Adrenaline"],"picked":"Wraith Form v2","floor":16.0},{"not_picked":["Quick Slash","Blade Dance"],"picked":"Backflip","floor":18.0},{"not_picked":["Calculated Gamble","Cloak And Dagger"],"picked":"Underhanded Strike","floor":22.0},{"not_picked":["Backstab","Blade Dance"],"picked":"Tactician+1","floor":23.0},{"not_picked":["Finisher","Flying Knee"],"picked":"Malaise","floor":25},{"not_picked":["Prepared","Underhanded Strike","Bane"],"picked":"SKIP","floor":28},{"not_picked":["Catalyst","Predator","Bane"],"picked":"SKIP","floor":29},{"not_picked":["Unload","Dagger Spray","Underhanded Strike"],"picked":"SKIP","floor":30},{"not_picked":["Choke","Deadly Poison","Prepared"],"picked":"SKIP","floor":31},{"not_picked":["Glass Knife","Bullet Time"],"picked":"After Image","floor":33},{"not_picked":["Deflect","Dodge and Roll","Caltrops+1"],"picked":"SKIP","floor":35},{"not_picked":["Dodge and Roll","Bane"],"picked":"Reflex","floor":38},{"not_picked":["Setup+1","Sucker Punch","Doppelganger"],"picked":"SKIP","floor":40},{"not_picked":["Acrobatics","Dagger Throw+1"],"picked":"Dash+1","floor":41},{"not_picked":["PiercingWail+1","Outmaneuver+1"],"picked":"Dodge and Roll+1","floor":44},{"not_picked":["Bullet Time","Bane","Outmaneuver"],"picked":"SKIP","floor":46},{"not_picked":["Caltrops+1","Backstab"],"picked":"Acrobatics","floor":47},{"not_picked":["Quick Slash","Sucker Punch","Bane"],"picked":"SKIP","floor":48}],"player_experience":675715,"relics_obtained":[{"floor":7.0,"key":"Blue Candle"},{"floor":8.0,"key":"PreservedInsect"},{"floor":9.0,"key":"Letter Opener"},{"floor":14.0,"key":"Gremlin Horn"},{"floor":20.0,"key":"Necronomicon"},{"floor":23.0,"key":"Pear"},{"floor":25,"key":"Boot"},{"floor":30,"key":"Pen Nib"},{"floor":38,"key":"Peace Pipe"},{"floor":40,"key":"Anchor"},{"floor":43,"key":"Frozen Egg 2"},{"floor":46,"key":"Mummified Hand"},{"floor":48,"key":"CeramicFish"}],"event_choices":[{"damage_healed":0.0,"max_hp_gain":0.0,"max_hp_loss":0.0,"gold_gain":75.0,"event_name":"World of Goop","player_choice":"Gather Gold","floor":2.0,"gold_loss":0.0,"damage_taken":11.0},{"damage_healed":0.0,"max_hp_gain":0.0,"max_hp_loss":0.0,"gold_gain":0.0,"event_name":"Scrap Ooze","player_choice":"Success","floor":4.0,"gold_loss":0.0,"damage_taken":11.0,"relics_obtained":["Darkstone Periapt"]},{"cards_removed":["Skewer"],"damage_healed":0.0,"max_hp_gain":0.0,"max_hp_loss":0.0,"gold_gain":0.0,"event_name":"Back to Basics","player_choice":"Elegance","floor":19.0,"gold_loss":0.0,"damage_taken":0.0},{"damage_healed":0.0,"max_hp_gain":0.0,"max_hp_loss":0.0,"gold_gain":0.0,"event_name":"Cursed Tome","player_choice":"Obtained Book","floor":20.0,"gold_loss":0.0,"damage_taken":21.0},{"damage_healed":0,"gold_gain":0,"player_choice":"Max HP","damage_taken":0,"max_hp_gain":0,"max_hp_loss":4,"event_name":"Winding Halls","floor":37,"gold_loss":0},{"damage_healed":0,"gold_gain":0,"player_choice":"Fight","damage_taken":0,"max_hp_gain":0,"max_hp_loss":0,"event_name":"Mysterious Sphere","floor":38,"gold_loss":0},{"cards_removed":["Backflip"],"damage_healed":0,"gold_gain":0,"player_choice":"Removed Skill","damage_taken":0,"max_hp_gain":0,"max_hp_loss":0,"event_name":"Falling","floor":39,"gold_loss":0},{"damage_healed":0,"gold_gain":0,"player_choice":"Ignored","damage_taken":0,"max_hp_gain":0,"max_hp_loss":0,"event_name":"Tomb of Lord Red Mask","floor":45,"gold_loss":0}],"is_beta":false,"boss_relics":[{"not_picked":["Black Star","Busted Crown"],"picked":"Pandora\u0027s Box"},{"not_picked":["WristBlade","Ring of the Serpent"],"picked":"Cursed Key"}],"items_purged_floors":[21,36],"is_endless":false,"potions_floor_spawned":[6,12,16,18,23,25,31,41,46,47,48],"killed_by":"Awakened One","ascension_level":20}}