{"host":"8d3fefv2347kqkpz","time":1612758202,"event":{"mods":["AchievementEnabler","Act Like it!","BaseMod","Better Vampires","Colored Map","Colored Powertips","Downfall","GifTheSpireLib","Highlight Path","Minty Spire (QoL Compilation)","Quick Restart","Rare Cards Sparkle","Relic Stats","Replay The Spire","Spicy Shops","StSLib","Waifu the Spire"],"gold_per_floor":[99,112,22,22,41,41,41,72,134,149,161,161,180,192,204,204,204,204],"floor_reached":16,"language":"ZHS","playtime":649,"items_purged":["bronze:Strike"],"score":104,"play_id":"f0da1336-f752-4e7d-b2ac-b80246ffb80e","local_time":"20210208122322","is_ascension_mode":false,"campfire_choices":[{"data":"bronze:Replicate","floor":1,"key":"SMITH"},{"data":"bronze:Overheat","floor":6,"key":"SMITH"},{"data":"bronze:Iterate","floor":12,"key":"SMITH"}],"circlet_count":0,"master_deck":["bronze:Strike","bronze:Strike","bronze:Strike","bronze:Defend","bronze:Defend","bronze:Defend","bronze:Defend","bronze:Replicate+1","bronze:Goto","bronze:DelayedGuard","bronze:Optimize","bronze:Overheat+1","bronze:Iterate+1","bronze:FineTuning","bronze:WhirlingStrike"],"relics":["bronze:BronzeCore","Vajra","Du-Vu Doll","Incense Burner","Lantern"],"acts_visited":["Exordium"],"potions_floor_usage":[16,16,16],"damage_taken":[{"damage":1,"enemies":"Cultist","floor":2,"turns":3},{"damage":0,"enemies":"downfall:FleeingMerchant","floor":3,"turns":4},{"damage":2,"enemies":"2 Louse","floor":5,"turns":3},{"damage":8,"enemies":"Lagavulin","floor":8,"turns":5},{"damage":7,"enemies":"Gremlin Nob","floor":9,"turns":4},{"damage":6,"enemies":"Jaw Worm","floor":10,"turns":3},{"damage":13,"enemies":"Red Slaver","floor":11,"turns":2},{"damage":3,"enemies":"Gremlin Gang","floor":13,"turns":3},{"damage":10,"enemies":"3 Louse","floor":14,"turns":3},{"damage":0,"enemies":"Large Slime","floor":15,"turns":4},{"damage":35,"enemies":"DF_ARCHETYPE_STREAMLINE","floor":16,"turns":6}],"seed_played":"-1563137302542979590","potions_obtained":[{"floor":5,"key":"Fire Potion"},{"floor":8,"key":"Energy Potion"},{"floor":10,"key":"Fire Potion"}],"is_trial":false,"path_per_floor":["R","M","$","T","M","R","T","E","?","M","M","R","M","M","M","B"],"character_chosen":"THE_AUTOMATON","items_purchased":[],"campfire_rested":0,"item_purchase_floors":[],"current_hp_per_floor":[77,76,76,76,74,74,74,66,59,53,40,40,37,27,27,0,0,0],"gold":204,"neow_bonus":"TEN_PERCENT_HP_BONUS","is_daily":false,"chose_seed":false,"campfire_upgraded":3,"win_rate":0.0,"timestamp":1612758202,"path_taken":["R","M","$","?","M","R","T","E","?","?","M","R","M","M","M","BOSS"],"items_purchased_type":[],"build_version":"2020-12-22","purchased_purges":1,"victory":false,"max_hp_per_floor":[77,77,77,77,77,77,77,77,77,77,77,77,77,77,77,77,77,77],"relic_stats":{"counters":[11,40],"obtain_stats":[{"Du-Vu Doll":7,"Lantern":9,"bronze:BronzeCore":0,"Vajra":4,"Incense Burner":8},{"Du-Vu Doll":3,"Lantern":5,"bronze:BronzeCore":0,"Vajra":2,"Incense Burner":4},{"Du-Vu Doll":10,"Lantern":19,"bronze:BronzeCore":0,"Vajra":7,"Incense Burner":15}]},"card_choices":[{"not_picked":["bronze:Branch","bronze:WildBeam"],"picked":"bronze:DelayedGuard","floor":2},{"not_picked":["bronze:FineTuning","bronze:SpaghettiCode"],"picked":"bronze:Optimize","floor":3},{"not_picked":["bronze:WhirlingStrike","bronze:MaxOutput"],"picked":"bronze:Overheat","floor":5},{"not_picked":["bronze:ChildClass","bronze:Optimize","bronze:WildBeam"],"picked":"SKIP","floor":8},{"not_picked":["bronze:DigitalCarnage","bronze:Safeguard"],"picked":"bronze:Iterate","floor":10},{"not_picked":["bronze:BitShift","bronze:Return"],"picked":"bronze:FineTuning","floor":11},{"not_picked":["bronze:BugBarrage","bronze:DarkDash","bronze:Optimize"],"picked":"SKIP","floor":13},{"not_picked":["bronze:Backtrace","bronze:ChildClass","bronze:BronzeOrb"],"picked":"SKIP","floor":14},{"not_picked":["bronze:Format","bronze:BugBarrage"],"picked":"bronze:WhirlingStrike","floor":15}],"player_experience":307737,"relics_obtained":[{"floor":4,"key":"Vajra"},{"floor":7,"key":"Du-Vu Doll"},{"floor":8,"key":"Incense Burner"},{"floor":9,"key":"Lantern"}],"event_choices":[],"is_beta":false,"boss_relics":[],"items_purged_floors":[3],"is_endless":false,"potions_floor_spawned":[5,8,10,11,14],"killed_by":"DF_ARCHETYPE_STREAMLINE","ascension_level":0}}