{"host":"zjnmjbs15rdpqnz9","time":1612813393,"event":{"mods":["BaseMod","Downfall","Minty Spire (QoL Compilation)","StSLib"],"gold_per_floor":[99,99,99,99,99,99,181,195,195,223,238,338,32,44,58,161,161,161,181,247,297,317,377,404,38,173,188,216,216,4,18,33,33,33,33],"floor_reached":33,"language":"ENG","playtime":1872,"items_purged":["bronze:Strike","bronze:Strike","bronze:Strike"],"score":317,"play_id":"75b60313-ea06-41d4-b785-830b11b777c9","local_time":"20210208124313","is_ascension_mode":false,"campfire_choices":[{"data":"bronze:Goto","floor":1,"key":"SMITH"},{"data":"bronze:MaxOutput","floor":6,"key":"SMITH"},{"data":"bronze:Shell","floor":18,"key":"SMITH"},{"floor":29,"key":"REST"}],"circlet_count":0,"master_deck":["bronze:Strike","bronze:Defend+1","bronze:Defend","bronze:Defend","bronze:Defend+1","bronze:Replicate","bronze:Goto+1","bronze:MaxOutput+1","bronze:Iterate","bronze:Flail","bronze:DelayedGuard","bronze:Repair","bronze:Shell+1","bronze:SpaghettiCode","bronze:HyperBeam","bronze:Verify","bronze:Iterate","bronze:ClassDefault","bronze:BurnOut","bronze:Format"],"relics":["bronze:BronzeCore","downfall:HeartsMalice","Shuriken","War Paint","Eternal Feather","downfall:CloakOfManyFaces","CultistMask","FaceOfCleric","NlothsMask","GremlinMask","SsserpentHead","Lee\u0027s Waffle","Sozu","Singing Bowl","Regal Pillow"],"acts_visited":["Exordium","TheCity"],"potions_floor_usage":[28],"damage_taken":[{"damage":0,"enemies":"Cultist","floor":2,"turns":1},{"damage":0,"enemies":"2 Louse","floor":3,"turns":1},{"damage":0,"enemies":"Small Slimes","floor":4,"turns":1},{"damage":6,"enemies":"2 Fungi Beasts","floor":8,"turns":2},{"damage":12,"enemies":"3 Sentries","floor":10,"turns":4},{"damage":5,"enemies":"Red Slaver","floor":11,"turns":2},{"damage":13,"enemies":"downfall:FaceTrader","floor":12,"turns":9},{"damage":2,"enemies":"downfall:FleeingMerchant","floor":13,"turns":4},{"damage":0,"enemies":"Exordium Wildlife","floor":14,"turns":4},{"damage":11,"enemies":"Large Slime","floor":15,"turns":6},{"damage":5,"enemies":"WA_ARCHETYPE_RETAIN","floor":16,"turns":7},{"damage":2,"enemies":"Chosen","floor":19,"turns":4},{"damage":12,"enemies":"Spheric Guardian","floor":20,"turns":4},{"damage":15,"enemies":"Snecko","floor":22,"turns":6},{"damage":9,"enemies":"Centurion and Healer","floor":23,"turns":7},{"damage":11,"enemies":"downfall:FleeingMerchant","floor":25,"turns":4},{"damage":8,"enemies":"Cultist and Chosen","floor":27,"turns":5},{"damage":39,"enemies":"Slavers","floor":28,"turns":3},{"damage":2,"enemies":"downfall:FleeingMerchant","floor":30,"turns":4},{"damage":27,"enemies":"Snake Plant","floor":31,"turns":7},{"damage":18,"enemies":"Centurion and Healer","floor":32,"turns":3},{"damage":72,"enemies":"IC_MUSHROOM_ARCHETYPE","floor":33,"turns":7}],"seed_played":"6466892627343137132","potions_obtained":[{"floor":8,"key":"sneckomod:MuddlingPotion"},{"floor":11,"key":"Swift Potion"},{"floor":12,"key":"Dexterity Potion"},{"floor":14,"key":"LiquidMemories"}],"is_trial":false,"path_per_floor":["R","M","M","M","?","R","T","M","?","E","M","?","$","M","M","B",null,"R","M","M","?","M","M","T","$","?","M","E","R","$","M","M","B"],"character_chosen":"THE_AUTOMATON","items_purchased":["Lee\u0027s Waffle","bronze:HyperBeam","Singing Bowl","bronze:Format"],"campfire_rested":1,"item_purchase_floors":[13,13,25,30],"current_hp_per_floor":[70,70,70,70,75,75,75,69,66,54,49,43,83,84,74,77,86,86,85,76,76,69,68,68,65,51,53,22,77,85,68,60,0,0,0],"gold":33,"neow_bonus":"THREE_ENEMY_KILL","is_daily":false,"chose_seed":false,"campfire_upgraded":3,"win_rate":0.0,"timestamp":1612813393,"path_taken":["R","M","M","M","?","R","T","M","?","E","M","?","$","M","M","BOSS","R","M","?","?","M","?","T","$","?","M","E","R","$","M","M","BOSS"],"items_purchased_type":["Relic","Card","Relic","Card"],"build_version":"2020-12-22","purchased_purges":3,"victory":false,"max_hp_per_floor":[70,70,70,70,75,75,75,75,75,75,75,75,83,84,85,86,86,86,87,88,88,89,90,90,91,91,94,95,95,98,101,104,104,104,104],"card_choices":[{"not_picked":["bronze:WildBeam","bronze:BronzeOrb"],"picked":"bronze:MaxOutput","floor":2},{"not_picked":["bronze:Shield","bronze:Overload","bronze:ForceShield"],"picked":"SKIP","floor":3},{"not_picked":["bronze:Overheat","bronze:WildBeam"],"picked":"bronze:Iterate","floor":4},{"not_picked":["bronze:MaxOutput","bronze:Turbo"],"picked":"bronze:Flail","floor":8},{"not_picked":["bronze:WhirlingStrike","bronze:ChosenStrike"],"picked":"bronze:DelayedGuard","floor":10},{"not_picked":["bronze:Iterate","bronze:Safeguard"],"picked":"bronze:Repair","floor":11},{"not_picked":["bronze:Optimize","bronze:ForLoop"],"picked":"bronze:Shell","floor":12},{"not_picked":["bronze:Branch","bronze:DelayedSlice"],"picked":"bronze:SpaghettiCode","floor":13},{"not_picked":["bronze:Invalidate","bronze:WildBeam","bronze:DelayedSlice"],"picked":"SKIP","floor":14},{"not_picked":["bronze:Overheat","bronze:OilSpill","bronze:Shield"],"picked":"SKIP","floor":15},{"not_picked":["bronze:AlphaBuild","bronze:SpaghettiCode"],"picked":"bronze:Verify","floor":16},{"not_picked":["bronze:BitShift+1","bronze:CutThrough","bronze:DelayedGuard+1"],"picked":"SKIP","floor":19},{"not_picked":["bronze:ForceShield","bronze:BronzeArmor","bronze:BitShift+1"],"picked":"SKIP","floor":20},{"not_picked":["bronze:Repair","bronze:Shell+1"],"picked":"bronze:Iterate","floor":22},{"not_picked":["bronze:Frontload+1","bronze:BuggyMess+1","bronze:Iterate"],"picked":"SKIP","floor":23},{"not_picked":["bronze:Deprecate","bronze:Flail"],"picked":"bronze:ClassDefault","floor":25},{"not_picked":["bronze:WildBeam+1","bronze:OilSpill","bronze:Invalidate"],"picked":"Singing Bowl","floor":27},{"not_picked":["bronze:ForceShield","bronze:Shield"],"picked":"bronze:BurnOut","floor":28},{"not_picked":["bronze:Turbo","bronze:DelayedSlice","bronze:DelayedGuard"],"picked":"Singing Bowl","floor":30},{"not_picked":["bronze:WildBeam","bronze:Philosophize","bronze:OilSpill+1"],"picked":"Singing Bowl","floor":31},{"not_picked":["bronze:Shield","bronze:DelayedGuard+1","bronze:Deprecate"],"picked":"Singing Bowl","floor":32}],"player_experience":892411,"relics_obtained":[{"floor":7,"key":"Shuriken"},{"floor":10,"key":"Eternal Feather"},{"floor":12,"key":"downfall:CloakOfManyFaces"},{"floor":28,"key":"Regal Pillow"}],"event_choices":[{"damage_healed":0,"gold_gain":0,"player_choice":"Donut","damage_taken":0,"max_hp_gain":5,"max_hp_loss":0,"event_name":"Big Fish","floor":5,"gold_loss":0},{"damage_healed":0,"gold_gain":0,"player_choice":"Success","damage_taken":3,"relics_obtained":["War Paint"],"max_hp_gain":0,"max_hp_loss":0,"event_name":"Scrap Ooze","floor":9,"gold_loss":0},{"damage_healed":0,"gold_gain":0,"player_choice":"Got Potions","damage_taken":0,"max_hp_gain":0,"max_hp_loss":0,"event_name":"Lab","floor":21,"gold_loss":0}],"is_beta":false,"boss_relics":[{"not_picked":["SlaversCollar","Pandora\u0027s Box"],"picked":"Sozu"}],"items_purged_floors":[13,25,30],"is_endless":false,"potions_floor_spawned":[8,11,12,14,15,16,20,23,31],"killed_by":"IC_MUSHROOM_ARCHETYPE","ascension_level":0}}