{"host":"vumwfieg2b2mnrfl","time":1612745112,"event":{"mods":["AchievementEnabler","BaseMod","Minty Spire (QoL Compilation)","Rare Cards Sparkle","Relic Stats"],"gold_per_floor":[109,109,119,136,136,162,162,182,182,182,182,11,11,11],"floor_reached":13,"language":"ENG","playtime":368,"items_purged":[],"score":166,"play_id":"8125a201-c75c-49a4-a3d3-252a1535e833","local_time":"20210207184512","is_ascension_mode":true,"campfire_choices":[{"floor":7,"key":"REST"},{"data":"Footwork","floor":10,"key":"SMITH"}],"circlet_count":0,"master_deck":["AscendersBane","Strike_G","Strike_G","Strike_G","Strike_G","Strike_G","Defend_G","Defend_G","Defend_G","Defend_G","Defend_G","Survivor","Neutralize","Parasite","Predator","Bane","Storm of Steel","Prepared","Footwork+1"],"relics":["Ring of the Snake","StoneCalendar","Bottled Tornado","Art of War","Membership Card"],"acts_visited":["Exordium"],"potions_floor_usage":[],"damage_taken":[{"damage":0,"enemies":"Cultist","floor":1,"turns":4},{"damage":1,"enemies":"2 Louse","floor":3,"turns":4},{"damage":4,"enemies":"Jaw Worm","floor":4,"turns":4},{"damage":39,"enemies":"3 Sentries","floor":6,"turns":14},{"damage":0,"enemies":"2 Fungi Beasts","floor":8,"turns":3},{"damage":67,"enemies":"Gremlin Nob","floor":13,"turns":4}],"seed_played":"-5714897083743692449","potions_obtained":[{"floor":1,"key":"Fire Potion"},{"floor":3,"key":"Energy Potion"}],"is_trial":false,"path_per_floor":["M","$","M","M","?","E","R","M","T","R","T","$","E"],"character_chosen":"THE_SILENT","items_purchased":["Membership Card"],"campfire_rested":1,"item_purchase_floors":[12],"current_hp_per_floor":[71,71,70,66,66,27,50,50,50,50,50,50,0,0],"gold":11,"neow_bonus":"TWENTY_PERCENT_HP_BONUS","is_daily":false,"chose_seed":false,"campfire_upgraded":1,"win_rate":0.0,"timestamp":1612745112,"path_taken":["M","$","?","M","?","E","R","M","T","R","?","$","E"],"items_purchased_type":["Relic"],"build_version":"2020-12-22","purchased_purges":0,"victory":false,"max_hp_per_floor":[78,78,78,78,78,78,78,78,78,78,78,78,78,78],"relic_stats":{"counters":[6,33],"StoneCalendar":[0],"Art of War":[0],"obtain_stats":[{"StoneCalendar":6,"Art of War":11,"Membership Card":12,"Bottled Tornado":9,"Ring of the Snake":0},{"StoneCalendar":4,"Art of War":5,"Membership Card":5,"Bottled Tornado":5,"Ring of the Snake":0},{"StoneCalendar":26,"Art of War":29,"Membership Card":29,"Bottled Tornado":29,"Ring of the Snake":0}],"Ring of the Snake":[12]},"card_choices":[{"not_picked":["Blur","Underhanded Strike"],"picked":"Predator","floor":1},{"not_picked":["Deflect","Flying Knee"],"picked":"Bane","floor":3},{"not_picked":["Calculated Gamble","Blade Dance"],"picked":"Storm of Steel","floor":4},{"not_picked":["Infinite Blades","Quick Slash"],"picked":"Prepared","floor":6},{"not_picked":["Blur","Dagger Throw"],"picked":"Footwork","floor":8}],"player_experience":535162,"relics_obtained":[{"floor":6,"key":"StoneCalendar"},{"floor":9,"key":"Bottled Tornado"},{"floor":11,"key":"Art of War"}],"event_choices":[{"damage_healed":0,"gold_gain":0,"player_choice":"Ignored","damage_taken":0,"max_hp_gain":0,"max_hp_loss":0,"event_name":"Shining Light","floor":5,"gold_loss":0}],"is_beta":false,"boss_relics":[],"items_purged_floors":[],"is_endless":false,"potions_floor_spawned":[1,3,6],"killed_by":"Gremlin Nob","ascension_level":20}}