{"host":"r5cycnjhcbwgkpkf","time":1612805081,"event":{"mods":["2.2 Compatiblity","AchievementEnabler","BaseMod","Bestiary","Better Altar","Better Match","Better Note","Better Skull","Better Third Choice","BetterRewards","Colored Map","Colored Powertips","Infinite Spire","Minty Spire (QoL Compilation)","Reliquary","Replay The Spire","Spicy Shops","StSLib"],"gold_per_floor":[116,131,56,0,0,0,35,35,35,49,49,49,49,80,80,158,158,176,189,189,189,189,189],"floor_reached":22,"language":"ENG","playtime":898,"items_purged":["Strike_R"],"score":580,"play_id":"0c42a4b3-b895-45d6-9ecd-da0d0d971955","local_time":"20210208092441","is_ascension_mode":true,"campfire_choices":[{"data":"Bash","floor":6.0,"key":"SMITH"},{"floor":8.0,"key":"REST"},{"data":"Twin Strike","floor":11.0,"key":"SMITH"},{"data":"Infernal Blade","floor":15,"key":"SMITH"}],"circlet_count":0,"master_deck":["AscendersBane","Strike_R","Strike_R","Strike_R","Defend_R","Defend_R","Defend_R","Bash+1","Twin Strike+1","Twin Strike+1","Enlightenment+1","Infernal Blade+1","Feed","Cleave","Flex+1","Spreading Infection"],"relics":["Burning Blood","Nunchaku","Replay:Bottled Snecko","reliquary:Crutches","Sundial","reliquary:KinkedSpring","Ring of Panic","Ring of Hypnosis"],"acts_visited":["Exordium","TheCity"],"potions_floor_usage":[18],"damage_taken":[{"damage":1.0,"enemies":"Cultist","floor":1.0,"turns":3.0},{"damage":4.0,"enemies":"2 Louse","floor":2.0,"turns":3.0},{"damage":25.0,"enemies":"Replay:BlueRogue","floor":7.0,"turns":6.0},{"damage":2.0,"enemies":"Jaw Worm","floor":10.0,"turns":3.0},{"damage":16,"enemies":"3 Sentries","floor":14,"turns":8},{"damage":60,"enemies":"Hexaghost","floor":16,"turns":9},{"damage":33,"enemies":"3 Byrds","floor":18,"turns":8},{"damage":28,"enemies":"Spheric Guardian","floor":19,"turns":4},{"damage":24,"enemies":"Snake Plant","floor":22,"turns":1}],"seed_played":"7403038358419337917","potions_obtained":[{"floor":2.0,"key":"Doom Potion"},{"floor":7.0,"key":"AttackPotion"},{"floor":19,"key":"Venom Potion"}],"is_trial":false,"path_per_floor":["M","M","?","?","?","R","E","R","T","M","R","?","$","E","R","B",null,"M","M","?","?","M"],"character_chosen":"IRONCLAD","items_purchased":["Twin Strike+1","Nunchaku"],"campfire_rested":1,"item_purchase_floors":[0,0],"current_hp_per_floor":[63,65,65,71,64,64,45,69,69,73,73,73,73,63,63,9,63,39,17,17,17,0,0],"gold":189,"neow_bonus":"","is_daily":false,"chose_seed":false,"campfire_upgraded":3,"win_rate":0.0,"timestamp":1612805081,"path_taken":["M","M","?","?","?","R","E","R","T","?","R","?","$","E","R","BOSS","M","M","?","?","M"],"items_purchased_type":["Card","Relic"],"build_version":"2020-12-22","purchased_purges":1,"victory":false,"max_hp_per_floor":[75,75,75,81,81,81,81,81,81,81,81,81,81,81,81,81,81,84,84,84,84,84,84],"card_choices":[{"not_picked":["Dual Wield","ReplayTheSpireMod:Strike From Hell","True Grit"],"picked":"SKIP","floor":1.0},{"not_picked":["Clash","Seeing Red"],"picked":"Twin Strike","floor":2.0},{"not_picked":["Second Wind","Replay:Undeath\u0027s Touch","Rage"],"picked":"SKIP","floor":7.0},{"not_picked":["Warcry","Wild Strike","Armaments"],"picked":"SKIP","floor":10.0},{"not_picked":["Rampage","ReplayTheSpireMod:Strike From Hell"],"picked":"Infernal Blade","floor":14},{"not_picked":["Corruption","Bludgeon"],"picked":"Feed","floor":16},{"not_picked":["Wild Strike","Iron Wave"],"picked":"Cleave","floor":18},{"not_picked":["ReplayTheSpireMod:LeadingStrike","Searing Blow"],"picked":"Flex+1","floor":19}],"player_experience":400680,"relics_obtained":[{"floor":7.0,"key":"Replay:Bottled Snecko"},{"floor":9.0,"key":"reliquary:Crutches"},{"floor":14,"key":"Sundial"},{"floor":21,"key":"Ring of Panic"},{"floor":21,"key":"Ring of Hypnosis"}],"event_choices":[{"cards_removed":["Strike_R"],"damage_healed":0.0,"max_hp_gain":0.0,"max_hp_loss":0.0,"gold_gain":0.0,"event_name":"The Cleric","player_choice":"Card Removal","floor":3.0,"gold_loss":75.0,"damage_taken":0.0},{"damage_healed":0.0,"max_hp_gain":0.0,"max_hp_loss":0.0,"gold_gain":0.0,"event_name":"betterThird:BetterSerpent","player_choice":"RENOUNCE","floor":4.0,"gold_loss":56.0,"damage_taken":56.0,"cards_obtained":["Enlightenment"]},{"cards_removed":["Defend_R"],"damage_healed":0.0,"max_hp_gain":0.0,"max_hp_loss":0.0,"gold_gain":0.0,"event_name":"Golden Wing","player_choice":"Card Removal","floor":5.0,"gold_loss":0.0,"damage_taken":7.0},{"damage_healed":0,"gold_gain":0,"player_choice":"Grow","damage_taken":0,"max_hp_gain":0,"max_hp_loss":0,"event_name":"Living Wall","floor":12,"gold_loss":0,"cards_upgraded":["Enlightenment"]}],"is_beta":false,"boss_relics":[{"not_picked":["Ring of Chaos","Runic Cube"],"picked":"reliquary:KinkedSpring"}],"items_purged_floors":[0],"is_endless":false,"potions_floor_spawned":[2,7,16,19],"killed_by":"Snake Plant","ascension_level":20}}