{"host":"vi6th7e8dilnaeg0","time":1612795022,"event":{"mods":["BaseMod","Minty Spire (QoL Compilation)","Relic Stats","StSLib"],"gold_per_floor":[110,35,35,35,55,85,115,125,151,178,178,45,65,85,85,164,164,178,53,68,68,83,110,110,110],"floor_reached":24,"language":"DEU","playtime":1535,"items_purged":["Strike_G","Strike_G"],"score":489,"play_id":"02527237-f8e6-4cc6-89a8-ba805191cc37","local_time":"20210208153702","is_ascension_mode":true,"campfire_choices":[{"floor":11,"key":"REST"},{"data":"Noxious Fumes","floor":15,"key":"SMITH"}],"circlet_count":0,"master_deck":["AscendersBane","Strike_G","Strike_G","Strike_G","Defend_G","Defend_G","Defend_G","Defend_G","Defend_G","Survivor","Neutralize","Predator","Noxious Fumes+1","Backflip","Phantasmal Killer+1","Dagger Spray","Concentrate","Underhanded Strike","Deflect","Backflip","Cloak And Dagger","After Image","Backflip","Cloak And Dagger","Sucker Punch","Caltrops"],"relics":["Ring of the Snake","NeowsBlessing","Strawberry","Paper Crane","Odd Mushroom","Centennial Puzzle","Unceasing Top","Fusion Hammer","Letter Opener"],"acts_visited":["Exordium","TheCity"],"potions_floor_usage":[10,16,22,23],"damage_taken":[{"damage":0,"enemies":"Jaw Worm","floor":1,"turns":1},{"damage":0,"enemies":"Cultist","floor":5,"turns":1},{"damage":0,"enemies":"Gremlin Nob","floor":6,"turns":1},{"damage":24,"enemies":"The Mushroom Lair","floor":7,"turns":5},{"damage":0,"enemies":"Small Slimes","floor":8,"turns":2},{"damage":20,"enemies":"Lagavulin","floor":10,"turns":6},{"damage":0,"enemies":"Looter","floor":13,"turns":3},{"damage":3,"enemies":"Lots of Slimes","floor":14,"turns":3},{"damage":34,"enemies":"Hexaghost","floor":16,"turns":11},{"damage":11,"enemies":"2 Thieves","floor":18,"turns":4},{"damage":21,"enemies":"3 Byrds","floor":20,"turns":5},{"damage":7,"enemies":"Cultist and Chosen","floor":22,"turns":6},{"damage":14,"enemies":"Book of Stabbing","floor":23,"turns":6},{"damage":4,"enemies":"Centurion and Healer","floor":24,"turns":1}],"seed_played":"8418732553436495953","potions_obtained":[{"floor":1,"key":"GamblersBrew"},{"floor":5,"key":"Dexterity Potion"},{"floor":14,"key":"Dexterity Potion"},{"floor":16,"key":"GhostInAJar"},{"floor":23,"key":"Strength Potion"}],"is_trial":false,"path_per_floor":["M","$","?","$","M","E","?","M","T","E","R","$","M","M","R","B",null,"M","$","M","?","M","E","M"],"character_chosen":"THE_SILENT","items_purchased":["Noxious Fumes","Deflect","Cloak And Dagger"],"campfire_rested":1,"item_purchase_floors":[2,12,19],"current_hp_per_floor":[59,59,66,66,66,66,42,42,42,22,43,43,43,40,40,6,56,45,45,24,24,17,3,0,0],"gold":110,"neow_bonus":"THREE_ENEMY_KILL","is_daily":false,"chose_seed":false,"campfire_upgraded":1,"win_rate":0.0,"timestamp":1612795022,"path_taken":["M","$","?","$","?","E","?","M","T","E","R","$","M","M","R","BOSS","M","$","M","?","M","E","?"],"items_purchased_type":["Card","Card","Card"],"build_version":"2020-12-22","purchased_purges":2,"victory":false,"max_hp_per_floor":[66,66,73,73,73,73,73,73,73,73,73,73,73,73,73,73,73,73,73,73,73,73,73,73,73],"relic_stats":{"Centennial Puzzle":[21],"counters":[14,55],"Letter Opener":[0],"obtain_stats":[{"Centennial Puzzle":9,"NeowsBlessing":0,"Strawberry":3,"Fusion Hammer":17,"Letter Opener":23,"Paper Crane":6,"Odd Mushroom":7,"Unceasing Top":10,"Ring of the Snake":0},{"Centennial Puzzle":5,"NeowsBlessing":0,"Strawberry":1,"Fusion Hammer":9,"Letter Opener":13,"Paper Crane":3,"Odd Mushroom":4,"Unceasing Top":6,"Ring of the Snake":0},{"Centennial Puzzle":10,"NeowsBlessing":0,"Strawberry":1,"Fusion Hammer":33,"Letter Opener":54,"Paper Crane":3,"Odd Mushroom":8,"Unceasing Top":16,"Ring of the Snake":0}],"Unceasing Top":[24],"Ring of the Snake":[28]},"card_choices":[{"not_picked":["Deflect","Reflex"],"picked":"Predator","floor":1},{"not_picked":["Prepared","Masterful Stab"],"picked":"Backflip","floor":5},{"not_picked":["Dagger Throw","Backflip"],"picked":"Phantasmal Killer","floor":6},{"not_picked":["Flying Knee","Catalyst"],"picked":"Dagger Spray","floor":7},{"not_picked":["Catalyst","Dodge and Roll"],"picked":"Concentrate","floor":8},{"not_picked":["Dagger Throw","Outmaneuver"],"picked":"Underhanded Strike","floor":10},{"not_picked":["Underhanded Strike","Noxious Fumes"],"picked":"Backflip","floor":13},{"not_picked":["Tactician","Dagger Spray"],"picked":"Cloak And Dagger","floor":14},{"not_picked":["Glass Knife","A Thousand Cuts"],"picked":"After Image","floor":16},{"not_picked":["Blur","Quick Slash"],"picked":"Backflip","floor":18},{"not_picked":["Backflip","All Out Attack"],"picked":"Sucker Punch","floor":20},{"not_picked":["Predator","Acrobatics","Crippling Poison"],"picked":"SKIP","floor":22},{"not_picked":["Backstab","Endless Agony"],"picked":"Caltrops","floor":23}],"player_experience":631230,"relics_obtained":[{"floor":3,"key":"Strawberry"},{"floor":6,"key":"Paper Crane"},{"floor":7,"key":"Odd Mushroom"},{"floor":9,"key":"Centennial Puzzle"},{"floor":10,"key":"Unceasing Top"},{"floor":23,"key":"Letter Opener"}],"event_choices":[{"damage_healed":0,"gold_gain":0,"player_choice":"Relic","damage_taken":0,"max_hp_gain":0,"max_hp_loss":0,"event_name":"Wheel of Change","floor":3,"gold_loss":0},{"damage_healed":0,"gold_gain":0,"player_choice":"Fought Mushrooms","damage_taken":0,"max_hp_gain":0,"max_hp_loss":0,"event_name":"Mushrooms","floor":7,"gold_loss":0},{"damage_healed":0,"gold_gain":0,"player_choice":"Upgraded","damage_taken":0,"max_hp_gain":0,"max_hp_loss":0,"event_name":"Upgrade Shrine","floor":21,"gold_loss":0,"cards_upgraded":["Phantasmal Killer"]}],"is_beta":false,"boss_relics":[{"not_picked":["Calling Bell","Black Star"],"picked":"Fusion Hammer"}],"items_purged_floors":[12,19],"is_endless":false,"potions_floor_spawned":[1,5,14,16,18,23],"killed_by":"Centurion and Healer","ascension_level":19}}