{"host":"8is2j71l4wmybkoi","time":1612764803,"event":{"mods":["AchievementEnabler","BaseMod","Colored Map","Minty Spire (QoL Compilation)","Rare Cards Sparkle","StSLib","SuperFastMode"],"gold_per_floor":[113,113,132,132,21,56,56,72,72,103,120,131,56,56,56,129,129,145,145,173,173,30,55,55,55,55],"floor_reached":25,"language":"KOR","playtime":1085,"items_purged":[],"score":441,"play_id":"d8debb1d-5802-46ab-800b-499104c4640a","local_time":"20210208151323","is_ascension_mode":true,"campfire_choices":[{"data":"Blood for Blood","floor":7.0,"key":"SMITH"},{"data":"Evolve","floor":15.0,"key":"SMITH"},{"data":"Exhume","floor":24,"key":"SMITH"}],"circlet_count":0,"master_deck":["AscendersBane","Strike_R","Strike_R","Defend_R","Defend_R","Defend_R","Defend_R","Bash","Shrug It Off","Exhume+1","Blood for Blood+1","Evolve+1","Spot Weakness","Clothesline","Sword Boomerang","Offering","Offering","Burning Pact"],"relics":["Black Blood","NeowsBlessing","Sundial","Self Forming Clay","FossilizedHelix","Red Mask","TheAbacus","Ancient Tea Set"],"acts_visited":["Exordium","TheCity"],"potions_floor_usage":[25,25],"damage_taken":[{"damage":0.0,"enemies":"2 Louse","floor":1.0,"turns":2.0},{"damage":0.0,"enemies":"Jaw Worm","floor":3.0,"turns":1.0},{"damage":0.0,"enemies":"3 Sentries","floor":6.0,"turns":2.0},{"damage":8.0,"enemies":"Cultist","floor":8.0,"turns":4.0},{"damage":9.0,"enemies":"Lagavulin","floor":10.0,"turns":6.0},{"damage":24.0,"enemies":"Gremlin Gang","floor":11.0,"turns":3.0},{"damage":0.0,"enemies":"Looter","floor":12.0,"turns":3.0},{"damage":23.0,"enemies":"The Guardian","floor":16.0,"turns":11.0},{"damage":13.0,"enemies":"Spheric Guardian","floor":18.0,"turns":3.0},{"damage":21.0,"enemies":"Masked Bandits","floor":20.0,"turns":5.0},{"damage":30,"enemies":"Slavers","floor":23,"turns":6},{"damage":34,"enemies":"Gremlin Leader","floor":25,"turns":7}],"seed_played":"-3215257379534531569","potions_obtained":[{"floor":3.0,"key":"SneckoOil"},{"floor":6.0,"key":"FearPotion"},{"floor":12.0,"key":"Energy Potion"},{"floor":23,"key":"SteroidPotion"}],"is_trial":false,"path_per_floor":["M","?","M","?","$","E","R","M","T","E","M","M","?","$","R","B",null,"M","?","?","?","$","E","R","E"],"character_chosen":"IRONCLAD","items_purchased":["Blood for Blood","Evolve","TheAbacus"],"campfire_rested":0,"item_purchase_floors":[5,5,22],"current_hp_per_floor":[74,74,75,75,75,75,75,73,73,70,52,58,58,58,58,41,67,66,45,36,52,52,34,34,0,0],"gold":55,"neow_bonus":"THREE_ENEMY_KILL","is_daily":false,"chose_seed":false,"campfire_upgraded":3,"win_rate":0.0,"timestamp":1612764803,"path_taken":["M","?","M","?","$","E","R","?","T","E","?","M","?","?","R","BOSS","M","?","?","?","$","E","R","E"],"items_purchased_type":["Card","Card","Relic"],"build_version":"2020-12-22","purchased_purges":0,"victory":false,"max_hp_per_floor":[75,75,75,75,75,75,75,75,75,75,75,75,75,75,75,75,75,75,80,80,80,80,80,80,80,80],"card_choices":[{"not_picked":["Perfected Strike","True Grit","Heavy Blade"],"picked":"SKIP","floor":1.0},{"not_picked":["True Grit","Headbutt"],"picked":"Shrug It Off","floor":3.0},{"not_picked":["Thunderclap","Iron Wave"],"picked":"Spot Weakness","floor":6.0},{"not_picked":["Body Slam","Dropkick"],"picked":"Clothesline","floor":8.0},{"not_picked":["Corruption","Heavy Blade"],"picked":"Sword Boomerang","floor":10.0},{"not_picked":["Clash","Iron Wave","Blood for Blood"],"picked":"SKIP","floor":11.0},{"not_picked":["Ghostly Armor","Iron Wave"],"picked":"Offering","floor":12.0},{"not_picked":["Barricade","Fiend Fire"],"picked":"Offering","floor":16.0},{"not_picked":["Body Slam","Thunderclap"],"picked":"Burning Pact","floor":18.0},{"not_picked":["Armaments","Clash","Blood for Blood"],"picked":"SKIP","floor":23}],"player_experience":1051716,"relics_obtained":[{"floor":6.0,"key":"Sundial"},{"floor":9.0,"key":"Self Forming Clay"},{"floor":10.0,"key":"FossilizedHelix"},{"floor":20.0,"key":"Red Mask"},{"floor":23,"key":"Ancient Tea Set"}],"event_choices":[{"cards_removed":["Strike_R"],"damage_healed":0.0,"max_hp_gain":0.0,"max_hp_loss":0.0,"gold_gain":0.0,"event_name":"Living Wall","player_choice":"Forget","floor":2.0,"gold_loss":0.0,"damage_taken":0.0},{"damage_healed":0.0,"max_hp_gain":0.0,"max_hp_loss":0.0,"gold_gain":0.0,"cards_transformed":["Strike_R"],"event_name":"Transmorgrifier","player_choice":"Transformed","floor":4.0,"gold_loss":0.0,"damage_taken":0.0,"cards_obtained":["Exhume"]},{"cards_removed":["Strike_R"],"damage_healed":0.0,"max_hp_gain":0.0,"max_hp_loss":0.0,"gold_gain":0.0,"event_name":"The Cleric","player_choice":"Card Removal","floor":13.0,"gold_loss":75.0,"damage_taken":0.0},{"damage_healed":0.0,"max_hp_gain":5.0,"max_hp_loss":0.0,"gold_gain":0.0,"event_name":"Forgotten Altar","player_choice":"Shed Blood","floor":19.0,"gold_loss":0.0,"damage_taken":26.0},{"damage_healed":0.0,"max_hp_gain":0.0,"max_hp_loss":0.0,"gold_gain":0.0,"event_name":"Masked Bandits","player_choice":"Fought Bandits","floor":20.0,"gold_loss":0.0,"damage_taken":0.0},{"damage_healed":16,"gold_gain":0,"player_choice":"Heal","damage_taken":0,"max_hp_gain":0,"max_hp_loss":0,"event_name":"The Library","floor":21,"gold_loss":0}],"is_beta":false,"boss_relics":[{"not_picked":["Coffee Dripper","Velvet Choker"],"picked":"Black Blood"}],"items_purged_floors":[],"is_endless":false,"potions_floor_spawned":[3,6,12,16,23],"killed_by":"Gremlin Leader","ascension_level":15}}