{"host":"pletss163z7s8pvv","time":1612745076,"event":{"mods":["AchievementEnabler","BaseMod","Better Altar","Better Match","Better Note","Better Sensory Stone","Better Skull","Better Third Choice","BetterRewards","CapriCore","ChefMod","Colored Map","Colored Powertips","Conspire","Energized Spire","Evolution","GifTheSpireLib","Hermit","Ironclad Rager","Marked Mod","Minty Spire (QoL Compilation)","Retaliation","Spicy Shops","StS++","StSLib","The Alterego","The Blue Laboratory","The Cursed","The Disciple","The Forsaken"],"gold_per_floor":[109,109,129,143,159,186,201,213,262,292,305,305,305,318,318,417,417,435,452,452,12,23,23,23,23,48,48,60,79,79,105,105,105,105],"floor_reached":33,"language":"ENG","playtime":1024,"items_purged":["Normality"],"score":436,"play_id":"c3270fdd-04d1-4812-8618-74031e320c81","local_time":"20210207184436","is_ascension_mode":false,"campfire_choices":[{"data":"DDmod:BurningFumesPowerCard","floor":12,"key":"SMITH"},{"floor":15,"key":"REST"},{"floor":23,"key":"REST"},{"floor":25,"key":"REST"},{"floor":27,"key":"RECALL"},{"floor":32,"key":"REST"}],"circlet_count":0,"master_deck":["StSpp:TheBiggerTheyAre","StSpp:TheBiggerTheyAre","StSpp:TheBiggerTheyAre","StSpp:TheBiggerTheyAre","StSpp:TheBiggerTheyAre","True Grit+1","True Grit","True Grit+1","True Grit","Bash","Inflame","Infernal Blade","Burn","DDmod:ScaleUpSkill","DDmod:BurningFumesPowerCard+1","Cleave","Metallicize","Seeing Red","Flex","Feel No Pain","Body Slam","Cleave","Demon Form+1","CurseOfTheBell","Exhume","Infernal Blade","Havoc","Sever Soul","Entrench+1","Infernal Blade"],"relics":["Burning Blood","EVO:Axolotl","Darkstone Periapt","War Paint","Kunai","PreservedInsect","Meat on the Bone","Calling Bell","Pen Nib","conspire:DeflatedDodgeball","Turnip","Pantograph","Potion Belt","Lantern"],"acts_visited":["Exordium","TheCity"],"potions_floor_usage":[6,6,13,22,22,22,29],"damage_taken":[{"damage":10,"enemies":"2 Louse","floor":1,"turns":3},{"damage":0,"enemies":"Small Slimes","floor":3,"turns":3},{"damage":1,"enemies":"Cultist","floor":4,"turns":3},{"damage":0,"enemies":"Large Slime","floor":5,"turns":4},{"damage":32,"enemies":"Gremlin Nob","floor":6,"turns":5},{"damage":7,"enemies":"Blue Slaver","floor":7,"turns":4},{"damage":11,"enemies":"Lots of Slimes","floor":8,"turns":4},{"damage":21,"enemies":"3 Sentries","floor":10,"turns":7},{"damage":14,"enemies":"Looter","floor":11,"turns":4},{"damage":13,"enemies":"Exordium Wildlife","floor":14,"turns":4},{"damage":44,"enemies":"The Guardian","floor":16,"turns":11},{"damage":34,"enemies":"Spheric Guardian","floor":18,"turns":6},{"damage":67,"enemies":"3 Byrds","floor":19,"turns":7},{"damage":24,"enemies":"3 Cultists","floor":22,"turns":6},{"damage":30,"enemies":"Snake Plant","floor":28,"turns":3},{"damage":64,"enemies":"Cultist and Chosen","floor":29,"turns":7},{"damage":73,"enemies":"Collector","floor":33,"turns":5}],"seed_played":"7704482701717385242","potions_obtained":[{"floor":3,"key":"Explosive Potion"},{"floor":5,"key":"Block Potion"},{"floor":7,"key":"blueLaboratory:NullPotion"},{"floor":8,"key":"StSpp:SecondWindPotion"},{"floor":11,"key":"blueLaboratory:ImpenetrablePotion"},{"floor":13,"key":"blueLaboratory:ImpenetrablePotion"},{"floor":13,"key":"Fruit Juice"},{"floor":13,"key":"SpeedPotion"},{"floor":19,"key":"blueLaboratory:FruitPunch"},{"floor":28,"key":"EssenceOfSteel"}],"is_trial":false,"path_per_floor":["M","?","M","M","M","E","M","M","T","E","M","R","?","M","R","B",null,"M","M","?","$","M","R","?","R","T","R","M","M","?","T","R","B"],"character_chosen":"IRONCLAD","items_purchased":["Darkstone Periapt","War Paint","blueLaboratory:FruitPunch","Inflame","Pantograph","Potion Belt","Havoc"],"campfire_rested":4,"item_purchase_floors":[0,0,0,0,21,21,21],"current_hp_per_floor":[68,68,74,79,85,61,60,55,55,40,44,44,49,54,81,55,99,71,22,28,28,24,56,56,88,88,88,64,27,27,27,59,11,11],"gold":105,"neow_bonus":"","is_daily":false,"chose_seed":false,"campfire_upgraded":1,"win_rate":0.0,"timestamp":1612745076,"path_taken":["M","?","M","M","M","E","M","M","T","E","M","R","?","M","R","BOSS","M","M","?","$","M","R","?","R","T","R","M","?","?","?","R","BOSS"],"items_purchased_type":["Relic","Relic","Potion","Card","Relic","Relic","Card"],"build_version":"2020-12-22","purchased_purges":1,"victory":false,"max_hp_per_floor":[86,86,86,86,86,88,88,88,88,88,88,88,93,93,93,93,99,99,99,105,105,107,107,107,107,107,107,107,107,107,107,107,107,107],"card_choices":[{"not_picked":["DDmod:EasePowerCard","StSpp:Vengeance"],"picked":"Infernal Blade","floor":1},{"not_picked":["Reckless Charge","Entrench"],"picked":"DDmod:ScaleUpSkill","floor":3},{"not_picked":["DDmod:UnstoppableAttack","DDmod:SpikedSkill"],"picked":"DDmod:BurningFumesPowerCard","floor":4},{"not_picked":["True Grit","Dual Wield"],"picked":"Cleave","floor":5},{"not_picked":["Battle Trance","True Grit"],"picked":"Metallicize","floor":6},{"not_picked":["StSpp:MuscleMemory","Searing Blow"],"picked":"Seeing Red","floor":7},{"not_picked":["DDmod:PokeAttack","Battle Trance"],"picked":"Flex","floor":8},{"not_picked":["DDmod:ScaleUpSkill","DDmod:PokeAttack"],"picked":"Feel No Pain","floor":10},{"not_picked":["Seeing Red","Rampage"],"picked":"Body Slam","floor":11},{"not_picked":["Heavy Blade","Infernal Blade"],"picked":"Cleave","floor":14},{"not_picked":["Fiend Fire","StSpp:IntoTheAbyss"],"picked":"Demon Form","floor":16},{"not_picked":["StSpp:Succumb+1","Sword Boomerang"],"picked":"Exhume","floor":18},{"not_picked":["Anger","StSpp:CounterStrike"],"picked":"Infernal Blade","floor":19},{"not_picked":["Havoc","StSpp:Succumb"],"picked":"Sever Soul","floor":22},{"not_picked":["Clothesline","Burning Pact"],"picked":"Entrench+1","floor":28},{"not_picked":["Warcry+1","Fire Breathing"],"picked":"Infernal Blade","floor":29}],"player_experience":503809,"relics_obtained":[{"floor":6,"key":"Kunai"},{"floor":9,"key":"PreservedInsect"},{"floor":10,"key":"Meat on the Bone"},{"floor":17,"key":"Pen Nib"},{"floor":17,"key":"conspire:DeflatedDodgeball"},{"floor":17,"key":"Turnip"},{"floor":31,"key":"Lantern"}],"event_choices":[{"damage_healed":68,"gold_gain":0,"player_choice":"Embrace Burn","damage_taken":0,"max_hp_gain":0,"max_hp_loss":86,"event_name":"betterThird:BetterShining","floor":2,"gold_loss":0},{"damage_healed":0,"gold_gain":0,"player_choice":"Got Potions","damage_taken":0,"max_hp_gain":0,"max_hp_loss":0,"event_name":"Lab","floor":13,"gold_loss":0},{"damage_healed":0,"gold_gain":0,"player_choice":"Cursed","damage_taken":0,"max_hp_gain":0,"max_hp_loss":0,"event_name":"Wheel of Change","floor":20,"gold_loss":0,"cards_obtained":["Decay"]},{"damage_healed":0,"gold_gain":0,"player_choice":"Upgraded","damage_taken":0,"max_hp_gain":0,"max_hp_loss":0,"event_name":"Upgrade Shrine","floor":24,"gold_loss":0,"cards_upgraded":["Demon Form"]},{"cards_removed":["Decay"],"damage_healed":0,"gold_gain":0,"player_choice":"Removed Curses","damage_taken":0,"max_hp_gain":0,"max_hp_loss":0,"event_name":"Fountain of Cleansing","floor":30,"gold_loss":0}],"is_beta":false,"boss_relics":[{"not_picked":["energizedSpire:TabascoSauce","Tiny House"],"picked":"Calling Bell"}],"items_purged_floors":[0],"is_endless":false,"potions_floor_spawned":[3,5,7,8,11,19,28],"killed_by":"Collector","ascension_level":0}}