{"host":"hrvs05np4ys7itky","time":1612757832,"event":{"mods":["BaseMod","Colored Map","Colored Powertips","Downfall","Emptier Cage","Hermit","Highlight Path","Minty Spire (QoL Compilation)","Permanent Neow","Rare Cards Sparkle","Relic Stats","Replay The Spire","StSLib","everything is the same but u backflip on backflip"],"gold_per_floor":[116,116,191,10,10,10,30,61,84,84,84],"floor_reached":10,"language":"ENG","playtime":390,"items_purged":["Injury"],"score":106,"play_id":"76267ad3-bae6-410a-8b7b-f3a7a298bf4b","local_time":"20210207231712","is_ascension_mode":true,"campfire_choices":[{"data":"Dark Embrace","floor":6,"key":"SMITH"}],"circlet_count":0,"master_deck":["AscendersBane","Strike_R","Strike_R","Strike_R","Strike_R","Strike_R","Defend_R","Defend_R","Defend_R","Defend_R","Bash","hermit:Strike_Hermit","hexamod:Float","Shockwave","True Grit","True Grit","Dark Embrace+1","Pain","Cleave","Ghostly Armor"],"relics":["Burning Blood","Magic Flower","Golden Idol","WarpedTongs","Self Forming Clay","Bag of Marbles"],"acts_visited":["Exordium"],"potions_floor_usage":[],"damage_taken":[{"damage":9,"enemies":"Small Slimes","floor":1,"turns":5},{"damage":15,"enemies":"2 Louse","floor":7,"turns":3},{"damage":46,"enemies":"3 Sentries","floor":8,"turns":8},{"damage":10,"enemies":"Gremlin Nob","floor":10,"turns":3}],"seed_played":"-1063826176532671714","potions_obtained":[{"floor":8,"key":"SkillPotion"}],"is_trial":false,"path_per_floor":["M","?","?","$","?","R","M","E","T","E"],"character_chosen":"IRONCLAD","items_purchased":["True Grit","Dark Embrace"],"campfire_rested":0,"item_purchase_floors":[4,4],"current_hp_per_floor":[72,72,61,61,61,61,55,18,18,8,8],"gold":84,"neow_bonus":"ONE_RARE_RELIC","is_daily":false,"chose_seed":false,"campfire_upgraded":1,"win_rate":0.0,"timestamp":1612757832,"path_taken":["M","?","?","$","?","R","?","E","T","E"],"items_purchased_type":["Card","Card"],"build_version":"2020-12-22","purchased_purges":1,"victory":false,"max_hp_per_floor":[80,80,80,80,80,80,80,80,80,80,80],"relic_stats":{"counters":[4,19],"Golden Idol":10,"Self Forming Clay":[3],"Magic Flower":[9],"obtain_stats":[{"Golden Idol":2,"Self Forming Clay":8,"Magic Flower":0,"Bag of Marbles":9,"Burning Blood":0,"WarpedTongs":5},{"Golden Idol":1,"Self Forming Clay":3,"Magic Flower":0,"Bag of Marbles":3,"Burning Blood":0,"WarpedTongs":1},{"Golden Idol":5,"Self Forming Clay":16,"Magic Flower":0,"Bag of Marbles":16,"Burning Blood":0,"WarpedTongs":5}],"Burning Blood":27,"WarpedTongs":[13]},"card_choices":[{"not_picked":["Pommel Strike","Sword Boomerang"],"picked":"Shockwave","floor":1},{"not_picked":["Body Slam","Havoc"],"picked":"Cleave","floor":7},{"not_picked":["Wild Strike","Fire Breathing"],"picked":"Ghostly Armor","floor":8}],"player_experience":1044530,"relics_obtained":[{"floor":8,"key":"Self Forming Clay"},{"floor":9,"key":"Bag of Marbles"}],"event_choices":[{"damage_healed":0,"gold_gain":0,"player_choice":"Take Wound","damage_taken":0,"relics_obtained":["Golden Idol"],"max_hp_gain":0,"max_hp_loss":0,"event_name":"Golden Idol","floor":2,"gold_loss":0,"cards_obtained":["Injury"]},{"damage_healed":0,"gold_gain":75,"player_choice":"Gather Gold","damage_taken":11,"max_hp_gain":0,"max_hp_loss":0,"event_name":"World of Goop","floor":3,"gold_loss":0},{"damage_healed":0,"gold_gain":0,"player_choice":"Rummage","damage_taken":0,"relics_obtained":["WarpedTongs"],"max_hp_gain":0,"max_hp_loss":0,"event_name":"Accursed Blacksmith","floor":5,"gold_loss":0,"cards_obtained":["Pain"]}],"is_beta":false,"boss_relics":[],"items_purged_floors":[4],"is_endless":false,"potions_floor_spawned":[8],"killed_by":"Gremlin Nob","ascension_level":13}}