{"host":"vlqejv0notyktumz","time":1612771098,"event":{"mods":["AchievementEnabler","BaseMod","Colored Map","Colored Powertips","Downfall","Googly Eyes","Minty Spire (QoL Compilation)","StSLib"],"gold_per_floor":[110,110,121,136,136,136,155,155,155,120,151,151,167,213,213,310,310,324,324,65,82,7,7,42,42,42,42,75,94,94,148,148,251,251,269,17,27,39,39,39,73,83,83,96,116,116,116,150,150,150,150],"floor_reached":50,"language":"ENG","playtime":1791,"items_purged":["Strike_P"],"score":729,"play_id":"ccc8a05c-f2e0-4882-9852-8c4a9dad848b","local_time":"20210208015818","is_ascension_mode":true,"campfire_choices":[{"data":"EmptyFist","floor":6.0,"key":"SMITH"},{"data":"ClearTheMind","floor":8.0,"key":"SMITH"},{"data":"CutThroughFate","floor":12.0,"key":"SMITH"},{"data":"Vigilance","floor":15.0,"key":"SMITH"},{"data":"DevaForm","floor":23.0,"key":"SMITH"},{"data":"Consecrate","floor":27,"key":"SMITH"},{"data":"CutThroughFate","floor":30,"key":"SMITH"},{"floor":32,"key":"RECALL"},{"floor":40,"key":"REST"},{"floor":46,"key":"REST"},{"floor":49,"key":"REST"}],"circlet_count":0,"master_deck":["Strike_P","Strike_P","Defend_P+1","Defend_P","Defend_P","Defend_P","Eruption+1","Vigilance+1","EmptyFist+1","Consecrate+1","Indignation+1","ClearTheMind+1","CutThroughFate+1","ThirdEye+1","DevaForm+1","Evaluate+1","CutThroughFate+1","Decay","Protect+1","Scrawl+1","Worship+1","Vengeance+1","FlyingSleeves","BowlingBash+1","WaveOfTheHand+1","ClearTheMind+1","Flash of Steel","Tantrum+1"],"relics":["HolyWater","Boot","Bag of Preparation","Toxic Egg 2","War Paint","HornCleat","Mango","White Beast Statue","Blood Vial","Bronze Scales","Runic Pyramid","Vajra","The Courier","Eternal Feather","Happy Flower"],"acts_visited":["Exordium","TheCity","TheBeyond"],"potions_floor_usage":[24,28,29,35,41,41,42,48,50],"damage_taken":[{"damage":0.0,"enemies":"2 Louse","floor":1.0,"turns":4.0},{"damage":0.0,"enemies":"Cultist","floor":3.0,"turns":3.0},{"damage":7.0,"enemies":"Jaw Worm","floor":4.0,"turns":4.0},{"damage":5.0,"enemies":"Large Slime","floor":7.0,"turns":3.0},{"damage":0.0,"enemies":"Lagavulin","floor":11.0,"turns":2.0},{"damage":3.0,"enemies":"Blue Slaver","floor":13.0,"turns":3.0},{"damage":12.0,"enemies":"The Guardian","floor":16.0,"turns":10.0},{"damage":7.0,"enemies":"Shell Parasite","floor":18.0,"turns":3.0},{"damage":0.0,"enemies":"Chosen","floor":21.0,"turns":4.0},{"damage":8,"enemies":"Gremlin Leader","floor":24,"turns":6},{"damage":13,"enemies":"Slavers","floor":28,"turns":4},{"damage":0,"enemies":"3 Cultists","floor":29,"turns":6},{"damage":50,"enemies":"Collector","floor":33,"turns":12},{"damage":0,"enemies":"3 Shapes","floor":35,"turns":3},{"damage":1,"enemies":"Orb Walker","floor":37,"turns":2},{"damage":21,"enemies":"Sphere and 2 Shapes","floor":38,"turns":4},{"damage":47,"enemies":"Reptomancer","floor":41,"turns":6},{"damage":4,"enemies":"4 Shapes","floor":42,"turns":6},{"damage":2,"enemies":"Jaw Worm Horde","floor":44,"turns":4},{"damage":4,"enemies":"3 Darklings","floor":45,"turns":6},{"damage":79,"enemies":"Giant Head","floor":48,"turns":8},{"damage":127,"enemies":"Time Eater","floor":50,"turns":9}],"seed_played":"-2405930367822310586","potions_obtained":[{"floor":4.0,"key":"FearPotion"},{"floor":13.0,"key":"Explosive Potion"},{"floor":16.0,"key":"bronze:BurnAndBuffPotion"},{"floor":24,"key":"Dexterity Potion"},{"floor":28,"key":"LiquidMemories"},{"floor":29,"key":"FairyPotion"},{"floor":33,"key":"DistilledChaos"},{"floor":35,"key":"Weak Potion"},{"floor":37,"key":"Guardian:BlockOnCardUsePotion"},{"floor":41,"key":"SkillPotion"},{"floor":42,"key":"Dexterity Potion"},{"floor":44,"key":"FairyPotion"},{"floor":48,"key":"Fruit Juice"}],"is_trial":false,"path_per_floor":["M","?","M","M","?","R","M","R","T","?","E","R","M","T","R","B",null,"M","?","$","M","$","R","E","?","T","R","E","M","R","T","R","B",null,"M","$","M","M","$","R","E","M","T","M","M","R","?","E","R","B"],"character_chosen":"WATCHER","items_purchased":["HornCleat","Vengeance+1","Vajra","FlyingSleeves"],"campfire_rested":3,"item_purchase_floors":[20,36,36,36],"current_hp_per_floor":[72,72,72,65,58,58,53,53,53,71,71,71,68,68,68,56,68,61,55,55,55,55,55,61,61,61,61,48,50,50,50,50,2,65,67,67,68,49,49,74,29,27,27,27,25,65,65,30,72,0,0],"gold":150,"neow_bonus":"RANDOM_COMMON_RELIC","is_daily":false,"chose_seed":false,"campfire_upgraded":7,"win_rate":0.0,"timestamp":1612771098,"path_taken":["M","?","M","?","?","R","M","R","T","?","E","R","M","?","R","BOSS","M","?","$","?","$","R","E","?","T","R","E","M","R","?","R","BOSS","M","$","M","?","$","R","E","?","T","M","M","R","?","E","R","BOSS"],"items_purchased_type":["Relic","Card","Relic","Card"],"build_version":"2020-12-22","purchased_purges":1,"victory":false,"max_hp_per_floor":[72,72,72,72,72,72,72,72,72,72,72,72,72,72,72,72,72,72,72,72,72,72,72,86,86,86,86,86,86,86,86,86,86,86,86,86,86,86,86,86,86,86,86,86,86,86,86,91,91,91,91],"card_choices":[{"not_picked":["Evaluate","Fasting2"],"picked":"EmptyFist","floor":1.0},{"not_picked":["EmptyMind","Meditate"],"picked":"Consecrate","floor":3.0},{"not_picked":["Weave","Protect"],"picked":"Indignation","floor":4.0},{"not_picked":["Conclude","FlurryOfBlows"],"picked":"ClearTheMind","floor":7.0},{"not_picked":["SandsOfTime","Conclude"],"picked":"CutThroughFate","floor":11.0},{"not_picked":["CrushJoints","FollowUp"],"picked":"ThirdEye+1","floor":13.0},{"not_picked":["Blasphemy+1","ConjureBlade+1"],"picked":"DevaForm","floor":16.0},{"not_picked":["Consecrate","InnerPeace+1"],"picked":"Evaluate+1","floor":18.0},{"not_picked":["Prostrate+1","ThirdEye+1"],"picked":"CutThroughFate","floor":21.0},{"not_picked":["CrushJoints","BowlingBash","Omniscience+1"],"picked":"SKIP","floor":24},{"not_picked":["WreathOfFlame+1","Evaluate+1"],"picked":"Protect+1","floor":28},{"not_picked":["WreathOfFlame+1","Prostrate+1","SandsOfTime"],"picked":"SKIP","floor":29},{"not_picked":["Omniscience+1","DevaForm"],"picked":"Scrawl+1","floor":33},{"not_picked":["Meditate+1","Consecrate"],"picked":"Worship+1","floor":35},{"not_picked":["TalkToTheHand","Crescendo+1"],"picked":"BowlingBash+1","floor":37},{"not_picked":["PathToVictory+1","BattleHymn"],"picked":"WaveOfTheHand+1","floor":38},{"not_picked":["Study+1","Protect+1","ForeignInfluence+1"],"picked":"SKIP","floor":41},{"not_picked":["Prostrate+1","ForeignInfluence+1","ThirdEye+1"],"picked":"SKIP","floor":42},{"not_picked":["CutThroughFate+1","BowlingBash+1"],"picked":"ClearTheMind+1","floor":44},{"not_picked":["SpiritShield+1","Swivel+1","Sanctity+1"],"picked":"SKIP","floor":45},{"not_picked":["Violence+1","Deep Breath+1"],"picked":"Flash of Steel","floor":47},{"not_picked":["InnerPeace+1","Prostrate+1"],"picked":"Tantrum+1","floor":48}],"player_experience":399743,"relics_obtained":[{"floor":9.0,"key":"Bag of Preparation"},{"floor":11.0,"key":"Toxic Egg 2"},{"floor":14.0,"key":"War Paint"},{"floor":24,"key":"Mango"},{"floor":26,"key":"White Beast Statue"},{"floor":28,"key":"Blood Vial"},{"floor":31,"key":"Bronze Scales"},{"floor":41,"key":"The Courier"},{"floor":43,"key":"Eternal Feather"},{"floor":48,"key":"Happy Flower"}],"event_choices":[{"damage_healed":0.0,"max_hp_gain":0.0,"max_hp_loss":0.0,"gold_gain":0.0,"event_name":"Accursed Blacksmith","player_choice":"Forge","floor":2.0,"gold_loss":0.0,"damage_taken":0.0,"cards_upgraded":["Eruption"]},{"cards_removed":["Strike_P"],"damage_healed":0.0,"max_hp_gain":0.0,"max_hp_loss":0.0,"gold_gain":0.0,"event_name":"Golden Wing","player_choice":"Card Removal","floor":5.0,"gold_loss":0.0,"damage_taken":7.0},{"damage_healed":18.0,"max_hp_gain":0.0,"max_hp_loss":0.0,"gold_gain":0.0,"event_name":"The Cleric","player_choice":"Healed","floor":10.0,"gold_loss":35.0,"damage_taken":0.0},{"damage_healed":0.0,"max_hp_gain":0.0,"max_hp_loss":0.0,"gold_gain":0.0,"event_name":"Knowing Skull","player_choice":"","floor":19.0,"potions_obtained":[],"gold_loss":0.0,"damage_taken":6.0,"cards_obtained":[]},{"damage_healed":0,"gold_gain":0,"player_choice":"Smashed Altar","damage_taken":0,"max_hp_gain":0,"max_hp_loss":0,"event_name":"Forgotten Altar","floor":25,"gold_loss":0,"cards_obtained":["Decay"]},{"damage_healed":0,"gold_gain":0,"player_choice":"Memory 1","damage_taken":0,"max_hp_gain":0,"max_hp_loss":0,"event_name":"SensoryStone","floor":47,"gold_loss":0}],"is_beta":false,"boss_relics":[{"not_picked":["Fusion Hammer","VioletLotus"],"picked":"HolyWater"},{"not_picked":["Runic Dome","Snecko Eye"],"picked":"Runic Pyramid"}],"items_purged_floors":[22],"is_endless":false,"potions_floor_spawned":[4,13,16,24,28,29,33,35,37,38,41,42,44,45,48],"killed_by":"Time Eater","ascension_level":5}}