{"host":"w3q5ijqu8eoknil3","time":1612808137,"event":{"mods":["AchievementEnabler","BaseMod","Block Reminder","Colored Map","Colored Powertips","Curses Come First","Dark Map","Minty Spire (QoL Compilation)","Quick Restart","Relic Stats","StSLib","ojb\u0027s Better Paths Mod","ojb\u0027s Info Mod","slay the spire mod where everything is the same but ironclad has a cowboy hat"],"gold_per_floor":[365,379,379,33,51,51,51],"floor_reached":6,"language":"ENG","playtime":257,"items_purged":["Injury"],"score":70,"play_id":"96f62d4d-2616-4db5-9d7e-88cbaa8514bc","local_time":"20210208181537","is_ascension_mode":true,"campfire_choices":[],"circlet_count":0,"master_deck":["AscendersBane","Strike_G","Strike_G","Strike_G","Strike_G","Strike_G","Defend_G","Defend_G","Defend_G","Defend_G","Defend_G","Survivor","Neutralize","Acrobatics","Bane","Dagger Throw"],"relics":["Ring of the Snake","Golden Idol","Question Card"],"acts_visited":["Exordium"],"potions_floor_usage":[6],"damage_taken":[{"damage":0,"enemies":"2 Louse","floor":1,"turns":5},{"damage":1,"enemies":"Cultist","floor":2,"turns":4},{"damage":17,"enemies":"Jaw Worm","floor":5,"turns":9},{"damage":45,"enemies":"3 Sentries","floor":6,"turns":12}],"seed_played":"634012392347302817","potions_obtained":[{"floor":5,"key":"Block Potion"}],"is_trial":false,"path_per_floor":["M","M","?","$","M","E"],"character_chosen":"THE_SILENT","items_purchased":["Question Card"],"campfire_rested":0,"item_purchase_floors":[4],"current_hp_per_floor":[59,58,58,58,41,0,0],"gold":51,"neow_bonus":"TWO_FIFTY_GOLD","is_daily":false,"chose_seed":false,"campfire_upgraded":0,"win_rate":0.0,"timestamp":1612808137,"path_taken":["M","M","?","$","M","E"],"items_purchased_type":["Relic"],"build_version":"2020-12-22","purchased_purges":1,"victory":false,"max_hp_per_floor":[66,66,60,60,60,60,60],"relic_stats":{"counters":[4,30],"Golden Idol":4,"Question Card":1,"obtain_stats":[{"Golden Idol":3,"Question Card":4,"Ring of the Snake":0},{"Golden Idol":2,"Question Card":2,"Ring of the Snake":0},{"Golden Idol":9,"Question Card":9,"Ring of the Snake":0}],"Ring of the Snake":[8]},"card_choices":[{"not_picked":["Dodge and Roll","Endless Agony"],"picked":"Acrobatics","floor":1},{"not_picked":["Heel Hook","Deflect"],"picked":"Bane","floor":2},{"not_picked":["Backflip","Slice","Dodge and Roll"],"picked":"Dagger Throw","floor":5}],"player_experience":1040557,"relics_obtained":[],"event_choices":[{"damage_healed":0,"gold_gain":0,"player_choice":"Lose Max HP","damage_taken":0,"relics_obtained":["Golden Idol"],"max_hp_gain":0,"max_hp_loss":6,"event_name":"Golden Idol","floor":3,"gold_loss":0}],"is_beta":false,"boss_relics":[],"items_purged_floors":[4],"is_endless":false,"potions_floor_spawned":[5],"killed_by":"3 Sentries","ascension_level":19}}