{"host":"3498uni0c31c9bdm","time":1612797209,"event":{"mods":["BaseMod","Better Match","Better Note","Better Sensory Stone","Better Skull","Better Third Choice","Colored Map","Minty Spire (QoL Compilation)","Quick Restart","RNG Fix","Random Character Button","Replay The Spire","Shop Mod","Smile Girya","StSLib","Unceasing Turn Reminder"],"gold_per_floor":[119,129,140,140,158,158,178,206,261,261,281,281,296,307,307,307,307],"floor_reached":16,"language":"ENG","playtime":509,"items_purged":[],"score":159,"play_id":"7e94f7ba-374b-46e5-95cc-ff7e2d841994","local_time":"20210209021329","is_ascension_mode":true,"campfire_choices":[{"floor":6,"key":"REST"},{"floor":10,"key":"REST"},{"floor":12,"key":"RECALL"},{"floor":15,"key":"REST"}],"circlet_count":0,"master_deck":["AscendersBane","Strike_G","Strike_G","Strike_G","Strike_G","Strike_G","Defend_G","Defend_G+1","Defend_G","Defend_G","Defend_G","Survivor","Neutralize","Flechettes","Poisoned Stab","PiercingWail","Cloak And Dagger+1","Dagger Spray","Adrenaline","PiercingWail","Riddle With Holes","Blur"],"relics":["Ring of the Snake","NeowsBlessing","Boot","Snake Skull","Gremlin Food"],"acts_visited":["Exordium"],"potions_floor_usage":[8,16,16],"damage_taken":[{"damage":0,"enemies":"Small Slimes","floor":1,"turns":1},{"damage":0,"enemies":"Jaw Worm","floor":2,"turns":1},{"damage":0,"enemies":"Cultist","floor":3,"turns":1},{"damage":21,"enemies":"Gremlin Gang","floor":5,"turns":7},{"damage":9,"enemies":"Large Slime","floor":7,"turns":8},{"damage":23,"enemies":"Gremlin Nob","floor":8,"turns":4},{"damage":21,"enemies":"Exordium Thugs","floor":11,"turns":4},{"damage":1,"enemies":"3 Louse","floor":13,"turns":2},{"damage":0,"enemies":"Exordium Wildlife","floor":14,"turns":2},{"damage":54,"enemies":"Hexaghost","floor":16,"turns":14}],"seed_played":"7837918069564233752","potions_obtained":[{"floor":3,"key":"BlessingOfTheForge"},{"floor":5,"key":"EssenceOfSteel"},{"floor":11,"key":"Explosive Potion"},{"floor":14,"key":"DistilledChaos"}],"is_trial":false,"path_per_floor":["M","M","M","?","M","R","M","E","T","R","M","R","M","M","R","B"],"character_chosen":"THE_SILENT","items_purchased":[],"campfire_rested":3,"item_purchase_floors":[],"current_hp_per_floor":[63,63,63,63,42,63,54,31,31,52,31,31,30,30,51,0,0],"gold":307,"neow_bonus":"THREE_ENEMY_KILL","is_daily":false,"chose_seed":false,"campfire_upgraded":0,"win_rate":0.0,"timestamp":1612797209,"path_taken":["M","M","?","?","M","R","M","E","T","R","M","R","M","M","R","BOSS"],"items_purchased_type":[],"build_version":"2020-12-22","purchased_purges":0,"victory":false,"max_hp_per_floor":[70,70,70,70,70,70,70,70,70,70,70,70,70,70,70,70,70],"card_choices":[{"not_picked":["Quick Slash","Dodge and Roll"],"picked":"Flechettes","floor":1},{"not_picked":["Outmaneuver","Prepared"],"picked":"Poisoned Stab","floor":2},{"not_picked":["Dagger Throw","Backflip"],"picked":"PiercingWail","floor":3},{"not_picked":["Catalyst","Setup"],"picked":"Cloak And Dagger","floor":5},{"not_picked":["Bouncing Flask","Prepared"],"picked":"Dagger Spray","floor":7},{"not_picked":["Catalyst","Sneak Up"],"picked":"Adrenaline","floor":8},{"not_picked":["Outmaneuver","Well Laid Plans"],"picked":"PiercingWail","floor":11},{"not_picked":["Dagger Throw","Tactician"],"picked":"Riddle With Holes","floor":13},{"not_picked":["Slice","Backstab"],"picked":"Blur","floor":14}],"player_experience":852517,"relics_obtained":[{"floor":8,"key":"Snake Skull"},{"floor":9,"key":"Gremlin Food"}],"event_choices":[{"damage_healed":0,"gold_gain":0,"player_choice":"Gave Potion","damage_taken":0,"relics_obtained":["Boot"],"max_hp_gain":0,"max_hp_loss":0,"event_name":"WeMeetAgain","floor":4,"gold_loss":0}],"is_beta":false,"boss_relics":[],"items_purged_floors":[],"is_endless":false,"potions_floor_spawned":[3,5,11,14],"killed_by":"Hexaghost","ascension_level":10}}