{"host":"ipy8buq3e4d47khg","time":1612752128,"event":{"mods":["BaseMod","Colored Map","Colored Powertips","Minty Spire (QoL Compilation)","Quick Restart","Replay The Spire","Shop Mod","Spicy Shops","StSLib"],"gold_per_floor":[118,118,118,118,137,137,86,121,121,146,156,189,199,211,211,309,309,323,334,347,367,377,407,407,441,441,441,452,452,478,494,494,589,589,606,620,637,653,668,696,707,741,767,189,223,223,243,263,263,263,263,263,22,48,48],"floor_reached":56,"language":"ENG","playtime":7067,"items_purged":["Parasite"],"score":1268,"play_id":"a107d287-d40e-49ee-9b11-cdc9f7c84aa0","local_time":"20210207184208","is_ascension_mode":true,"campfire_choices":[{"floor":6.0,"key":"RECALL"},{"data":"Armaments","floor":15.0,"key":"SMITH"},{"data":"Body Slam","floor":24.0,"key":"SMITH"},{"data":"ReplayTheSpireMod:Muscle Training","floor":27.0,"key":"SMITH"},{"data":"Demonic Infusion","floor":29.0,"key":"SMITH"},{"data":"Battle Trance","floor":32.0,"key":"SMITH"},{"data":"Barricade","floor":46.0,"key":"SMITH"},{"data":"Metallicize","floor":49.0,"key":"SMITH"},{"data":"Metallicize","floor":52,"key":"SMITH"}],"circlet_count":0,"master_deck":["Strike_R+1","Strike_R+1","Strike_R","Defend_R","Defend_R","Defend_R","Bash","Headbutt","Anger","Body Slam+1","Armaments+1","Ghostly Armor","Metallicize+1","Double Tap","Cleave","ReplayTheSpireMod:Muscle Training+1","Demonic Infusion+1","Headbutt","Intimidate","Battle Trance+1","Barricade+1","Rage+1","Metallicize+1","Armaments+1"],"relics":["Burning Blood","Mango","Anchor","Red Skull","Eternal Feather","Replay:Grab Bag","Busted Crown","Painkiller Herb","Replay:Drink Me","Replay:Baseball","Turnip","StoneCalendar","Ancient Tea Set","Philosopher\u0027s Stone","Mirror","Pen Nib","Simple Rune","DollysMirror","Kunai","ReplayTheSpireMod:Lightbulb","Bottled Tornado","Strawberry"],"acts_visited":["Exordium","TheCity","TheBeyond","TheEnding"],"potions_floor_usage":[55,55,55],"damage_taken":[{"damage":6.0,"enemies":"Small Slimes","floor":1.0,"turns":4.0},{"damage":0.0,"enemies":"2 Louse","floor":5.0,"turns":4.0},{"damage":12.0,"enemies":"Replay:BlueRogue","floor":8.0,"turns":5.0},{"damage":17.0,"enemies":"3 Sentries","floor":10.0,"turns":7.0},{"damage":0.0,"enemies":"Jaw Worm","floor":11.0,"turns":3.0},{"damage":6.0,"enemies":"Replay:BlueRogue","floor":12.0,"turns":5.0},{"damage":23.0,"enemies":"Exordium Thugs","floor":13.0,"turns":6.0},{"damage":5.0,"enemies":"Gremlin Gang","floor":14.0,"turns":4.0},{"damage":41.0,"enemies":"Hexaghost","floor":16.0,"turns":9.0},{"damage":4.0,"enemies":"Chosen","floor":18.0,"turns":5.0},{"damage":3.0,"enemies":"3 Byrds","floor":19.0,"turns":5.0},{"damage":6.0,"enemies":"Snake Plant","floor":20.0,"turns":3.0},{"damage":15.0,"enemies":"Centurion and Healer","floor":21.0,"turns":6.0},{"damage":8.0,"enemies":"Shelled Parasite and Fungi","floor":22.0,"turns":5.0},{"damage":20.0,"enemies":"Slavers","floor":23.0,"turns":6.0},{"damage":6.0,"enemies":"Replay:Snechameleon","floor":25.0,"turns":6.0},{"damage":0.0,"enemies":"Cultist and Chosen","floor":28.0,"turns":4.0},{"damage":3.0,"enemies":"Book of Stabbing","floor":30.0,"turns":5.0},{"damage":8.0,"enemies":"Snecko","floor":31.0,"turns":5.0},{"damage":38.0,"enemies":"Automaton","floor":33.0,"turns":7.0},{"damage":0.0,"enemies":"3 Darklings","floor":35.0,"turns":4.0},{"damage":0.0,"enemies":"3 Shapes","floor":36.0,"turns":4.0},{"damage":6.0,"enemies":"Transient","floor":37.0,"turns":5.0},{"damage":4.0,"enemies":"Writhing Mass","floor":38.0,"turns":5.0},{"damage":0.0,"enemies":"4 Shapes","floor":39.0,"turns":5.0},{"damage":0.0,"enemies":"Giant Head","floor":40.0,"turns":6.0},{"damage":5.0,"enemies":"3 Darklings","floor":41.0,"turns":3.0},{"damage":18.0,"enemies":"Reptomancer","floor":42.0,"turns":6.0},{"damage":3.0,"enemies":"Nemesis","floor":45.0,"turns":9.0},{"damage":3.0,"enemies":"Sphere and 2 Shapes","floor":47.0,"turns":5.0},{"damage":0.0,"enemies":"Writhing Mass","floor":48.0,"turns":4.0},{"damage":0,"enemies":"Replay:Hell Engine","floor":50,"turns":8},{"damage":0,"enemies":"Shield and Spear","floor":54,"turns":6},{"damage":0,"enemies":"The Heart","floor":55,"turns":8}],"seed_played":"-5337149728974550033","potions_obtained":[{"floor":11.0,"key":"SteroidPotion"},{"floor":13.0,"key":"GamblersBrew"},{"floor":14.0,"key":"SmokeBomb"},{"floor":16.0,"key":"PowerPotion"},{"floor":22.0,"key":"DuplicationPotion"},{"floor":23.0,"key":"BloodPotion"},{"floor":25.0,"key":"PowerPotion"},{"floor":31.0,"key":"DistilledChaos"},{"floor":33.0,"key":"LiquidBronze"},{"floor":36.0,"key":"HeartOfIron"},{"floor":38.0,"key":"DuplicationPotion"},{"floor":39.0,"key":"SpeedPotion"},{"floor":48.0,"key":"BlessingOfTheForge"},{"floor":54,"key":"Flashbang"}],"is_trial":false,"path_per_floor":["M","?","?","?","M","R","$","E","T","E","M","E","M","M","R","B",null,"?","?","?","?","?","E","T","E","T","T","?","T","E","?","T","B",null,"?","?","?","?","?","E","?","E","T","T","E","T","?","?","T","B",null,"T","T","E","B",null],"character_chosen":"IRONCLAD","items_purchased":["Body Slam","DollysMirror","Kunai","Block Potion","Adrenaline Potion","Bottled Tornado"],"campfire_rested":0,"item_purchase_floors":[7,44,44,44,44,53],"current_hp_per_floor":[86,91,91,91,91,91,91,85,85,74,80,80,63,64,73,38,69,69,69,69,60,58,44,53,53,53,62,68,69,69,67,69,37,69,69,69,69,69,69,69,69,57,57,57,60,66,66,66,66,66,66,66,66,73,73],"gold":48,"neow_bonus":"ONE_RARE_RELIC","is_daily":false,"chose_seed":false,"campfire_upgraded":8,"win_rate":0.0,"timestamp":1612752128,"path_taken":["M","?","?","?","?","R","$","E","T","E","M","E","?","M","R","BOSS","?","?","?","?","?","E","T","E","T","T","?","T","E","?","T","BOSS","?","?","?","?","?","E","?","E","T","T","E","T","?","?","T","BOSS","T","T","E","BOSS"],"items_purchased_type":["Card","Relic","Relic","Potion","Potion","Relic"],"build_version":"2020-12-22","purchased_purges":1,"victory":true,"max_hp_per_floor":[86,91,91,91,91,91,91,91,91,91,91,91,91,91,91,91,69,69,69,69,69,69,69,69,69,69,69,69,69,69,69,69,69,69,69,69,69,69,69,69,69,69,69,66,66,66,66,66,66,66,66,66,66,73,73],"card_choices":[{"not_picked":["ReplayTheSpireMod:Strike From Hell","Havoc"],"picked":"Headbutt","floor":1.0},{"not_picked":["Warcry","Dropkick"],"picked":"Anger","floor":5.0},{"not_picked":["Second Wind","Thunderclap"],"picked":"Armaments","floor":8.0},{"not_picked":["Berserk","Evolve"],"picked":"Ghostly Armor","floor":10.0},{"not_picked":["ReplayTheSpireMod:Limb From Limb","Disarm"],"picked":"Metallicize","floor":11.0},{"not_picked":["Carnage","Fire Breathing"],"picked":"Double Tap","floor":12.0},{"not_picked":["Twin Strike","Reckless Charge"],"picked":"Cleave","floor":13.0},{"not_picked":["Defy Death","Armaments"],"picked":"ReplayTheSpireMod:Muscle Training","floor":14.0},{"not_picked":["Corruption","Bludgeon"],"picked":"Demonic Infusion","floor":16.0},{"not_picked":["Cleave"],"picked":"SKIP","floor":18.0},{"not_picked":["Cleave"],"picked":"SKIP","floor":18.0},{"not_picked":["Pommel Strike+1"],"picked":"SKIP","floor":19.0},{"not_picked":["Sword Boomerang"],"picked":"SKIP","floor":20.0},{"not_picked":[],"picked":"Headbutt","floor":21.0},{"not_picked":["Iron Wave+1"],"picked":"SKIP","floor":22.0},{"not_picked":[],"picked":"Intimidate","floor":23.0},{"not_picked":["True Grit+1"],"picked":"SKIP","floor":25.0},{"not_picked":["Clash"],"picked":"SKIP","floor":28.0},{"not_picked":[],"picked":"Battle Trance","floor":30.0},{"not_picked":["Disarm"],"picked":"SKIP","floor":31.0},{"not_picked":[],"picked":"Barricade","floor":33.0},{"not_picked":["ReplayTheSpireMod:Limb From Limb+1"],"picked":"SKIP","floor":35.0},{"not_picked":["Perfected Strike+1"],"picked":"SKIP","floor":36.0},{"not_picked":[],"picked":"Rage+1","floor":37.0},{"not_picked":["Combust+1"],"picked":"SKIP","floor":38.0},{"not_picked":["Replay:Undeath\u0027s Touch"],"picked":"SKIP","floor":39.0},{"not_picked":[],"picked":"Metallicize","floor":40.0},{"not_picked":["Heavy Blade+1"],"picked":"SKIP","floor":41.0},{"not_picked":["Whirlwind"],"picked":"SKIP","floor":42.0},{"not_picked":["Clash+1"],"picked":"SKIP","floor":45.0},{"not_picked":["Clash"],"picked":"SKIP","floor":47.0},{"not_picked":["Twin Strike"],"picked":"SKIP","floor":48.0},{"not_picked":["Twin Strike+1"],"picked":"SKIP","floor":54}],"player_experience":240510,"relics_obtained":[{"floor":8.0,"key":"Anchor"},{"floor":10.0,"key":"Red Skull"},{"floor":12.0,"key":"Eternal Feather"},{"floor":23.0,"key":"Replay:Baseball"},{"floor":25.0,"key":"Turnip"},{"floor":26.0,"key":"StoneCalendar"},{"floor":30.0,"key":"Ancient Tea Set"},{"floor":40.0,"key":"Mirror"},{"floor":42.0,"key":"Pen Nib"},{"floor":43.0,"key":"Simple Rune"},{"floor":45.0,"key":"ReplayTheSpireMod:Lightbulb"},{"floor":54,"key":"Strawberry"}],"event_choices":[{"damage_healed":0.0,"max_hp_gain":5.0,"max_hp_loss":0.0,"gold_gain":0.0,"event_name":"Big Fish","player_choice":"Donut","floor":2.0,"gold_loss":0.0,"damage_taken":0.0},{"damage_healed":0.0,"max_hp_gain":0.0,"max_hp_loss":0.0,"gold_gain":0.0,"event_name":"Golden Wing","player_choice":"Ignored","floor":3.0,"gold_loss":0.0,"damage_taken":0.0},{"damage_healed":0.0,"max_hp_gain":0.0,"max_hp_loss":0.0,"gold_gain":0.0,"event_name":"Purifier","player_choice":"Ignored","floor":4.0,"gold_loss":0.0,"damage_taken":0.0}],"is_beta":false,"boss_relics":[{"not_picked":["ChewingGum","Ectoplasm"],"picked":"Replay:Grab Bag"},{"not_picked":["Replay:Wanted Poster","Fusion Hammer"],"picked":"Busted Crown"},{"not_picked":["ReplayTheSpireMod:Onyx Gauntlets","Runic Dome"],"picked":"Painkiller Herb"},{"not_picked":["Ring of Chaos","Runic Cube"],"picked":"Replay:Drink Me"},{"not_picked":["Replay:Ancient Bell","Cursed Key"],"picked":"Philosopher\u0027s Stone"}],"items_purged_floors":[44],"is_endless":false,"potions_floor_spawned":[11,13,14,16,22,23,25,28,31,33,36,37,38,39,48,54],"ascension_level":2}}