{"host":"vhvm1b4sel61ztfv","time":1612791397,"event":{"mods":["BaseMod","BetterRewards","Displayed Cursed Tome","Gold Saver","Minty Spire (QoL Compilation)","StSLib"],"gold_per_floor":[118,137,137,137,137,172,187,217,217,243,243,243,277,294,294,399,449,463,463,429,447,447,472,488,488,488,488,501,501,549,576,576,677,677,697,677,605,605,529,562,581,581,581,592,592,553,553,567,567,567,567,567,278,303,303],"floor_reached":56,"language":"ENG","playtime":3079,"items_purged":[],"score":1729,"play_id":"8d8f79cf-0dc5-4784-85cb-55929fe6ddd8","local_time":"20210208083637","is_ascension_mode":false,"campfire_choices":[{"floor":12,"key":"RECALL"},{"data":"Double Energy","floor":15,"key":"SMITH"},{"data":"Fission","floor":25,"key":"SMITH"},{"data":"Dualcast","floor":29,"key":"SMITH"},{"floor":32,"key":"REST"},{"floor":42,"key":"REST"},{"floor":45,"key":"REST"},{"floor":47,"key":"REST"},{"floor":49,"key":"REST"},{"data":"1","floor":52,"key":"LIFT"}],"circlet_count":0,"master_deck":["Defend_B","Defend_B","Defend_B+1","Defend_B","Zap+1","Dualcast+1","Static Discharge+1","Defragment+1","Ball Lightning","BootSequence+1","Defragment+1","Self Repair+1","Storm+1","Melter+1","Capacitor+1","Loop+1","Ball Lightning+1","Storm+1","Defragment+1","Tempest+1","Self Repair+1","Loop+1","Double Energy+1","Storm+1","Echo Form+1","Fission+1","Bite+1","Bite+1","Bite+1","Bite+1","Bite+1","Barrage+1","Thunder Strike+1","Consume+1","Static Discharge+1"],"relics":["Cracked Core","Frozen Egg 2","Potion Belt","Ginger","Molten Egg 2","Membership Card","Cables","Lee\u0027s Waffle","Oddly Smooth Stone","Runic Capacitor","Eternal Feather","Vajra","HandDrill","Gremlin Horn","War Paint","Dream Catcher","DataDisk","Juzu Bracelet","Ancient Tea Set","Sling","Tiny Chest","Symbiotic Virus","Strawberry","Ice Cream","Emotion Chip","Pantograph","WingedGreaves","Dead Branch","Chemical X","Singing Bowl","Bird Faced Urn","Bronze Scales","Frozen Eye","Unceasing Top","Bottled Flame","Odd Mushroom","Ornamental Fan","Question Card","Tiny House","MealTicket","Bottled Tornado","Bag of Preparation","Kunai","Busted Crown","OrangePellets","Girya","ClockworkSouvenir","HornCleat","Shuriken","Mercury Hourglass","Pear","Anchor"],"acts_visited":["Exordium","TheCity","TheBeyond","TheEnding"],"potions_floor_usage":[33,55,55,55,55],"damage_taken":[{"damage":0,"enemies":"Small Slimes","floor":1,"turns":2},{"damage":0,"enemies":"Cultist","floor":2,"turns":2},{"damage":0,"enemies":"Gremlin Nob","floor":6,"turns":2},{"damage":0,"enemies":"Jaw Worm","floor":7,"turns":2},{"damage":0,"enemies":"3 Sentries","floor":8,"turns":2},{"damage":1,"enemies":"The Mushroom Lair","floor":10,"turns":2},{"damage":0,"enemies":"Lagavulin","floor":13,"turns":2},{"damage":0,"enemies":"3 Louse","floor":14,"turns":2},{"damage":6,"enemies":"The Guardian","floor":16,"turns":3},{"damage":6,"enemies":"2 Thieves","floor":18,"turns":2},{"damage":0,"enemies":"Chosen","floor":21,"turns":2},{"damage":7,"enemies":"Book of Stabbing","floor":23,"turns":2},{"damage":7,"enemies":"Snake Plant","floor":24,"turns":2},{"damage":0,"enemies":"Snecko","floor":28,"turns":2},{"damage":4,"enemies":"Gremlin Leader","floor":31,"turns":2},{"damage":0,"enemies":"Automaton","floor":33,"turns":2},{"damage":1,"enemies":"Orb Walker","floor":35,"turns":2},{"damage":3,"enemies":"Giant Head","floor":40,"turns":3},{"damage":0,"enemies":"3 Shapes","floor":41,"turns":2},{"damage":0,"enemies":"Writhing Mass","floor":44,"turns":2},{"damage":0,"enemies":"Maw","floor":48,"turns":3},{"damage":21,"enemies":"Time Eater","floor":50,"turns":3},{"damage":0,"enemies":"Shield and Spear","floor":54,"turns":1},{"damage":37,"enemies":"The Heart","floor":55,"turns":3}],"seed_played":"9077360270228534383","potions_obtained":[{"floor":10,"key":"Energy Potion"},{"floor":40,"key":"CultistPotion"},{"floor":54,"key":"FocusPotion"}],"is_trial":false,"path_per_floor":["M","M","$","?","?","E","M","E","T","?","T","R","E","M","R","B",null,"M","$","$","M","?","E","M","R","T","$","M","R","T","E","R","B",null,"M","?","$","T","$","E","M","R","T","M","R","$","R","M","R","B",null,"R","$","E","B",null],"character_chosen":"DEFECT","items_purchased":["FairyPotion","Frozen Egg 2","Static Discharge+1","Potion Belt","Defragment+1","Ball Lightning","Ginger","Molten Egg 2","Membership Card","Cables","BootSequence","Defragment+1","Lee\u0027s Waffle","Oddly Smooth Stone","EssenceOfDarkness","FairyPotion","Blood Vial","CultistPotion","Self Repair+1","Runic Capacitor","Eternal Feather","Vajra","Storm+1","PowerPotion","Melter+1","HandDrill","Gremlin Horn","War Paint","Dream Catcher","Capacitor+1","Loop+1","DataDisk","Juzu Bracelet","Ancient Tea Set","Sling","Tiny Chest","Ball Lightning+1","Symbiotic Virus","Storm+1","Strawberry","Ice Cream","Emotion Chip","Defragment+1","Pantograph","Tempest","Self Repair+1","WingedGreaves","Chemical X","Loop+1","Singing Bowl","Bird Faced Urn","Bronze Scales","Frozen Eye","Fission","OrangePellets","ClockworkSouvenir","Static Discharge+1","Mercury Hourglass","Pear","LiquidBronze"],"campfire_rested":5,"item_purchase_floors":[0,0,0,0,0,0,0,0,0,0,0,0,0,0,0,0,0,0,0,0,0,0,0,0,0,0,0,0,0,0,0,0,0,0,0,0,0,0,0,0,0,0,0,0,0,0,0,0,0,0,0,0,0,20,37,39,46,53,53,53],"current_hp_per_floor":[91,91,91,91,73,93,93,95,95,97,97,97,99,101,101,97,108,106,106,106,112,112,112,109,114,114,114,116,116,116,114,120,120,120,121,121,122,122,122,124,126,128,128,130,130,130,132,134,136,136,136,136,146,148,125],"gold":303,"neow_bonus":"","is_daily":false,"chose_seed":false,"campfire_upgraded":3,"win_rate":0.0,"timestamp":1612791397,"path_taken":["M","M","$","?","?","E","M","E","T","?","?","R","E","M","R","BOSS","M","$","$","M","?","E","M","R","T","$","M","R","?","E","R","BOSS","M","?","$","?","$","E","M","R","T","M","R","$","R","M","R","BOSS","R","$","E","BOSS"],"items_purchased_type":["Potion","Relic","Card","Relic","Card","Card","Relic","Relic","Relic","Relic","Card","Card","Relic","Relic","Potion","Potion","Relic","Potion","Card","Relic","Relic","Relic","Card","Potion","Card","Relic","Relic","Relic","Relic","Card","Card","Relic","Relic","Relic","Relic","Relic","Card","Relic","Card","Relic","Relic","Relic","Card","Relic","Card","Card","Relic","Relic","Card","Relic","Relic","Relic","Relic","Card","Relic","Relic","Card","Relic","Relic","Potion"],"build_version":"2020-12-22","purchased_purges":0,"victory":true,"max_hp_per_floor":[91,91,91,91,91,93,93,95,95,97,97,97,99,101,101,101,108,110,110,110,112,112,112,114,114,114,114,116,116,116,118,120,120,120,122,122,122,122,122,124,126,128,128,130,130,130,132,134,136,136,136,136,146,148,148],"card_choices":[{"not_picked":["Steam","FTL+1","Streamline+1"],"picked":"Singing Bowl","floor":1},{"not_picked":["Streamline+1","Auto Shields"],"picked":"Double Energy","floor":2},{"not_picked":["Beam Cell+1","BootSequence","Hologram"],"picked":"Singing Bowl","floor":6},{"not_picked":["Steam","Reinforced Body"],"picked":"Storm+1","floor":7},{"not_picked":["Multi-Cast","Leap","Rebound+1"],"picked":"Singing Bowl","floor":8},{"not_picked":["Ball Lightning+1","Self Repair+1","Hologram"],"picked":"Singing Bowl","floor":10},{"not_picked":["Gash+1","Coolheaded","Sweeping Beam+1"],"picked":"Singing Bowl","floor":13},{"not_picked":["Aggregate","Defragment+1","Go for the Eyes+1","Steam"],"picked":"Singing Bowl","floor":14},{"not_picked":["Amplify","Reboot","Rainbow"],"picked":"Echo Form+1","floor":16},{"not_picked":["Aggregate","Ball Lightning+1","Sweeping Beam+1","Redo"],"picked":"Singing Bowl","floor":17},{"not_picked":["Leap","Cold Snap+1","Sunder+1","Lockon+1"],"picked":"Singing Bowl","floor":18},{"not_picked":["Lockon+1","Hologram","Beam Cell+1","Barrage+1"],"picked":"Singing Bowl","floor":21},{"not_picked":["Stack+1","Steam","Hyperbeam+1"],"picked":"Barrage+1","floor":23},{"not_picked":["Chaos+1","Chill","Rebound+1","Gash+1"],"picked":"Singing Bowl","floor":24},{"not_picked":["Reprogram","Streamline+1","Coolheaded+1","Darkness"],"picked":"Singing Bowl","floor":28},{"not_picked":["Compile Driver+1","Conserve Battery","Leap+1","Steam Power"],"picked":"Singing Bowl","floor":31},{"not_picked":["Stack","Turbo","Leap","Streamline+1"],"picked":"Singing Bowl","floor":32},{"not_picked":["Rainbow","Reboot","Machine Learning+1"],"picked":"Thunder Strike+1","floor":33},{"not_picked":["Compile Driver+1","Redo"],"picked":"Singing Bowl","floor":35},{"not_picked":["Defragment+1","Ball Lightning+1"],"picked":"Singing Bowl","floor":40},{"not_picked":["Go for the Eyes+1","Gash+1"],"picked":"Singing Bowl","floor":41},{"not_picked":["Cold Snap+1","Auto Shields+1"],"picked":"Singing Bowl","floor":42},{"not_picked":["Sweeping Beam+1","Gash+1"],"picked":"Singing Bowl","floor":44},{"not_picked":["Beam Cell+1"],"picked":"Consume+1","floor":45},{"not_picked":["Compile Driver+1","Heatsinks+1"],"picked":"Singing Bowl","floor":47},{"not_picked":["Steam+1","Steam Power+1"],"picked":"Singing Bowl","floor":48},{"not_picked":["Double Energy","Redo"],"picked":"Singing Bowl","floor":49},{"not_picked":["Ball Lightning+1","Auto Shields+1"],"picked":"Singing Bowl","floor":54}],"player_experience":191795,"relics_obtained":[{"floor":6,"key":"Unceasing Top"},{"floor":8,"key":"Bottled Flame"},{"floor":10,"key":"Odd Mushroom"},{"floor":11,"key":"Ornamental Fan"},{"floor":13,"key":"Question Card"},{"floor":23,"key":"MealTicket"},{"floor":26,"key":"Bottled Tornado"},{"floor":30,"key":"Bag of Preparation"},{"floor":31,"key":"Kunai"},{"floor":38,"key":"Girya"},{"floor":40,"key":"HornCleat"},{"floor":43,"key":"Shuriken"},{"floor":54,"key":"Anchor"}],"event_choices":[{"damage_healed":0,"gold_gain":0,"player_choice":"Got Potions","damage_taken":0,"max_hp_gain":0,"max_hp_loss":0,"event_name":"Lab","floor":4,"gold_loss":0},{"damage_healed":0,"gold_gain":0,"player_choice":"Entered Light","damage_taken":18,"max_hp_gain":0,"max_hp_loss":0,"event_name":"Shining Light","floor":5,"gold_loss":0,"cards_upgraded":["Tempest","Strike_B"]},{"damage_healed":0,"gold_gain":0,"player_choice":"Fought Mushrooms","damage_taken":0,"max_hp_gain":0,"max_hp_loss":0,"event_name":"Mushrooms","floor":10,"gold_loss":0},{"damage_healed":0,"gold_gain":0,"player_choice":"Became a vampire (Vial)","damage_taken":0,"max_hp_gain":0,"max_hp_loss":0,"event_name":"Vampires","floor":22,"relics_lost":["Blood Vial"],"gold_loss":0,"cards_obtained":["Bite","Bite","Bite","Bite","Bite"]},{"damage_healed":0,"gold_gain":0,"player_choice":"Bought 1 Potion","damage_taken":0,"max_hp_gain":0,"max_hp_loss":0,"event_name":"The Woman in Blue","floor":36,"gold_loss":0}],"is_beta":false,"boss_relics":[{"not_picked":["SlaversCollar","Coffee Dripper"],"picked":"Tiny House"},{"not_picked":["Runic Pyramid","Calling Bell"],"picked":"Busted Crown"}],"items_purged_floors":[],"is_endless":false,"potions_floor_spawned":[8,10,13,14,16,21,23,24,40,54],"ascension_level":0}}