{"host":"63nbeequuhdffoms","time":1612763988,"event":{"mods":["BaseMod","Card Forge","Colored Powertips","Downfall","Hermit","Minty Spire (QoL Compilation)","Quick Restart","Relic Stats","StSLib","The Cursed","The Hierophant"],"gold_per_floor":[99,99,99,199,199,214,214,247,263,296,307,320,345,355,372,474,474,474,474,474,474],"floor_reached":19,"language":"ENG","playtime":1163,"items_purged":[],"score":152,"play_id":"88b44c18-200d-40aa-936f-a0d1077966c0","local_time":"20210208005948","is_ascension_mode":false,"campfire_choices":[{"data":"sneckomod:SnekBite","floor":1.0,"key":"SMITH"},{"floor":3.0,"key":"REST"},{"data":"expansioncontent:LastStand","floor":18,"key":"SMITH"}],"circlet_count":0,"master_deck":["sneckomod:Strike+1","sneckomod:Strike+1","sneckomod:Strike+1","sneckomod:Defend+1","sneckomod:Defend+1","sneckomod:Defend+1","sneckomod:TailWhip+1","sneckomod:SnekBite+1","sneckomod:Unknown+1","sneckomod:Unknown+1","sneckomod:SoulRoll+1","sneckomod:DiceCrush+1","sneckomod:UnknownBlock+1","sneckomod:Restock+1","sneckomod:UnknownExhaust+1","sneckomod:Unknown3Cost+1","sneckomod:SoulRoll+1","sneckomod:UnknownX+1","sneckomod:UnknownRareAttack+1","sneckomod:QuickMove+1","sneckomod:DiceCrush+1","expansioncontent:LastStand+1"],"relics":["sneckomod:SuperSneckoSoul","Hammer of Thor","Seething Fire","Anvil of the Gods","downfall:HeartsMalice","Unceasing Top","Meat on the Bone","Thread and Needle","Odd Mushroom"],"acts_visited":["TheCity"],"potions_floor_usage":[],"damage_taken":[{"damage":0.0,"enemies":"2 Louse","floor":2.0,"turns":1.0},{"damage":0.0,"enemies":"Jaw Worm","floor":5.0,"turns":1.0},{"damage":4.0,"enemies":"Cultist","floor":6.0,"turns":3.0},{"damage":12.0,"enemies":"Lagavulin","floor":8.0,"turns":6.0},{"damage":0.0,"enemies":"Exordium Wildlife","floor":9.0,"turns":3.0},{"damage":0.0,"enemies":"Gremlin Nob","floor":10.0,"turns":2.0},{"damage":1.0,"enemies":"Blue Slaver","floor":11.0,"turns":3.0},{"damage":0.0,"enemies":"3 Louse","floor":12.0,"turns":4.0},{"damage":21.0,"enemies":"The Mushroom Lair","floor":13.0,"turns":3.0},{"damage":0.0,"enemies":"Exordium Thugs","floor":14.0,"turns":2.0},{"damage":5.0,"enemies":"3 Louse","floor":15.0,"turns":3.0},{"damage":0,"enemies":"downfall:CharBossWatcher","floor":16,"turns":1},{"damage":0,"enemies":"3 Byrds","floor":19,"turns":2}],"seed_played":"67575464562359203","potions_obtained":[{"floor":8.0,"key":"DuplicationPotion"},{"floor":9.0,"key":"sneckomod:DiceRollPotion"},{"floor":11.0,"key":"Regen Potion"},{"floor":12.0,"key":"hexamod:EctoCoolerPotion"}],"is_trial":false,"path_per_floor":["R","M","R","?","M","M","T","E","M","E","M","M","?","M","M","B",null,"R","M"],"character_chosen":"THE_SNECKO","items_purchased":[],"campfire_rested":1,"item_purchase_floors":[],"current_hp_per_floor":[90,90,90,90,90,87,87,75,76,77,80,81,61,61,62,62,95,95,95,95,95],"gold":474,"neow_bonus":"THREE_ENEMY_KILL","is_daily":false,"chose_seed":false,"campfire_upgraded":2,"win_rate":0.0,"timestamp":1612763988,"path_taken":["R","M","R","?","M","M","T","E","M","E","M","M","?","M","M","BOSS","R","M"],"items_purchased_type":[],"build_version":"2020-12-22","purchased_purges":0,"victory":false,"max_hp_per_floor":[90,90,90,90,90,91,91,91,92,93,93,94,95,95,95,95,95,95,95,95,95],"relic_stats":{"counters":[24,66],"obtain_stats":[{"sneckomod:SuperSneckoSoul":17,"Anvil of the Gods":0,"downfall:HeartsMalice":0,"Thread and Needle":10,"Hammer of Thor":0,"Seething Fire":0,"Odd Mushroom":13,"sneckomod:SneckoSoul":0,"Unceasing Top":7,"Meat on the Bone":8},{"sneckomod:SuperSneckoSoul":23,"Anvil of the Gods":0,"downfall:HeartsMalice":11,"Thread and Needle":17,"Hammer of Thor":0,"Seething Fire":0,"Odd Mushroom":20,"sneckomod:SneckoSoul":0,"Unceasing Top":14,"Meat on the Bone":15},{"sneckomod:SuperSneckoSoul":64,"Anvil of the Gods":0,"downfall:HeartsMalice":32,"Thread and Needle":48,"Hammer of Thor":0,"Seething Fire":0,"Odd Mushroom":58,"sneckomod:SneckoSoul":0,"Unceasing Top":37,"Meat on the Bone":43}],"Unceasing Top":[0],"Meat on the Bone":0},"card_choices":[{"not_picked":["sneckomod:Nope","sneckomod:SoulDraw"],"picked":"sneckomod:SoulRoll","floor":2.0},{"not_picked":["sneckomod:UnknownClassHEXA_GHOST_PURPLE","sneckomod:UnknownClassTHE_CURSED_PURPLE"],"picked":"sneckomod:DiceCrush","floor":5.0},{"not_picked":["sneckomod:Unknown1Cost","sneckomod:SnekBeam"],"picked":"sneckomod:UnknownBlock","floor":6.0},{"not_picked":["sneckomod:UnknownUncommonPower","sneckomod:ImprovisedAttack"],"picked":"sneckomod:Restock","floor":8.0},{"not_picked":["sneckomod:RainOfDice","sneckomod:IronFang"],"picked":"sneckomod:UnknownExhaust","floor":9.0},{"not_picked":["sneckomod:QuickBite","sneckomod:UnknownUncommonSkill"],"picked":"sneckomod:Unknown3Cost","floor":10.0},{"not_picked":["sneckomod:IronFang","sneckomod:WideSting"],"picked":"sneckomod:SoulRoll","floor":11.0},{"not_picked":["sneckomod:UnknownUncommonPower","sneckomod:IronFang"],"picked":"sneckomod:UnknownX","floor":12.0},{"not_picked":["sneckomod:SnakeSap","sneckomod:Unknown0Cost"],"picked":"sneckomod:UnknownRareAttack","floor":13.0},{"not_picked":["sneckomod:UnknownBlock","sneckomod:UnknownStrike"],"picked":"sneckomod:QuickMove","floor":14.0},{"not_picked":["sneckomod:UnknownClassPURPLE","sneckomod:SlitherStrike"],"picked":"sneckomod:DiceCrush","floor":15.0},{"not_picked":["sneckomod:DangerNoodle","sneckomod:UnknownRareSkill"],"picked":"sneckomod:UnknownBoss","floor":16}],"player_experience":45315,"relics_obtained":[{"floor":7.0,"key":"Unceasing Top"},{"floor":8.0,"key":"Meat on the Bone"},{"floor":10.0,"key":"Thread and Needle"},{"floor":13.0,"key":"Odd Mushroom"}],"event_choices":[{"damage_healed":0.0,"max_hp_gain":0.0,"max_hp_loss":0.0,"gold_gain":0.0,"event_name":"Mushrooms","player_choice":"Fought Mushrooms","floor":13.0,"gold_loss":0.0,"damage_taken":0.0}],"is_beta":false,"boss_relics":[{"not_picked":["Busted Crown","Snecko Eye"],"picked":"sneckomod:SuperSneckoSoul"}],"items_purged_floors":[],"is_endless":false,"potions_floor_spawned":[8,9,11,12,13,15],"killed_by":"3 Byrds","ascension_level":0}}