{"host":"2j5d0uw0vihq8b8w","time":1612745647,"event":{"mods":["2.2 Compatiblity","AchievementEnabler","BaseMod","BetterRewards","Colored Map","Colored Powertips","Custom Start","DeckTracker","Minty Spire (QoL Compilation)","Permanent Neow","Quick Restart","Rare Cards Sparkle","StSLib","SuperFastMode"],"gold_per_floor":[115,134,134,154,134,134,165,179,224,224,240,257,275,309,309,414,414,427,427,66,79,94,94,127,127,127,162,162,162,85,114,114,209,209,228,228,245,245,245,4,4,51,51,79,79,95,121,137,137,137],"floor_reached":51,"language":"KOR","playtime":2888,"items_purged":["Searing Blow"],"score":1310,"play_id":"f1172f26-a460-4733-a129-c5fb6f16fd75","local_time":"20210208095407","is_ascension_mode":true,"campfire_choices":[{"data":"Flex","floor":6.0,"key":"SMITH"},{"data":"Pommel Strike","floor":10.0,"key":"SMITH"},{"data":"Body Slam","floor":15.0,"key":"SMITH"},{"data":"Offering","floor":23.0,"key":"SMITH"},{"data":"Entrench","floor":32.0,"key":"SMITH"},{"data":"Seeing Red","floor":41.0,"key":"SMITH"},{"data":"True Grit","floor":45.0,"key":"SMITH"},{"data":"Madness","floor":49.0,"key":"SMITH"}],"circlet_count":0,"master_deck":["AscendersBane","Bash","Flex+1","Pommel Strike+1","Second Wind","Disarm","Dark Embrace+1","Evolve+1","Body Slam+1","Corruption+1","Offering+1","Sever Soul","Demon Form+1","Dropkick","Seeing Red+1","Feel No Pain+1","Fire Breathing+1","Barricade+1","Limit Break","True Grit+1","Entrench+1","True Grit+1","Feel No Pain+1","Body Slam+1","Madness+1","Madness","Shrug It Off+1","Entrench","Shrug It Off","Entrench"],"relics":["Burning Blood","Gambling Chip","Meat on the Bone","Ancient Tea Set","OrangePellets","Frozen Egg 2","Oddly Smooth Stone","PreservedInsect","Pandora\u0027s Box","Omamori","Question Card","Bronze Scales","Molten Egg 2","Nunchaku","HornCleat","Calling Bell","Juzu Bracelet","Eternal Feather","Incense Burner","Matryoshka","Prayer Wheel","Lantern","InkBottle","Turnip","Vajra"],"acts_visited":["Exordium","TheCity","TheBeyond"],"potions_floor_usage":[50,50,50],"damage_taken":[{"damage":6.0,"enemies":"2 Louse","floor":1.0,"turns":4.0},{"damage":0.0,"enemies":"Cultist","floor":2.0,"turns":3.0},{"damage":8.0,"enemies":"Small Slimes","floor":4.0,"turns":4.0},{"damage":10.0,"enemies":"3 Sentries","floor":7.0,"turns":7.0},{"damage":5.0,"enemies":"2 Fungi Beasts","floor":8.0,"turns":4.0},{"damage":13.0,"enemies":"Gremlin Gang","floor":11.0,"turns":4.0},{"damage":0.0,"enemies":"Large Slime","floor":12.0,"turns":5.0},{"damage":0.0,"enemies":"3 Louse","floor":13.0,"turns":3.0},{"damage":27.0,"enemies":"Lagavulin","floor":14.0,"turns":5.0},{"damage":38.0,"enemies":"Hexaghost","floor":16.0,"turns":10.0},{"damage":6.0,"enemies":"3 Byrds","floor":18.0,"turns":3.0},{"damage":22.0,"enemies":"2 Thieves","floor":21.0,"turns":3.0},{"damage":20.0,"enemies":"Cultist and Chosen","floor":22.0,"turns":5.0},{"damage":16.0,"enemies":"Book of Stabbing","floor":24.0,"turns":3.0},{"damage":6.0,"enemies":"Gremlin Leader","floor":27.0,"turns":3.0},{"damage":23.0,"enemies":"Book of Stabbing","floor":31.0,"turns":4.0},{"damage":24.0,"enemies":"Automaton","floor":33.0,"turns":4.0},{"damage":28.0,"enemies":"3 Darklings","floor":35.0,"turns":5.0},{"damage":6.0,"enemies":"Orb Walker","floor":37.0,"turns":2.0},{"damage":6.0,"enemies":"2 Orb Walkers","floor":42.0,"turns":2.0},{"damage":6.0,"enemies":"Reptomancer","floor":44.0,"turns":4.0},{"damage":27.0,"enemies":"Jaw Worm Horde","floor":46.0,"turns":2.0},{"damage":6.0,"enemies":"Nemesis","floor":47.0,"turns":3.0},{"damage":2.0,"enemies":"4 Shapes","floor":48.0,"turns":3.0},{"damage":8,"enemies":"Awakened One","floor":50,"turns":7}],"seed_played":"1953494134460989717","potions_obtained":[{"floor":4.0,"key":"DistilledChaos"},{"floor":5.0,"key":"SpeedPotion"},{"floor":11.0,"key":"AttackPotion"},{"floor":12.0,"key":"Dexterity Potion"},{"floor":16.0,"key":"AttackPotion"},{"floor":21.0,"key":"Dexterity Potion"},{"floor":22.0,"key":"EssenceOfSteel"},{"floor":31.0,"key":"Fire Potion"},{"floor":37.0,"key":"Strength Potion"},{"floor":46.0,"key":"ColorlessPotion"}],"is_trial":false,"path_per_floor":["M","M","?","M","?","R","E","M","T","R","M","M","M","E","R","B",null,"M","T","$","M","M","R","E","?","T","E","?","?","$","E","R","B",null,"M","?","M","?","?","$","R","?","T","E","R","M","E","M","R","B",null],"character_chosen":"IRONCLAD","items_purchased":["Meat on the Bone","Ancient Tea Set","OrangePellets","Barricade+1","Limit Break","True Grit","Feel No Pain+1","Matryoshka"],"campfire_rested":0,"item_purchase_floors":[0,0,0,20,20,20,30,40],"current_hp_per_floor":[48,54,59,57,57,57,53,54,54,54,59,65,71,50,50,30,71,71,71,71,55,53,53,55,55,55,55,55,55,55,50,50,44,75,53,53,53,42,42,42,57,57,57,57,72,51,51,55,73,71],"gold":137,"neow_bonus":"","is_daily":false,"chose_seed":false,"campfire_upgraded":8,"win_rate":0.0,"timestamp":1612745647,"path_taken":["M","M","?","M","?","R","E","M","T","R","?","M","M","E","R","BOSS","M","?","$","M","M","R","E","?","T","E","?","?","$","E","R","BOSS","M","?","M","?","?","?","R","?","T","E","R","M","E","M","R","BOSS"],"items_purchased_type":["Relic","Relic","Relic","Card","Card","Card","Card","Relic"],"build_version":"2020-12-22","purchased_purges":1,"victory":true,"max_hp_per_floor":[80,80,85,85,85,85,85,85,85,85,85,85,85,85,85,85,85,85,85,85,85,85,85,85,85,85,85,85,85,85,85,85,85,85,85,85,85,85,85,85,85,85,85,85,85,85,85,85,85,85],"card_choices":[{"not_picked":["Rampage","Armaments"],"picked":"Flex","floor":1.0},{"not_picked":["Warcry","Clothesline"],"picked":"Pommel Strike","floor":2.0},{"not_picked":["Warcry","Uppercut","Anger"],"picked":"SKIP","floor":4.0},{"not_picked":["Juggernaut+1","Iron Wave"],"picked":"Second Wind","floor":7.0},{"not_picked":["Headbutt","Heavy Blade"],"picked":"Disarm","floor":8.0},{"not_picked":["Flex","Clash"],"picked":"Dark Embrace+1","floor":11.0},{"not_picked":["Pommel Strike","Fire Breathing+1"],"picked":"Evolve+1","floor":12.0},{"not_picked":["Twin Strike","Heavy Blade"],"picked":"Body Slam","floor":13.0},{"not_picked":["Seeing Red","Headbutt","Whirlwind"],"picked":"SKIP","floor":14.0},{"not_picked":["Juggernaut+1","Feed"],"picked":"Corruption+1","floor":16.0},{"not_picked":["Pommel Strike","Headbutt","Sever Soul+1"],"picked":"SKIP","floor":18.0},{"not_picked":["Dark Embrace+1","Perfected Strike","Fire Breathing+1"],"picked":"SKIP","floor":21.0},{"not_picked":["Rage","Perfected Strike+1"],"picked":"Sword Boomerang","floor":22.0},{"not_picked":["Barricade+1","Clash","Thunderclap"],"picked":"SKIP","floor":24.0},{"not_picked":["Evolve+1","Anger+1","Bludgeon+1"],"picked":"True Grit+1","floor":27.0},{"not_picked":["Clash+1","Hemokinesis+1","Thunderclap+1","Dual Wield+1"],"picked":"SKIP","floor":31.0},{"not_picked":["Headbutt+1","Flex+1","Armaments+1","Heavy Blade+1"],"picked":"SKIP","floor":35.0},{"not_picked":["Evolve+1","Twin Strike+1","Perfected Strike+1"],"picked":"Body Slam+1","floor":37.0},{"not_picked":["Anger+1","Rage+1","Fiend Fire+1","Exhume"],"picked":"SKIP","floor":44.0},{"not_picked":["Pommel Strike+1","Havoc","Sword Boomerang+1"],"picked":"Shrug It Off+1","floor":46.0},{"not_picked":["Iron Wave+1","Twin Strike+1","Hemokinesis+1"],"picked":"Entrench","floor":46.0},{"not_picked":["Perfected Strike+1","Shrug It Off","Juggernaut+1","Evolve+1"],"picked":"SKIP","floor":47.0},{"not_picked":["Perfected Strike+1","Juggernaut+1","Evolve+1"],"picked":"Shrug It Off","floor":47.0},{"not_picked":["Shrug It Off+1","Warcry+1","Sever Soul+1"],"picked":"Entrench","floor":48.0},{"not_picked":["Wild Strike+1","Reckless Charge+1","Heavy Blade+1","Clothesline+1"],"picked":"SKIP","floor":48.0}],"player_experience":666434,"relics_obtained":[{"floor":7.0,"key":"Frozen Egg 2"},{"floor":9.0,"key":"Oddly Smooth Stone"},{"floor":14.0,"key":"PreservedInsect"},{"floor":19.0,"key":"Omamori"},{"floor":24.0,"key":"Question Card"},{"floor":26.0,"key":"Bronze Scales"},{"floor":27.0,"key":"Molten Egg 2"},{"floor":31.0,"key":"HornCleat"},{"floor":34.0,"key":"Juzu Bracelet"},{"floor":34.0,"key":"Eternal Feather"},{"floor":34.0,"key":"Incense Burner"},{"floor":42.0,"key":"Prayer Wheel"},{"floor":43.0,"key":"Lantern"},{"floor":43.0,"key":"InkBottle"},{"floor":44.0,"key":"Turnip"},{"floor":47.0,"key":"Vajra"}],"event_choices":[{"damage_healed":0.0,"max_hp_gain":5.0,"max_hp_loss":0.0,"gold_gain":0.0,"event_name":"Big Fish","player_choice":"Donut","floor":3.0,"gold_loss":0.0,"damage_taken":0.0},{"damage_healed":0.0,"max_hp_gain":0.0,"max_hp_loss":0.0,"gold_gain":0.0,"event_name":"The Woman in Blue","player_choice":"Bought 1 Potion","floor":5.0,"gold_loss":0.0,"damage_taken":0.0},{"damage_healed":0.0,"max_hp_gain":0.0,"max_hp_loss":0.0,"gold_gain":0.0,"event_name":"The Library","player_choice":"Read","floor":25.0,"gold_loss":0.0,"damage_taken":0.0,"cards_obtained":["Entrench"]},{"damage_healed":0.0,"max_hp_gain":0.0,"max_hp_loss":0.0,"gold_gain":0.0,"event_name":"The Mausoleum","player_choice":"Opened","floor":28.0,"gold_loss":0.0,"damage_taken":0.0,"relics_obtained":["Nunchaku"],"cards_obtained":["Writhe"]},{"cards_removed":["Cleave"],"damage_healed":0.0,"max_hp_gain":0.0,"max_hp_loss":0.0,"gold_gain":0.0,"event_name":"Purifier","player_choice":"Purged","floor":29.0,"gold_loss":0.0,"damage_taken":0.0},{"cards_removed":["Sword Boomerang"],"damage_healed":0.0,"max_hp_gain":0.0,"max_hp_loss":0.0,"gold_gain":0.0,"event_name":"Falling","player_choice":"Removed Attack","floor":36.0,"gold_loss":0.0,"damage_taken":0.0},{"damage_healed":0.0,"max_hp_gain":0.0,"max_hp_loss":0.0,"gold_gain":0.0,"event_name":"Winding Halls","player_choice":"Embrace Madness","floor":38.0,"gold_loss":0.0,"damage_taken":11.0,"cards_obtained":["Madness","Madness"]},{"damage_healed":0.0,"max_hp_gain":0.0,"max_hp_loss":0.0,"gold_gain":0.0,"event_name":"The Moai Head","player_choice":"Ignored","floor":39.0,"gold_loss":0.0,"damage_taken":0.0},{"damage_healed":0.0,"max_hp_gain":0.0,"max_hp_loss":0.0,"gold_gain":0.0,"event_name":"Mysterious Sphere","player_choice":"Fight","floor":42.0,"gold_loss":0.0,"damage_taken":0.0}],"is_beta":false,"boss_relics":[{"not_picked":["Fusion Hammer","SacredBark"],"picked":"Pandora\u0027s Box"},{"not_picked":["Black Star","Black Blood"],"picked":"Calling Bell"}],"items_purged_floors":[20],"is_endless":false,"potions_floor_spawned":[4,11,12,13,16,21,22,31,37,46],"ascension_level":10}}