{"host":"sz4vhr3g5wh6zlgr","time":1612756908,"event":{"mods":["2.2 Compatiblity","AchievementEnabler","AlwaysNeverKeys","Ascension Reborn","Bartender","BaseMod","Better Note","BetterRewards","Clawfect","Colored Map","Colored Powertips","Dota2Spire","Faster Ascension Climbing","Highlight Path","Minty Spire (QoL Compilation)","Permanent Neow","Rare Cards Sparkle","Replay The Spire","Shop Mod","StSLib","SuperFastMode","Transform Curses","Uncapped","Unceasing Turn Reminder","[IsaacMod]????"],"gold_per_floor":[111,129,129,147,225,267,319,338,338,387,411,465,555,585,585,745,865,888,947,1067,982,758,825,845,964,964,1036,1055,1129,1188,1210,1210,1364,1364,1398,1398,1468,1481,1481,1547,1547,1569,1569,1605,1605,1701,1731,1791,1791,1791,1791,1791,1264,1340,1412],"floor_reached":56,"language":"ENG","playtime":4016,"items_purged":[],"score":2042,"play_id":"bba4c1b3-6502-4e42-8f3f-9173278a9bb6","local_time":"20210208003148","is_ascension_mode":true,"campfire_choices":[{"data":"Hologram","floor":15,"key":"SMITH"},{"data":"Defragment","floor":41,"key":"SMITH"},{"data":"ReplayTheSpireMod:Calculation Training","floor":45,"key":"SMITH"},{"data":"Echo Form","floor":49,"key":"SMITH"},{"data":"Coolheaded","floor":49,"key":"SMITH"},{"data":"Violence","floor":52,"key":"SMITH"},{"data":"Crystallizer","floor":52,"key":"SMITH"}],"circlet_count":0,"master_deck":["Gash+1","Gash+1","Gash+1","Gash+1","Gash+1","Defend_B+1","Defend_B+1","Defend_B+1","Defend_B+1","Defend_B+1","Clawfect:Clawline+1","Clawfect:Clawrage","EpicFetus+1","Clawfect:ClawAndTear","Clawfect:Clawter","Clawfect:ClawSnap+1","Defragment+1","Crystallizer+1","ReplaySort","Machine Learning+1","Conserve Battery","Clawfect:Clawter","FTL+1","Hologram+1","Glacier","Core Surge","ReplayTheSpireMod:Calculation Training+1","Clawfect:ClawAndTear+1","Auto Shields+1","ReplayTheSpireMod:Calculation Training+1","Steam","FTL","Redo+1","Clawfect:Clawrage","Chaos+1","Coolheaded+1","Loop+1","Meteor Strike+1","Echo Form+1","Clawfect:ClawForOne","Violence+1","BasicCrystalCard+1","Clawfect:Clawrage","Clawfect:ClawAndGloom+1","ReplayTheSpireMod:Calculation Training+1","ReplaySolidLightProjector+1","Pulse+1","Redo+1","Reboot","Clawfect:Clawrage","Heatsinks+1"],"relics":["HushsDoor","GuppysHead","Inserter","HowToJump","Dota2Spire:HandOfMidas","Centennial Puzzle","Ancient Tea Set","Odd Mushroom","UnicornStump","YumHeart","Replay:Wanted Poster","GuppysTail","Damocles","Anchor","Whetstone","Protect_Vest","ReplayTheSpireMod:TigerMarble","Strawberry","Happy Flower","Sundial","Girya","Bronze Scales","Pantograph","Durian","Mango","Turnip","Bottled Flame","Kunai","Choco_Feather","ChampionBelt","GuppysCollar","Juzu Bracelet","SalivaCoin","Pen Nib","Pet Ghost","ReplayTheSpireMod:Shallot","Darkstone Periapt","HornCleat","PokeGo","Replay:Mystery Machine","TheBean","Dota2Spire:UrnOfShadows","BlankCard","CaptainsWheel","Peace Pipe","Dota2Spire:EyeOfSkadi","Replay:Arrowhead","Power_Wrist","Dream Catcher","Dota2Spire:LotusOrb","Bag of Preparation","Guide Book","Dota2Spire:ArcaneBoots","Pear","Dota2Spire:EchoSabre"],"acts_visited":["Exordium","TheCity","TheBeyond","TheEnding"],"potions_floor_usage":[10,50,55,55],"damage_taken":[{"damage":0,"enemies":"Small Slimes","floor":1,"turns":3},{"damage":0,"enemies":"Cultist","floor":2,"turns":2},{"damage":0,"enemies":"2 Louse","floor":4,"turns":2},{"damage":0,"enemies":"Replay:BlueRogue","floor":6,"turns":3},{"damage":0,"enemies":"Blue Slaver","floor":7,"turns":3},{"damage":0,"enemies":"3 Louse","floor":8,"turns":3},{"damage":6,"enemies":"Large Slime","floor":10,"turns":2},{"damage":2,"enemies":"The Mushroom Lair","floor":11,"turns":3},{"damage":3,"enemies":"2 Fungi Beasts","floor":12,"turns":2},{"damage":0,"enemies":"Gremlin Nob","floor":14,"turns":4},{"damage":0,"enemies":"Fading Forest","floor":16,"turns":6},{"damage":0,"enemies":"Shell Parasite","floor":18,"turns":4},{"damage":0,"enemies":"Chosen","floor":19,"turns":4},{"damage":0,"enemies":"Book of Stabbing","floor":23,"turns":5},{"damage":0,"enemies":"Shelled Parasite and Fungi","floor":24,"turns":3},{"damage":0,"enemies":"Replay:Snechameleon","floor":27,"turns":4},{"damage":2,"enemies":"Snake Plant","floor":28,"turns":3},{"damage":0,"enemies":"Gremlin Leader","floor":29,"turns":4},{"damage":0,"enemies":"3 Cultists","floor":30,"turns":5},{"damage":0,"enemies":"Snecko","floor":31,"turns":4},{"damage":0,"enemies":"Pondfish","floor":33,"turns":5},{"damage":0,"enemies":"Giant Head","floor":35,"turns":3},{"damage":0,"enemies":"Nemesis","floor":37,"turns":3},{"damage":0,"enemies":"3 Darklings","floor":38,"turns":2},{"damage":0,"enemies":"R_Hoarder","floor":40,"turns":3},{"damage":0,"enemies":"3 Shapes","floor":42,"turns":2},{"damage":0,"enemies":"Giant Head","floor":44,"turns":2},{"damage":0,"enemies":"Mind Bloom Boss Battle","floor":46,"turns":3},{"damage":0,"enemies":"Reptomancer","floor":47,"turns":3},{"damage":0,"enemies":"Transient","floor":48,"turns":5},{"damage":0,"enemies":"Replay:Hell Engine","floor":50,"turns":4},{"damage":0,"enemies":"Shield and Spear","floor":54,"turns":3},{"damage":0,"enemies":"LittleHush","floor":55,"turns":10}],"seed_played":"-8396841129405516278","potions_obtained":[{"floor":1,"key":"Strength Potion"},{"floor":2,"key":"Dexterity Potion"},{"floor":4,"key":"AttackPotion"},{"floor":10,"key":"PowerPotion"},{"floor":47,"key":"AttackPotion"},{"floor":54,"key":"SkillPotion"}],"is_trial":false,"path_per_floor":["M","M","?","M","?","E","M","M","T","M","?","M","?","E","R","B",null,"M","M","?","?","$","E","M","?","T","E","M","E","M","M","R_BF","B",null,"M","?","M","M","T","E","R","M","T","E","R","?","E","M","R","B",null,"R","$","E","B",null],"character_chosen":"DEFECT","items_purchased":["GuppysTail","ReplayTheSpireMod:Calculation Training","Whetstone","Protect_Vest","GuppysCollar","Echo Form","Clawfect:ClawForOne","Violence","Bag of Preparation","Guide Book","Dota2Spire:ArcaneBoots","Reboot","Clawfect:Clawrage","Heatsinks+1"],"campfire_rested":0,"item_purchase_floors":[17,17,22,22,34,34,34,34,53,53,53,53,53,53],"current_hp_per_floor":[79,79,79,79,48,48,48,48,48,42,40,37,26,26,26,32,70,70,70,70,70,70,77,77,77,77,77,82,96,96,96,96,100,74,74,74,74,74,74,74,74,74,74,74,74,79,79,79,79,83,83,83,83,93,97],"gold":1412,"neow_bonus":"BOSS_RELIC","is_daily":false,"chose_seed":false,"campfire_upgraded":7,"win_rate":0.0,"timestamp":1612756908,"path_taken":["M","M","?","M","?","E","M","M","T","M","?","M","?","E","R","BOSS","M","M","?","?","$","E","M","?","T","E","M","E","M","M","R_BF","BOSS","M","?","M","M","?","E","R","M","T","E","R","?","E","M","R","BOSS","R","$","E","BOSS"],"items_purchased_type":["Relic","Card","Relic","Relic","Relic","Card","Card","Card","Relic","Relic","Relic","Card","Card","Card"],"build_version":"2020-12-22","purchased_purges":0,"victory":true,"max_hp_per_floor":[79,79,79,79,79,79,79,79,79,79,79,79,79,79,79,83,70,70,70,70,70,70,77,77,77,77,77,82,96,96,96,96,100,74,74,74,74,74,74,74,74,74,74,74,74,79,79,79,79,83,83,83,83,93,97],"card_choices":[{"not_picked":["Time Bomb","ReplaySort+1"],"picked":"Clawfect:Clawline+1","floor":1},{"not_picked":["Clawfect:Clawline+1","Leap"],"picked":"Clawfect:Clawrage","floor":2},{"not_picked":["ReplayTheSpireMod:System Scan","ReplayGash"],"picked":"Clawfect:ClawAndTear","floor":4},{"not_picked":["Steam","Reinforced Body"],"picked":"Clawfect:Clawter","floor":5},{"not_picked":["Clawfect:ScrapingClaw+1","Gash+1"],"picked":"Clawfect:ClawSnap","floor":5},{"not_picked":["Glacier+1","ReplayTheSpireMod:Repulse"],"picked":"Defragment","floor":6},{"not_picked":["Rebound+1","ReplaySort+1"],"picked":"Crystallizer","floor":6},{"not_picked":["Distribution+1","Clawfect:ScrapingClaw+1"],"picked":"ReplaySort","floor":7},{"not_picked":["Undo","Clawfect:ClawpileDriver+1"],"picked":"Machine Learning","floor":8},{"not_picked":["Leap","FTL"],"picked":"Conserve Battery","floor":10},{"not_picked":["Undo","Machine Learning"],"picked":"Clawfect:Clawter","floor":11},{"not_picked":["Bomb","Hello World"],"picked":"FTL","floor":12},{"not_picked":["Reboot","Bomb"],"picked":"Hologram","floor":14},{"not_picked":["Hello World","Conserve Battery"],"picked":"Glacier","floor":14},{"not_picked":["ReplayRNGCard","Multi-Cast"],"picked":"Core Surge","floor":16},{"not_picked":["Conserve Battery","Clawfect:ScrapingClaw+1"],"picked":"Clawfect:ClawAndTear+1","floor":18},{"not_picked":["Clawfect:Clawline","Undo"],"picked":"Auto Shields+1","floor":19},{"not_picked":["Clawfect:ClawForTheEyes+1","ReplayTheSpireMod:Reroute Power+1"],"picked":"ReplayTheSpireMod:Calculation Training+1","floor":20},{"not_picked":["Meteor Strike","Rebound+1"],"picked":"Steam","floor":23},{"not_picked":["Gash+1","Fusion"],"picked":"FTL","floor":24},{"not_picked":["Turbo","BootSequence+1"],"picked":"Redo+1","floor":27},{"not_picked":["ReplayRNGCard","Gash+1"],"picked":"Clawfect:Clawrage","floor":28},{"not_picked":["Redo","Gash"],"picked":"Chaos+1","floor":29},{"not_picked":["Recycle","Conserve Battery+1"],"picked":"Coolheaded","floor":30},{"not_picked":["Conserve Battery","Clawfect:ClawLightning+1"],"picked":"Loop+1","floor":31},{"not_picked":["ReplayRNGCard","Mirror Shield"],"picked":"Meteor Strike","floor":33},{"not_picked":["Clawfect:ScrapingClaw+1","Clawfect:ClawLightning+1"],"picked":"BasicCrystalCard+1","floor":35},{"not_picked":["BootSequence+1","FTL+1"],"picked":"Clawfect:Clawrage","floor":37},{"not_picked":["Pulse+1","Reprogram+1","Clawfect:ClawingBeam"],"picked":"SKIP","floor":38},{"not_picked":["Fan+1","Chaos+1"],"picked":"Clawfect:ClawAndGloom+1","floor":40},{"not_picked":["Time Bomb+1","Clawfect:ClawpileDriver"],"picked":"ReplayTheSpireMod:Calculation Training+1","floor":42},{"not_picked":["Panic Button","Clawfect:ScrapingClaw+1"],"picked":"ReplaySolidLightProjector+1","floor":44},{"not_picked":["Darkness+1","Clawfect:ClawForTheEyes+1"],"picked":"Pulse+1","floor":46},{"not_picked":["Double Energy+1","Hello World"],"picked":"Redo+1","floor":47},{"not_picked":["Recycle+1","Skim+1","Tempest"],"picked":"SKIP","floor":48},{"not_picked":["Multi-Cast","Thunder Strike","Clawfect:ClawpileDriver"],"picked":"SKIP","floor":54}],"player_experience":1364548,"relics_obtained":[{"floor":5,"key":"HowToJump"},{"floor":6,"key":"Dota2Spire:HandOfMidas"},{"floor":9,"key":"Centennial Puzzle"},{"floor":9,"key":"Ancient Tea Set"},{"floor":11,"key":"Odd Mushroom"},{"floor":14,"key":"UnicornStump"},{"floor":16,"key":"YumHeart"},{"floor":19,"key":"Damocles"},{"floor":23,"key":"ReplayTheSpireMod:TigerMarble"},{"floor":23,"key":"Strawberry"},{"floor":24,"key":"Happy Flower"},{"floor":26,"key":"Sundial"},{"floor":26,"key":"Girya"},{"floor":27,"key":"Bronze Scales"},{"floor":27,"key":"Pantograph"},{"floor":28,"key":"Durian"},{"floor":29,"key":"Mango"},{"floor":29,"key":"Turnip"},{"floor":30,"key":"Bottled Flame"},{"floor":31,"key":"Kunai"},{"floor":33,"key":"Choco_Feather"},{"floor":35,"key":"Juzu Bracelet"},{"floor":35,"key":"SalivaCoin"},{"floor":37,"key":"Pen Nib"},{"floor":37,"key":"Pet Ghost"},{"floor":38,"key":"ReplayTheSpireMod:Shallot"},{"floor":39,"key":"Darkstone Periapt"},{"floor":39,"key":"HornCleat"},{"floor":40,"key":"PokeGo"},{"floor":40,"key":"Replay:Mystery Machine"},{"floor":42,"key":"TheBean"},{"floor":43,"key":"Dota2Spire:UrnOfShadows"},{"floor":43,"key":"BlankCard"},{"floor":44,"key":"CaptainsWheel"},{"floor":44,"key":"Peace Pipe"},{"floor":46,"key":"Dota2Spire:EyeOfSkadi"},{"floor":46,"key":"Replay:Arrowhead"},{"floor":47,"key":"Power_Wrist"},{"floor":47,"key":"Dream Catcher"},{"floor":48,"key":"Dota2Spire:LotusOrb"},{"floor":54,"key":"Pear"},{"floor":54,"key":"Dota2Spire:EchoSabre"}],"event_choices":[{"cards_removed":["EpicFetus"],"damage_healed":0,"gold_gain":0,"player_choice":"Take \u0026 Give","damage_taken":0,"max_hp_gain":0,"max_hp_loss":0,"event_name":"betterNote:BetterNote","floor":3,"gold_loss":0,"cards_obtained":["EpicFetus"]},{"damage_healed":0,"gold_gain":0,"player_choice":"Fought Mushrooms","damage_taken":0,"max_hp_gain":0,"max_hp_loss":0,"event_name":"Mushrooms","floor":11,"gold_loss":0},{"damage_healed":0,"gold_gain":75,"player_choice":"Gather Gold","damage_taken":11,"max_hp_gain":0,"max_hp_loss":0,"event_name":"World of Goop","floor":13,"gold_loss":0},{"damage_healed":0,"gold_gain":0,"player_choice":"Obtained Relic","damage_taken":0,"relics_obtained":["Anchor"],"max_hp_gain":0,"max_hp_loss":0,"event_name":"Addict","floor":21,"gold_loss":85},{"damage_healed":0,"gold_gain":99,"player_choice":"Stole From Cult","damage_taken":0,"max_hp_gain":0,"max_hp_loss":0,"event_name":"Nest","floor":25,"gold_loss":0},{"damage_healed":0,"gold_gain":0,"player_choice":"Ignored","damage_taken":0,"max_hp_gain":0,"max_hp_loss":0,"event_name":"Transmorgrifier","floor":36,"gold_loss":0},{"damage_healed":0,"gold_gain":0,"player_choice":"Fight","damage_taken":0,"max_hp_gain":0,"max_hp_loss":0,"event_name":"MindBloom","floor":46,"gold_loss":0}],"is_beta":false,"boss_relics":[{"not_picked":["Kintsugi","Calling Bell"],"picked":"Replay:Wanted Poster"},{"not_picked":[]},{"not_picked":["Empty Cage","Velvet Choker"],"picked":"ChampionBelt"},{"not_picked":[]}],"items_purged_floors":[],"is_endless":false,"potions_floor_spawned":[2,4,7,10,14,23,29,31,37,42,47,48,54],"ascension_level":0}}