{"host":"hka8b3f4pkvnp4ei","time":1612785860,"event":{"mods":["BaseMod","Minty Spire (QoL Compilation)","Quick Restart","Replay The Spire","StSLib"],"gold_per_floor":[119,119,136,136,136,136,136,136,136,167,3,28,40,60,60,155,255,275,295,295,295,295],"floor_reached":21,"language":"ZHS","playtime":575,"items_purged":[],"score":265,"play_id":"987c4948-2462-412a-a7b8-cd4bbb80f8b9","local_time":"20210208200420","is_ascension_mode":true,"campfire_choices":[{"data":"Neutralize","floor":6.0,"key":"SMITH"},{"floor":8.0,"key":"RECALL"},{"data":"Apotheosis","floor":15.0,"key":"SMITH"}],"circlet_count":0,"master_deck":["Strike_G","Strike_G","Strike_G","Strike_G","Defend_G","Defend_G","Defend_G","Defend_G","Defend_G","Survivor","Neutralize+1","Infinite Blades","Apotheosis+1","Blade Dance","Acrobatics+1","Underhanded Strike+1"],"relics":["Ring of the Snake","NeowsBlessing","Juzu Bracelet","Ninja Scroll","Lizard Tail","PreservedInsect","Replay:Wanted Poster"],"acts_visited":["Exordium","TheCity"],"potions_floor_usage":[21],"damage_taken":[{"damage":0.0,"enemies":"2 Louse","floor":1.0,"turns":1.0},{"damage":0.0,"enemies":"Cultist","floor":3.0,"turns":1.0},{"damage":0.0,"enemies":"Lagavulin","floor":10.0,"turns":1.0},{"damage":16.0,"enemies":"3 Sentries","floor":12.0,"turns":9.0},{"damage":0.0,"enemies":"Small Slimes","floor":13.0,"turns":3.0},{"damage":1.0,"enemies":"Blue Slaver","floor":14.0,"turns":3.0},{"damage":4.0,"enemies":"The Guardian","floor":16.0,"turns":11.0},{"damage":0,"enemies":"Spheric Guardian","floor":18,"turns":3},{"damage":0,"enemies":"Shell Parasite","floor":19,"turns":5},{"damage":9,"enemies":"Snake Plant","floor":21,"turns":6}],"seed_played":"-8853517899427870621","potions_obtained":[{"floor":10.0,"key":"Ancient Potion"},{"floor":12.0,"key":"Fire Potion"},{"floor":13.0,"key":"Venom Potion"},{"floor":16.0,"key":"Block Potion"}],"is_trial":false,"path_per_floor":["M","?","M","?","?","R","?","R","T","E","$","E","M","M","R","B",null,"M","M","?","M"],"character_chosen":"THE_SILENT","items_purchased":["Apotheosis"],"campfire_rested":0,"item_purchase_floors":[11],"current_hp_per_floor":[70,70,70,75,75,75,75,75,75,75,75,59,59,58,58,54,70,70,70,56,47,47],"gold":295,"neow_bonus":"THREE_ENEMY_KILL","is_daily":false,"chose_seed":false,"campfire_upgraded":2,"win_rate":0.0,"timestamp":1612785860,"path_taken":["M","?","M","?","?","R","?","R","T","E","$","E","M","M","R","BOSS","M","M","?","M"],"items_purchased_type":["Card"],"build_version":"2020-12-22","purchased_purges":0,"victory":false,"max_hp_per_floor":[70,70,70,75,75,75,75,75,75,75,75,75,75,75,75,75,75,75,75,80,80,80],"card_choices":[{"not_picked":["ReplayTheSpireMod:Tripwire","Slice"],"picked":"Acrobatics","floor":1.0},{"not_picked":["All Out Attack","Cloak And Dagger","Poisoned Stab"],"picked":"SKIP","floor":3.0},{"not_picked":["Sneak Up","Setup"],"picked":"Infinite Blades","floor":10.0},{"not_picked":["Die Die Die","Hidden Blade","Sucker Punch"],"picked":"SKIP","floor":12.0},{"not_picked":["Quick Slash","Flechettes"],"picked":"Blade Dance","floor":13.0},{"not_picked":["Poisoned Stab","Quick Slash","Hidden Blade"],"picked":"SKIP","floor":14.0},{"not_picked":["Blur","Dash"],"picked":"Acrobatics+1","floor":18},{"not_picked":["Sucker Punch","Prepared"],"picked":"Underhanded Strike+1","floor":19}],"player_experience":457328,"relics_obtained":[{"floor":9.0,"key":"Ninja Scroll"},{"floor":10.0,"key":"Lizard Tail"},{"floor":12.0,"key":"PreservedInsect"}],"event_choices":[{"cards_removed":["Acrobatics"],"damage_healed":0.0,"max_hp_gain":0.0,"max_hp_loss":0.0,"gold_gain":0.0,"event_name":"WeMeetAgain","player_choice":"Gave Card","floor":2.0,"gold_loss":0.0,"damage_taken":0.0,"relics_obtained":["Juzu Bracelet"]},{"damage_healed":0.0,"max_hp_gain":5.0,"max_hp_loss":0.0,"gold_gain":0.0,"event_name":"Big Fish","player_choice":"Donut","floor":4.0,"gold_loss":0.0,"damage_taken":0.0},{"damage_healed":0.0,"max_hp_gain":0.0,"max_hp_loss":0.0,"gold_gain":0.0,"event_name":"Liars Game","player_choice":"Ignored","floor":7.0,"gold_loss":0.0,"damage_taken":0.0},{"damage_healed":0,"gold_gain":0,"player_choice":"Shed Blood","damage_taken":19,"max_hp_gain":5,"max_hp_loss":0,"event_name":"Forgotten Altar","floor":20,"gold_loss":0}],"is_beta":false,"boss_relics":[{"not_picked":["Ring of Chaos","Empty Cage"],"picked":"Replay:Wanted Poster"}],"items_purged_floors":[],"is_endless":false,"potions_floor_spawned":[10,12,13,16,19],"killed_by":"Snake Plant","ascension_level":5}}