{"host":"m7jrdcbl89w2s34c","time":1612800931,"event":{"mods":["AchievementEnabler","BaseMod","Bestiary","Block Reminder","Colored Map","Colored Powertips","Minty Spire (QoL Compilation)","Permanent Neow","Relic Stats","StSLib"],"gold_per_floor":[114,191,191,36,50,50,89,102,102,121,121,67,91,111,111,209,209,189,189,189],"floor_reached":19,"language":"ENG","playtime":664,"items_purged":["Injury"],"score":296,"play_id":"aff92331-6ca6-4c83-aa59-336a94e50ad4","local_time":"20210208171531","is_ascension_mode":true,"campfire_choices":[{"data":"Zap","floor":6,"key":"SMITH"},{"floor":11,"key":"REST"},{"floor":15,"key":"REST"}],"circlet_count":0,"master_deck":["AscendersBane","Strike_B","Strike_B","Strike_B","Strike_B","Defend_B","Defend_B","Defend_B","Defend_B","Zap+1","Dualcast","All For One","Conserve Battery","Capacitor","Conserve Battery","Consume","Gash","FTL","Auto Shields","Echo Form","Darkness"],"relics":["Cracked Core","Golden Idol","Bottled Tornado","StoneCalendar","Philosopher\u0027s Stone"],"acts_visited":["Exordium","TheCity"],"potions_floor_usage":[7],"damage_taken":[{"damage":7,"enemies":"Jaw Worm","floor":1,"turns":3},{"damage":13,"enemies":"Small Slimes","floor":5,"turns":3},{"damage":27,"enemies":"Gremlin Nob","floor":7,"turns":4},{"damage":4,"enemies":"2 Louse","floor":8,"turns":3},{"damage":5,"enemies":"2 Fungi Beasts","floor":10,"turns":5},{"damage":10,"enemies":"3 Louse","floor":13,"turns":5},{"damage":6,"enemies":"Blue Slaver","floor":14,"turns":4},{"damage":13,"enemies":"Hexaghost","floor":16,"turns":9},{"damage":38,"enemies":"2 Thieves","floor":18,"turns":5}],"seed_played":"538063401006205877","potions_obtained":[{"floor":1,"key":"CultistPotion"},{"floor":10,"key":"BlessingOfTheForge"},{"floor":14,"key":"SneckoOil"},{"floor":16,"key":"DuplicationPotion"}],"is_trial":false,"path_per_floor":["M","?","?","$","M","R","E","M","T","M","R","?","M","M","R","B",null,"M","$"],"character_chosen":"DEFECT","items_purchased":["Capacitor"],"campfire_rested":2,"item_purchase_floors":[4],"current_hp_per_floor":[57,57,57,57,44,44,17,13,13,8,29,29,19,13,34,21,59,21,21,21],"gold":189,"neow_bonus":"ONE_RANDOM_RARE_CARD","is_daily":false,"chose_seed":false,"campfire_upgraded":1,"win_rate":0.0,"timestamp":1612800931,"path_taken":["M","?","?","$","M","R","E","M","T","M","R","?","M","M","R","BOSS","M","$"],"items_purchased_type":["Card"],"build_version":"2020-12-22","purchased_purges":1,"victory":false,"max_hp_per_floor":[71,71,71,71,71,71,71,71,71,71,71,71,71,71,71,71,71,71,71,71],"relic_stats":{"counters":[9,41],"Golden Idol":52,"StoneCalendar":[40],"obtain_stats":[{"Golden Idol":3,"StoneCalendar":9,"Philosopher\u0027s Stone":17,"Bottled Tornado":7,"Cracked Core":0},{"Golden Idol":1,"StoneCalendar":4,"Philosopher\u0027s Stone":8,"Bottled Tornado":3,"Cracked Core":0},{"Golden Idol":3,"StoneCalendar":13,"Philosopher\u0027s Stone":36,"Bottled Tornado":10,"Cracked Core":0}]},"card_choices":[{"not_picked":["Steam Power","Recycle"],"picked":"Conserve Battery","floor":1},{"not_picked":["Redo","Go for the Eyes"],"picked":"Conserve Battery","floor":5},{"not_picked":["Rebound","Turbo"],"picked":"Consume","floor":7},{"not_picked":["Beam Cell","Meteor Strike"],"picked":"Gash","floor":8},{"not_picked":["Ball Lightning","Beam Cell"],"picked":"FTL","floor":10},{"not_picked":["Streamline","Scrape","Static Discharge"],"picked":"SKIP","floor":13},{"not_picked":["Self Repair","Doom and Gloom"],"picked":"Auto Shields","floor":14},{"not_picked":["Rainbow","Meteor Strike"],"picked":"Echo Form","floor":16},{"not_picked":["Melter","Hologram"],"picked":"Darkness","floor":18}],"player_experience":258570,"relics_obtained":[{"floor":7,"key":"Bottled Tornado"},{"floor":9,"key":"StoneCalendar"}],"event_choices":[{"damage_healed":0,"gold_gain":77,"player_choice":"Gained Gold","damage_taken":0,"max_hp_gain":0,"max_hp_loss":0,"event_name":"Golden Wing","floor":2,"gold_loss":0},{"damage_healed":0,"gold_gain":0,"player_choice":"Take Wound","damage_taken":0,"relics_obtained":["Golden Idol"],"max_hp_gain":0,"max_hp_loss":0,"event_name":"Golden Idol","floor":3,"gold_loss":0,"cards_obtained":["Injury"]},{"damage_healed":0,"gold_gain":0,"player_choice":"Left Gold","damage_taken":0,"max_hp_gain":0,"max_hp_loss":0,"event_name":"World of Goop","floor":12,"gold_loss":54}],"is_beta":false,"boss_relics":[{"not_picked":["Astrolabe","Busted Crown"],"picked":"Philosopher\u0027s Stone"}],"items_purged_floors":[4],"is_endless":false,"potions_floor_spawned":[1,10,14,16],"ascension_level":15}}