{"host":"scy0o1xotfn36lpl","time":1612765687,"event":{"mods":["AchievementEnabler","Aspiration","BaseMod","Better Altar","Better Note","Better Sensory Stone","Better Skull","Better Third Choice","Colored Map","Curses Come First","Downfall","GifTheSpireLib","Googly Eyes","Highlight Path","Minty Spire (QoL Compilation)","Permanent Neow","Spicy Shops","StSLib","everything is the same but u backflip on backflip"],"gold_per_floor":[118,134,152,77,93,124,47,47,59,71,15,43,43,61,61,162,212,223,223,238,84,84,84,84],"floor_reached":23,"language":"ENG","playtime":1977,"items_purged":["downfall:Icky"],"score":226,"play_id":"d81bed87-f7d3-4606-8ea8-141a87d26e2e","local_time":"20210207222807","is_ascension_mode":false,"campfire_choices":[{"floor":10,"key":"REST"},{"data":"SignatureMove","floor":13,"key":"SMITH"},{"data":"Eruption","floor":15,"key":"SMITH"}],"circlet_count":0,"master_deck":["Strike_P","Strike_P","Strike_P","Strike_P","Defend_P","Defend_P","Defend_P","Defend_P","Eruption+1","Vigilance","Meditate","MentalFortress","CarveReality","SignatureMove+1","FearNoEvil","Halt","Halt","FearNoEvil+1","Regret","DevaForm","InnerPeace","CrushJoints+1","MasterReality","FlurryOfBlows"],"relics":["PureWater","FossilizedHelix","aspiration:SeaSaltIceCream","Regal Pillow","Orrery","MawBank","Ancient Tea Set","Mango","Pen Nib","Tiny House","Happy Flower"],"acts_visited":["Exordium","TheCity"],"potions_floor_usage":[6,6,18,22,23],"damage_taken":[{"damage":0.0,"enemies":"2 Louse","floor":1.0,"turns":2.0},{"damage":0.0,"enemies":"Cultist","floor":2.0,"turns":2.0},{"damage":4.0,"enemies":"Small Slimes","floor":3.0,"turns":3.0},{"damage":17,"enemies":"2 Fungi Beasts","floor":5,"turns":5},{"damage":27,"enemies":"Lagavulin","floor":6,"turns":7},{"damage":21,"enemies":"3 Sentries","floor":12,"turns":6},{"damage":0,"enemies":"3 Louse","floor":14,"turns":2},{"damage":18,"enemies":"Slime Boss","floor":16,"turns":8},{"damage":28,"enemies":"Shell Parasite","floor":18,"turns":5},{"damage":6,"enemies":"3 Byrds","floor":20,"turns":6},{"damage":28,"enemies":"Snake Plant","floor":22,"turns":3},{"damage":33,"enemies":"Book of Stabbing","floor":23,"turns":4}],"seed_played":"2429553604507601945","potions_obtained":[{"floor":1.0,"key":"GamblersBrew"},{"floor":2.0,"key":"LiquidBronze"},{"floor":12,"key":"GamblersBrew"},{"floor":14,"key":"Ambrosia"},{"floor":18,"key":"SmokeBomb"}],"is_trial":false,"path_per_floor":["M","M","M","$","M","E","$","?","T","R","$","E","R","M","R","B",null,"M","?","M","$","M","E"],"character_chosen":"WATCHER","items_purchased":["Orrery","Mango","Happy Flower"],"campfire_rested":1,"item_purchase_floors":[7,11,21],"current_hp_per_floor":[72,72,68,68,51,24,24,24,24,60,74,53,53,53,53,35,91,63,63,57,57,29,0,0],"gold":84,"neow_bonus":"ONE_RARE_RELIC","is_daily":false,"chose_seed":false,"campfire_upgraded":2,"win_rate":0.0,"timestamp":1612765687,"path_taken":["M","M","M","$","M","E","$","?","T","R","$","E","R","M","R","BOSS","M","?","M","$","M","E"],"items_purchased_type":["Relic","Relic","Relic"],"build_version":"2020-12-22","purchased_purges":1,"victory":false,"max_hp_per_floor":[72,72,72,72,72,72,72,72,72,72,86,86,86,86,86,86,91,91,91,91,91,91,91,91],"card_choices":[{"not_picked":["SashWhip","Worship"],"picked":"Meditate","floor":1.0},{"not_picked":["Adaptation","FlyingSleeves","Weave"],"picked":"SKIP","floor":2.0},{"not_picked":["EmptyBody","BowlingBash"],"picked":"MentalFortress","floor":3},{"not_picked":["ClearTheMind","CutThroughFate"],"picked":"CarveReality","floor":5},{"not_picked":["Evaluate","FlyingSleeves"],"picked":"SignatureMove","floor":6},{"not_picked":["Crescendo","FollowUp"],"picked":"FearNoEvil","floor":7},{"not_picked":["TalkToTheHand","Omniscience"],"picked":"Halt","floor":7},{"not_picked":["WaveOfTheHand","Consecrate"],"picked":"Halt","floor":7},{"not_picked":["LikeWater","Protect"],"picked":"FearNoEvil","floor":7},{"not_picked":["Sanctity","FlyingSleeves","BowlingBash"],"picked":"SKIP","floor":12},{"not_picked":["JustLucky","EmptyFist","ClearTheMind"],"picked":"SKIP","floor":14},{"not_picked":["Blasphemy","Establishment"],"picked":"DevaForm","floor":16},{"not_picked":["SandsOfTime","ForeignInfluence"],"picked":"InnerPeace","floor":17},{"not_picked":["CutThroughFate","FlurryOfBlows"],"picked":"CrushJoints+1","floor":18},{"not_picked":["SashWhip","Crescendo"],"picked":"FlurryOfBlows","floor":20}],"player_experience":57489,"relics_obtained":[{"floor":6,"key":"aspiration:SeaSaltIceCream"},{"floor":9,"key":"Ancient Tea Set"},{"floor":12,"key":"Pen Nib"}],"event_choices":[{"damage_healed":0,"gold_gain":0,"player_choice":"Box","damage_taken":0,"relics_obtained":["MawBank"],"max_hp_gain":0,"max_hp_loss":0,"event_name":"Big Fish","floor":8,"gold_loss":0,"cards_obtained":["Regret"]},{"cards_removed":["DevaForm"],"damage_healed":0,"gold_gain":0,"player_choice":"Take \u0026 Give","damage_taken":0,"max_hp_gain":0,"max_hp_loss":0,"event_name":"betterNote:BetterNote","floor":19,"gold_loss":0,"cards_obtained":["MasterReality"]}],"is_beta":false,"boss_relics":[{"not_picked":["Runic Pyramid","aspiration:RunicSpoon"],"picked":"Tiny House"}],"items_purged_floors":[4],"is_endless":false,"potions_floor_spawned":[1,2,12,14,18,20],"killed_by":"Book of Stabbing","ascension_level":0}}