{"host":"f3chan41r3z23lol","time":1612791371,"event":{"mods":["BaseMod","Hermit","Minty Spire (QoL Compilation)","StSLib","The Poker Player"],"gold_per_floor":[217,231,76,88,88,88,108,120,120,120,120,138,164,164,164,265,265,247,121,136,136,154,154,165,165,165,90,90,57,77,77,77,77,77,77],"floor_reached":33,"language":"KOR","playtime":1499,"items_purged":["PokerPlayerMod:Overdeal+1"],"score":247,"play_id":"589b30ee-aa03-44da-9851-a63cb99b0d6c","local_time":"20210208223611","is_ascension_mode":false,"metric_token":350,"campfire_choices":[{"data":"PokerPlayerMod:Diamond1","floor":6,"key":"SMITH"},{"data":"PokerPlayerMod:Club1","floor":10,"key":"SMITH"},{"data":"PokerPlayerMod:Heart2","floor":15,"key":"SMITH"},{"data":"PokerPlayerMod:Club2","floor":23,"key":"SMITH"},{"data":"PokerPlayerMod:Diamond2","floor":25,"key":"SMITH"},{"data":"PokerPlayerMod:Mulligan","floor":32,"key":"SMITH"}],"circlet_count":0,"master_deck":["PokerPlayerMod:Diamond3","PokerPlayerMod:Diamond3","PokerPlayerMod:Diamond4","PokerPlayerMod:Diamond5","PokerPlayerMod:Spade6","PokerPlayerMod:Spade7","PokerPlayerMod:Club3","PokerPlayerMod:Heart3","PokerPlayerMod:TrumpStrike","PokerPlayerMod:Mulligan+1","PokerPlayerMod:Heart5","PokerPlayerMod:ClubDance","PokerPlayerMod:Trickery","PokerPlayerMod:MagicTrick","PokerPlayerMod:Spade5","PokerPlayerMod:Diamond8","PokerPlayerMod:Spade3","PokerPlayerMod:Raise+1","PokerPlayerMod:DiamondStrike","PokerPlayerMod:Club4","PokerPlayerMod:WildCard","PokerPlayerMod:Club4","PokerPlayerMod:Sharpen","PokerPlayerMod:CardPrinter","PokerPlayerMod:Club3"],"relics":["PokerPlayerMod:DeckCase","PokerPlayerMod:PenAndEraser","Calipers","Thread and Needle","TungstenRod","Astrolabe","PreservedInsect"],"acts_visited":["Exordium","TheCity"],"potions_floor_usage":[30],"damage_taken":[{"damage":0,"enemies":"Jaw Worm","floor":1,"turns":3},{"damage":0,"enemies":"Cultist","floor":2,"turns":3},{"damage":10,"enemies":"Small Slimes","floor":4,"turns":2},{"damage":0,"enemies":"3 Louse","floor":7,"turns":1},{"damage":10,"enemies":"Looter","floor":8,"turns":2},{"damage":0,"enemies":"Large Slime","floor":12,"turns":3},{"damage":21,"enemies":"Gremlin Nob","floor":13,"turns":5},{"damage":19,"enemies":"The Guardian","floor":16,"turns":10},{"damage":11,"enemies":"2 Thieves","floor":18,"turns":4},{"damage":0,"enemies":"3 Byrds","floor":20,"turns":4},{"damage":0,"enemies":"3 Cultists","floor":22,"turns":3},{"damage":13,"enemies":"Centurion and Healer","floor":24,"turns":5},{"damage":19,"enemies":"Colosseum Slavers","floor":28,"turns":2},{"damage":5,"enemies":"Snecko","floor":30,"turns":5},{"damage":89,"enemies":"Champ","floor":33,"turns":8}],"seed_played":"-3603897005541565811","potions_obtained":[{"floor":1,"key":"LiquidBronze"},{"floor":4,"key":"Block Potion"},{"floor":7,"key":"FairyPotion"},{"floor":30,"key":"Strength Potion"}],"is_trial":false,"path_per_floor":["M","M","$","M","?","R","M","M","T","R","?","M","E","?","R","B",null,"M","$","M","?","M","R","M","R","T","?","?","$","M","?","R","B"],"character_chosen":"THE_POKER_PLAYER","items_purchased":["PokerPlayerMod:PenAndEraser","PokerPlayerMod:DiamondStrike","PokerPlayerMod:CardPrinter"],"campfire_rested":0,"item_purchase_floors":[3,19,29],"current_hp_per_floor":[52,52,52,46,46,46,46,47,47,47,47,52,31,31,31,22,52,48,48,48,48,48,48,39,39,39,39,26,26,24,24,24,0,0,0],"gold":77,"neow_bonus":"HUNDRED_GOLD","is_daily":false,"chose_seed":false,"campfire_upgraded":6,"win_rate":0.0,"timestamp":1612791371,"path_taken":["M","M","$","M","?","R","?","M","T","R","?","M","E","?","R","BOSS","M","$","M","?","M","R","M","R","T","?","?","?","?","?","R","BOSS"],"items_purchased_type":["Relic","Card","Card"],"build_version":"2020-12-22","purchased_purges":1,"victory":false,"max_hp_per_floor":[52,52,52,52,52,52,52,52,52,52,52,52,52,52,52,52,52,52,52,52,52,52,52,52,52,52,52,52,52,52,52,52,52,52,52],"card_choices":[{"not_picked":["PokerPlayerMod:Diamond8","PokerPlayerMod:Raise"],"picked":"PokerPlayerMod:Heart5","floor":1},{"not_picked":["PokerPlayerMod:PoorCopy","PokerPlayerMod:CardBurn"],"picked":"PokerPlayerMod:ClubDance","floor":2},{"not_picked":["PokerPlayerMod:SpadeStrike","PokerPlayerMod:ClubShade"],"picked":"PokerPlayerMod:Trickery","floor":4},{"not_picked":["PokerPlayerMod:Spade1","PokerPlayerMod:Diamond1"],"picked":"PokerPlayerMod:Spade3","floor":7},{"not_picked":["PokerPlayerMod:Spade4","PokerPlayerMod:SecondChance","PokerPlayerMod:Spade1"],"picked":"SKIP","floor":8},{"not_picked":["PokerPlayerMod:Diamond3","PokerPlayerMod:ClubsClub"],"picked":"PokerPlayerMod:Spade5","floor":12},{"not_picked":["PokerPlayerMod:CardBurn","PokerPlayerMod:WildCard","PokerPlayerMod:Configure"],"picked":"SKIP","floor":13},{"not_picked":["PokerPlayerMod:ChangeRules","PokerPlayerMod:Spade9"],"picked":"PokerPlayerMod:Diamond8","floor":16},{"not_picked":["PokerPlayerMod:ClubDance","PokerPlayerMod:Heart1"],"picked":"PokerPlayerMod:Raise+1","floor":18},{"not_picked":["PokerPlayerMod:Diamond2","PokerPlayerMod:Club1"],"picked":"PokerPlayerMod:Club4","floor":20},{"not_picked":["PokerPlayerMod:Spade2","PokerPlayerMod:ClubsClub"],"picked":"PokerPlayerMod:Sharpen","floor":22},{"not_picked":["PokerPlayerMod:Diamond3","PokerPlayerMod:Trickery","PokerPlayerMod:DiamondStrike"],"picked":"SKIP","floor":24},{"not_picked":["PokerPlayerMod:Trickery","PokerPlayerMod:CloakAndDiamond"],"picked":"PokerPlayerMod:Club3","floor":30}],"player_experience":241539,"relics_obtained":[{"floor":9,"key":"Calipers"},{"floor":13,"key":"Thread and Needle"},{"floor":26,"key":"PreservedInsect"}],"event_choices":[{"damage_healed":0,"gold_gain":0,"cards_transformed":["PokerPlayerMod:Spade1"],"player_choice":"Transformed","damage_taken":0,"max_hp_gain":0,"max_hp_loss":0,"event_name":"Transmorgrifier","floor":5,"gold_loss":0,"cards_obtained":["PokerPlayerMod:MagicTrick"]},{"damage_healed":0,"gold_gain":0,"player_choice":"Grow","damage_taken":0,"max_hp_gain":0,"max_hp_loss":0,"event_name":"Living Wall","floor":11,"gold_loss":0,"cards_upgraded":["PokerPlayerMod:Spade3"]},{"damage_healed":0,"gold_gain":0,"player_choice":"Searched \u00271\u0027 times","damage_taken":0,"relics_obtained":["TungstenRod"],"max_hp_gain":0,"max_hp_loss":0,"event_name":"Dead Adventurer","floor":14,"gold_loss":0},{"damage_healed":0,"gold_gain":0,"cards_transformed":["PokerPlayerMod:FakeSymbols","PokerPlayerMod:Spade3"],"player_choice":"Became Test Subject","damage_taken":0,"max_hp_gain":0,"max_hp_loss":0,"event_name":"Drug Dealer","floor":21,"gold_loss":0,"cards_obtained":["PokerPlayerMod:WildCard","PokerPlayerMod:Club4"]},{"cards_removed":["PokerPlayerMod:Spade3"],"damage_healed":0,"gold_gain":0,"player_choice":"Gave Gold","damage_taken":0,"max_hp_gain":0,"max_hp_loss":0,"event_name":"Beggar","floor":27,"gold_loss":75},{"damage_healed":0,"gold_gain":0,"player_choice":"Fight","damage_taken":0,"max_hp_gain":0,"max_hp_loss":0,"event_name":"Colosseum","floor":28,"gold_loss":0},{"damage_healed":0,"gold_gain":0,"player_choice":"Fled From Nobs","damage_taken":0,"max_hp_gain":0,"max_hp_loss":0,"event_name":"Colosseum","floor":28,"gold_loss":0},{"damage_healed":0,"gold_gain":0,"player_choice":"Ignored","damage_taken":0,"max_hp_gain":0,"max_hp_loss":0,"event_name":"Ghosts","floor":31,"gold_loss":0}],"is_beta":false,"boss_relics":[{"not_picked":["Cursed Key","Sozu"],"picked":"Astrolabe"}],"items_purged_floors":[19],"is_endless":false,"potions_floor_spawned":[1,4,7,8,18,20,28,30],"killed_by":"Champ","ascension_level":0}}