{"host":"uv5ws9rdk87e8i5k","time":1612813133,"event":{"mods":["AchievementEnabler","BaseMod","Colored Map","Minty Spire (QoL Compilation)","Permanent Neow","Quick Restart","StSLib","SuperFastMode","The Necromancer"],"gold_per_floor":[113,113,12,31,44,62,72,72,96,106,134,134,160,177,177,272,272,291,291,3,19,33,63,86,118,141,170,184,84,84,100,100,100,100],"floor_reached":33,"language":"ENG","playtime":916,"items_purged":["Bite","Defend_G"],"score":558,"play_id":"9d93c2fa-842d-4947-95cc-395c4e2a2b1f","local_time":"20210208133853","is_ascension_mode":true,"campfire_choices":[{"floor":15.0,"key":"REST"},{"data":"Corpse Explosion","floor":30,"key":"SMITH"},{"data":"Noxious Fumes","floor":32,"key":"SMITH"}],"circlet_count":0,"master_deck":["AscendersBane","Defend_G","Defend_G","Defend_G","Defend_G","Survivor","Neutralize","Prepared","Backflip","Dagger Throw","Crippling Poison","Deadly Poison","Heel Hook","Crippling Poison","Footwork","Noxious Fumes+1","Corpse Explosion+1","Deadly Poison+1","Bite","Bite","Bite","Bite","Heel Hook","Prepared","Escape Plan","Adrenaline","Deadly Poison"],"relics":["Ring of the Snake","Snake Skull","Tiny Chest","Anchor","Nunchaku","Sozu","TwistedFunnel","Strawberry","Art of War","Bronze Scales","Blood Vial","Mummified Hand"],"acts_visited":["Exordium","TheCity"],"potions_floor_usage":[],"damage_taken":[{"damage":4.0,"enemies":"Small Slimes","floor":1.0,"turns":4.0},{"damage":1.0,"enemies":"Cultist","floor":4.0,"turns":5.0},{"damage":3.0,"enemies":"2 Louse","floor":5.0,"turns":3.0},{"damage":15.0,"enemies":"Large Slime","floor":6.0,"turns":8.0},{"damage":7.0,"enemies":"3 Louse","floor":7.0,"turns":4.0},{"damage":10.0,"enemies":"Exordium Thugs","floor":10.0,"turns":7.0},{"damage":19.0,"enemies":"Lagavulin","floor":11.0,"turns":6.0},{"damage":15.0,"enemies":"Gremlin Nob","floor":13.0,"turns":5.0},{"damage":0.0,"enemies":"Exordium Wildlife","floor":14.0,"turns":4.0},{"damage":10.0,"enemies":"The Guardian","floor":16.0,"turns":7.0},{"damage":8.0,"enemies":"2 Thieves","floor":18.0,"turns":3.0},{"damage":0,"enemies":"3 Byrds","floor":21,"turns":2},{"damage":0,"enemies":"3 Cultists","floor":22,"turns":2},{"damage":7,"enemies":"Gremlin Leader","floor":23,"turns":5},{"damage":10,"enemies":"Slavers","floor":25,"turns":3},{"damage":13,"enemies":"Gremlin Leader","floor":27,"turns":5},{"damage":19,"enemies":"Shelled Parasite and Fungi","floor":28,"turns":4},{"damage":2,"enemies":"Snecko","floor":31,"turns":3},{"damage":25,"enemies":"Champ","floor":33,"turns":8}],"seed_played":"-2445249253388489791","potions_obtained":[{"floor":1.0,"key":"PowerPotion"},{"floor":6.0,"key":"Energy Potion"},{"floor":14.0,"key":"FearPotion"}],"is_trial":false,"path_per_floor":["M","?","$","M","M","M","M","?","T","M","E","?","E","M","R","B",null,"M","?","$","M","M","E","T","E","T","E","M","$","R","M","R","B"],"character_chosen":"THE_SILENT","items_purchased":["Poison Potion","Backflip","TwistedFunnel","Heel Hook"],"campfire_rested":1,"item_purchase_floors":[3,3,20,20],"current_hp_per_floor":[59,70,70,69,66,51,44,67,67,57,38,31,16,16,37,27,59,51,49,49,49,49,55,55,46,46,45,30,30,30,34,34,23,23],"gold":100,"neow_bonus":"RANDOM_COMMON_RELIC","is_daily":false,"chose_seed":false,"campfire_upgraded":2,"win_rate":0.0,"timestamp":1612813133,"path_taken":["M","?","?","M","M","M","M","?","T","M","E","?","E","M","R","BOSS","M","?","?","M","M","E","?","E","T","E","M","$","R","M","R","BOSS"],"items_purchased_type":["Potion","Card","Relic","Card"],"build_version":"2020-12-22","purchased_purges":2,"victory":false,"max_hp_per_floor":[70,70,70,70,70,70,70,70,70,70,70,70,70,70,70,70,70,70,49,49,49,49,56,56,56,56,56,56,56,56,56,56,56,56],"card_choices":[{"not_picked":["Flechettes","Sucker Punch"],"picked":"Prepared","floor":1.0},{"not_picked":["Flying Knee","Backflip"],"picked":"Dagger Throw","floor":4.0},{"not_picked":["Slice","Poisoned Stab"],"picked":"Crippling Poison","floor":5.0},{"not_picked":["Slice","Backflip"],"picked":"Deadly Poison","floor":6.0},{"not_picked":["Blur","Flying Knee"],"picked":"Heel Hook","floor":7.0},{"not_picked":["Quick Slash","Finisher","Grand Finale"],"picked":"SKIP","floor":10.0},{"not_picked":["Quick Slash","Slice"],"picked":"Crippling Poison","floor":11.0},{"not_picked":["Eviscerate","Backstab"],"picked":"Footwork","floor":13.0},{"not_picked":["Accuracy","Poisoned Stab"],"picked":"Noxious Fumes","floor":14.0},{"not_picked":["Phantasmal Killer","A Thousand Cuts"],"picked":"Corpse Explosion","floor":16.0},{"not_picked":["Deflect","Backflip"],"picked":"Deadly Poison+1","floor":18.0},{"not_picked":["Endless Agony+1","Bane","Dagger Spray+1"],"picked":"SKIP","floor":21},{"not_picked":["Skewer","Infinite Blades+1"],"picked":"Prepared","floor":22},{"not_picked":["Caltrops+1","Blade Dance+1"],"picked":"Escape Plan","floor":23},{"not_picked":["Prepared","Footwork"],"picked":"Adrenaline","floor":25},{"not_picked":["Dagger Spray+1","Riddle With Holes+1","Prepared"],"picked":"SKIP","floor":27},{"not_picked":["Quick Slash","Setup"],"picked":"Deadly Poison","floor":28},{"not_picked":["Dagger Spray","Dodge and Roll","Phantasmal Killer"],"picked":"SKIP","floor":31}],"player_experience":255644,"relics_obtained":[{"floor":9.0,"key":"Tiny Chest"},{"floor":11.0,"key":"Anchor"},{"floor":13.0,"key":"Nunchaku"},{"floor":23,"key":"Strawberry"},{"floor":24,"key":"Art of War"},{"floor":25,"key":"Bronze Scales"},{"floor":26,"key":"Blood Vial"},{"floor":27,"key":"Mummified Hand"}],"event_choices":[{"damage_healed":11.0,"max_hp_gain":0.0,"max_hp_loss":0.0,"gold_gain":0.0,"event_name":"Wheel of Change","player_choice":"Full Heal","floor":2.0,"gold_loss":0.0,"damage_taken":0.0},{"damage_healed":23.0,"max_hp_gain":0.0,"max_hp_loss":0.0,"gold_gain":0.0,"event_name":"Big Fish","player_choice":"Banana","floor":8.0,"gold_loss":0.0,"damage_taken":0.0},{"cards_removed":["Strike_G"],"damage_healed":0.0,"max_hp_gain":0.0,"max_hp_loss":0.0,"gold_gain":0.0,"event_name":"Golden Wing","player_choice":"Card Removal","floor":12.0,"gold_loss":0.0,"damage_taken":7.0},{"damage_healed":0.0,"max_hp_gain":0.0,"max_hp_loss":21.0,"gold_gain":0.0,"event_name":"Vampires","player_choice":"Became a vampire","floor":19.0,"gold_loss":0.0,"damage_taken":0.0,"cards_obtained":["Bite","Bite","Bite","Bite","Bite"]}],"is_beta":false,"boss_relics":[{"not_picked":["Astrolabe","Pandora\u0027s Box"],"picked":"Sozu"}],"items_purged_floors":[20,29],"is_endless":false,"potions_floor_spawned":[1,6,7,14,18,22],"killed_by":"Champ","ascension_level":11}}