{"host":"sav7uxregyirlf69","time":1612780063,"event":{"mods":["AchievementEnabler","BaseMod","Colored Map","DeckTracker","Keyboard Shortcuts","Minty Spire (QoL Compilation)","READ ME - Guardian Mod","StSLib","SuperFastMode"],"gold_per_floor":[14,31,43,54,54,54,71,90,90,90,90,90],"floor_reached":11,"language":"KOR","playtime":302,"items_purged":[],"score":159,"play_id":"39b2d114-eab2-4d23-9a74-6f019ce853a8","local_time":"20210208192743","is_ascension_mode":true,"campfire_choices":[{"data":"Feed","floor":6,"key":"SMITH"}],"circlet_count":0,"master_deck":["AscendersBane","Strike_R","Strike_R","Strike_R","Strike_R","Defend_R","Defend_R","Defend_R","Defend_R","Bash","Feed+1","Shrug It Off","Anger","Battle Trance","Bloodletting","Dual Wield"],"relics":["Burning Blood","Sundial"],"acts_visited":["Exordium"],"potions_floor_usage":[5],"damage_taken":[{"damage":9,"enemies":"Jaw Worm","floor":1,"turns":4},{"damage":17,"enemies":"Cultist","floor":2,"turns":5},{"damage":7,"enemies":"Small Slimes","floor":3,"turns":3},{"damage":9,"enemies":"Looter","floor":4,"turns":4},{"damage":23,"enemies":"Large Slime","floor":7,"turns":6},{"damage":6,"enemies":"Blue Slaver","floor":8,"turns":3},{"damage":70,"enemies":"3 Sentries","floor":11,"turns":12}],"seed_played":"-6229462982454504173","potions_obtained":[{"floor":3,"key":"BlessingOfTheForge"},{"floor":5,"key":"BloodPotion"},{"floor":5,"key":"LiquidBronze"}],"is_trial":false,"path_per_floor":["M","M","M","M","?","R","M","M","T","?","E"],"character_chosen":"IRONCLAD","items_purchased":[],"campfire_rested":0,"item_purchase_floors":[],"current_hp_per_floor":[68,60,62,62,79,79,66,70,70,70,0,0],"gold":90,"neow_bonus":"THREE_RARE_CARDS","is_daily":false,"chose_seed":false,"campfire_upgraded":1,"win_rate":0.0,"timestamp":1612780063,"path_taken":["M","M","M","M","?","R","M","?","T","?","E"],"items_purchased_type":[],"build_version":"2020-12-22","purchased_purges":0,"victory":false,"max_hp_per_floor":[78,81,84,87,87,87,91,95,95,95,95,95],"card_choices":[{"not_picked":["Bludgeon","Offering"],"picked":"Feed","floor":0},{"not_picked":["Armaments","Carnage"],"picked":"Shrug It Off","floor":1},{"not_picked":["Armaments","Rupture"],"picked":"Anger","floor":2},{"not_picked":["Clothesline","Iron Wave"],"picked":"Battle Trance","floor":3},{"not_picked":["Hemokinesis","Perfected Strike"],"picked":"Bloodletting","floor":4},{"not_picked":["Warcry","Hemokinesis","Inflame"],"picked":"SKIP","floor":7},{"not_picked":["Rampage","Inflame","Wild Strike"],"picked":"SKIP","floor":8}],"player_experience":1524737,"relics_obtained":[{"floor":9,"key":"Sundial"}],"event_choices":[{"damage_healed":0,"gold_gain":0,"player_choice":"Got Potions","damage_taken":0,"max_hp_gain":0,"max_hp_loss":0,"event_name":"Lab","floor":5,"gold_loss":0},{"damage_healed":0,"gold_gain":0,"cards_transformed":["Strike_R"],"player_choice":"Change","damage_taken":0,"max_hp_gain":0,"max_hp_loss":0,"event_name":"Living Wall","floor":10,"gold_loss":0,"cards_obtained":["Dual Wield"]}],"is_beta":false,"boss_relics":[],"items_purged_floors":[],"is_endless":false,"potions_floor_spawned":[3,8],"killed_by":"3 Sentries","ascension_level":20}}