{"host":"sav7uxregyirlf69","time":1612772085,"event":{"mods":["AchievementEnabler","BaseMod","Colored Map","DeckTracker","Keyboard Shortcuts","Minty Spire (QoL Compilation)","READ ME - Guardian Mod","StSLib","SuperFastMode"],"gold_per_floor":[109,129,54,74,88,88,98,113,113,144,60,60,76,96,96,175,175,194,194,194,207,222,222,222,222],"floor_reached":24,"language":"KOR","playtime":398,"items_purged":[],"score":404,"play_id":"066423c2-0bb9-4d83-a7b7-aa65d72d8ce2","local_time":"20210208171445","is_ascension_mode":true,"campfire_choices":[{"data":"Inflame","floor":6.0,"key":"SMITH"},{"floor":12,"key":"REST"},{"data":"Fire Breathing","floor":15,"key":"SMITH"},{"data":"Blood for Blood","floor":23,"key":"SMITH"}],"circlet_count":0,"master_deck":["AscendersBane","Strike_R","Strike_R","Defend_R","Defend_R","Defend_R","Defend_R","Bash","Twin Strike","Impervious","Sword Boomerang","Blood for Blood+1","Inflame+1","Dual Wield","Fire Breathing+1","Demon Form","Pommel Strike","Inflame+1"],"relics":["Burning Blood","FossilizedHelix","Meat on the Bone","Runic Pyramid"],"acts_visited":["Exordium","TheCity"],"potions_floor_usage":[10,21,22],"damage_taken":[{"damage":0.0,"enemies":"Small Slimes","floor":1.0,"turns":5.0},{"damage":7.0,"enemies":"Jaw Worm","floor":2.0,"turns":3.0},{"damage":6.0,"enemies":"Cultist","floor":4.0,"turns":3.0},{"damage":11.0,"enemies":"Looter","floor":5.0,"turns":3.0},{"damage":8.0,"enemies":"Blue Slaver","floor":7.0,"turns":4.0},{"damage":9,"enemies":"3 Louse","floor":8,"turns":4},{"damage":40,"enemies":"3 Sentries","floor":10,"turns":9},{"damage":12,"enemies":"2 Fungi Beasts","floor":13,"turns":4},{"damage":0,"enemies":"Looter","floor":14,"turns":3},{"damage":12,"enemies":"Slime Boss","floor":16,"turns":6},{"damage":49,"enemies":"3 Byrds","floor":18,"turns":7},{"damage":22,"enemies":"Spheric Guardian","floor":21,"turns":5},{"damage":19,"enemies":"Centurion and Healer","floor":22,"turns":6},{"damage":49,"enemies":"Gremlin Leader","floor":24,"turns":2}],"seed_played":"-5489965368513177243","potions_obtained":[{"floor":2.0,"key":"LiquidMemories"},{"floor":4.0,"key":"DistilledChaos"},{"floor":13,"key":"Block Potion"},{"floor":18,"key":"BloodPotion"},{"floor":21,"key":"FearPotion"}],"is_trial":false,"path_per_floor":["M","M","?","M","M","R","M","M","T","E","$","R","M","M","R","B",null,"M","?","?","M","M","R","E"],"character_chosen":"IRONCLAD","items_purchased":["Fire Breathing"],"campfire_rested":1,"item_purchase_floors":[11],"current_hp_per_floor":[56,55,55,55,50,50,48,45,45,11,11,33,39,45,45,51,69,38,38,38,49,48,48,0,0],"gold":222,"neow_bonus":"TRANSFORM_TWO_CARDS","is_daily":false,"chose_seed":false,"campfire_upgraded":3,"win_rate":0.0,"timestamp":1612772085,"path_taken":["M","M","?","M","M","R","M","M","T","E","$","R","M","M","R","BOSS","M","?","?","M","?","R","E"],"items_purchased_type":["Card"],"build_version":"2020-12-22","purchased_purges":0,"victory":false,"max_hp_per_floor":[75,75,75,75,75,75,75,75,75,75,75,75,75,75,75,75,75,75,75,75,75,75,75,75,75],"card_choices":[{"not_picked":["Thunderclap","Burning Pact"],"picked":"Sword Boomerang","floor":1.0},{"not_picked":["Cleave","Headbutt"],"picked":"Blood for Blood","floor":2.0},{"not_picked":["Armaments","Cleave","Sword Boomerang"],"picked":"SKIP","floor":4.0},{"not_picked":["Headbutt","Wild Strike"],"picked":"Inflame","floor":5.0},{"not_picked":["True Grit","Ghostly Armor","Clash"],"picked":"SKIP","floor":7},{"not_picked":["Bloodletting","Wild Strike"],"picked":"Dual Wield","floor":8},{"not_picked":["Perfected Strike","Cleave","Exhume"],"picked":"SKIP","floor":10},{"not_picked":["Flame Barrier","Sword Boomerang","Clash"],"picked":"SKIP","floor":13},{"not_picked":["Infernal Blade","Dual Wield","Wild Strike"],"picked":"SKIP","floor":14},{"not_picked":["Bludgeon","Impervious"],"picked":"Demon Form","floor":16},{"not_picked":["Wild Strike","Twin Strike"],"picked":"Pommel Strike","floor":18},{"not_picked":["Fire Breathing+1","Havoc","Anger"],"picked":"SKIP","floor":21},{"not_picked":["Thunderclap","Rampage","Clothesline"],"picked":"SKIP","floor":22}],"player_experience":1524090,"relics_obtained":[{"floor":9,"key":"FossilizedHelix"},{"floor":10,"key":"Meat on the Bone"}],"event_choices":[{"cards_removed":["Strike_R"],"damage_healed":0.0,"max_hp_gain":0.0,"max_hp_loss":0.0,"gold_gain":0.0,"event_name":"The Cleric","player_choice":"Card Removal","floor":3.0,"gold_loss":75.0,"damage_taken":0.0},{"damage_healed":0,"gold_gain":0,"player_choice":"Ignored","damage_taken":0,"max_hp_gain":0,"max_hp_loss":0,"event_name":"Vampires","floor":19,"gold_loss":0},{"damage_healed":0,"gold_gain":0,"player_choice":"Copied","damage_taken":0,"max_hp_gain":0,"max_hp_loss":0,"event_name":"Duplicator","floor":20,"gold_loss":0,"cards_obtained":["Inflame"]}],"is_beta":false,"boss_relics":[{"not_picked":["Fusion Hammer","Busted Crown"],"picked":"Runic Pyramid"}],"items_purged_floors":[],"is_endless":false,"potions_floor_spawned":[2,4,5,13,16,18,21],"killed_by":"Gremlin Leader","ascension_level":20}}