{"host":"pgm1p3lvdjflie30","time":1612770752,"event":{"mods":["AchievementEnabler","Alarm Clock","Aspiration","BaseMod","Challenge The Spire","Colored Map","Colored Powertips","Dark Map","Energized Spire","Hermit","HornydragonMod","Minty Spire (QoL Compilation)","Quarter Circle Forward PUNCH!","Quick Restart","Relic Stats","Robot Space Explorer","Spicy Shops","StSLib","The Blackbeard","The IronCluck","Waifu the Spire","【功能Mod】混沌之?修复?丁","篝火指南"],"gold_per_floor":[111,111,130,146,146,146,160,160,160,160,173,184,198,28,28,123,123,133,149,167,1,15,15,15,15,15,15,26,45,45,45,45,143,143,158,158,108,108,123,123,133,133,133],"floor_reached":42,"language":"ZHS","playtime":3253,"items_purged":[],"score":417,"play_id":"65d23460-798d-41b0-af33-ea1fb4c191a5","local_time":"20210208155232","is_ascension_mode":false,"campfire_choices":[{"data":"Perfected Strike","floor":6.0,"key":"SMITH"},{"data":"Perfected Strike","floor":8.0,"key":"SMITH"},{"data":"Feed","floor":15.0,"key":"SMITH"},{"data":"Berserk","floor":23.0,"key":"SMITH"},{"data":"RitualDagger","floor":25.0,"key":"SMITH"},{"data":"Dark Shackles","floor":27.0,"key":"SMITH"},{"floor":30.0,"key":"REST"},{"data":"Seeing Red","floor":32.0,"key":"SMITH"},{"data":"Flex","floor":40,"key":"SMITH"}],"circlet_count":0,"master_deck":["Strike_R","Strike_R","Strike_R","Strike_R","Strike_R","Defend_R","Defend_R","Defend_R","Defend_R","Bash","Twin Strike","Perfected Strike+1","Perfected Strike+1","Twin Strike+1","Wild Strike","Feed+1","Seeing Red+1","Thunderclap","Berserk+1","Sword Boomerang+1","Wild Strike","Spot Weakness","Dark Shackles+1","Heavy Blade+1","RitualDagger+1","Twin Strike","Inflame","Flex+1","Immolate+1","Thunderclap+1","Seeing Red+1","Bloodletting+1"],"relics":["Black Blood"],"acts_visited":["Exordium","TheCity","TheBeyond"],"potions_floor_usage":[39,39],"damage_taken":[{"damage":15.0,"enemies":"Jaw Worm","floor":1.0,"turns":5.0},{"damage":6.0,"enemies":"Cultist","floor":3.0,"turns":3.0},{"damage":3.0,"enemies":"Small Slimes","floor":4.0,"turns":2.0},{"damage":5.0,"enemies":"Looter","floor":7.0,"turns":2.0},{"damage":12.0,"enemies":"Blue Slaver","floor":11.0,"turns":2.0},{"damage":0.0,"enemies":"Large Slime","floor":12.0,"turns":3.0},{"damage":13.0,"enemies":"Red Slaver","floor":13.0,"turns":2.0},{"damage":57.0,"enemies":"The Guardian","floor":16.0,"turns":7.0},{"damage":45.0,"enemies":"Spheric Guardian","floor":18.0,"turns":4.0},{"damage":10.0,"enemies":"Chosen","floor":19.0,"turns":2.0},{"damage":31.0,"enemies":"3 Cultists","floor":20.0,"turns":4.0},{"damage":0.0,"enemies":"Snake Plant","floor":22.0,"turns":2.0},{"damage":15.0,"enemies":"Cultist and Chosen","floor":28.0,"turns":3.0},{"damage":4.0,"enemies":"Chosen and Byrds","floor":29.0,"turns":4.0},{"damage":53.0,"enemies":"Automaton","floor":33.0,"turns":6.0},{"damage":42,"enemies":"3 Shapes","floor":35,"turns":5},{"damage":10,"enemies":"3 Darklings","floor":39,"turns":2},{"damage":33,"enemies":"Jaw Worm Horde","floor":41,"turns":4},{"damage":57,"enemies":"Writhing Mass","floor":42,"turns":3}],"seed_played":"-2811907692488073121","potions_obtained":[{"floor":1.0,"key":"EssenceOfSteel"},{"floor":4.0,"key":"SmokeBomb"},{"floor":11.0,"key":"CultistPotion"},{"floor":13.0,"key":"Dexterity Potion"},{"floor":22.0,"key":"Energy Potion"},{"floor":28.0,"key":"SmokeBomb"},{"floor":29.0,"key":"SteroidPotion"},{"floor":35,"key":"FearPotion"}],"is_trial":false,"path_per_floor":["M","?","M","M","?","R","M","R","T","?","M","M","M","$","R","B",null,"M","M","M","$","M","R","?","R","T","R","M","M","R","?","R","B",null,"M","T","$","?","M","R","M","M"],"character_chosen":"IRONCLAD","items_purchased":["Fruit Juice","Thunderclap","SteroidPotion","Dark Shackles","Energy Potion"],"campfire_rested":1,"item_purchase_floors":[14,14,14,21,37],"current_hp_per_floor":[79,71,71,74,74,74,75,75,75,75,69,75,68,73,73,26,97,58,54,33,33,39,39,33,33,33,33,28,30,61,61,61,14,105,75,75,75,75,77,77,56,0,0],"gold":133,"neow_bonus":"TEN_PERCENT_HP_BONUS","is_daily":false,"chose_seed":false,"campfire_upgraded":8,"win_rate":0.0,"timestamp":1612770752,"path_taken":["M","?","M","?","?","R","M","R","T","?","M","M","M","$","R","BOSS","M","M","M","$","M","R","?","R","T","R","M","M","R","?","R","BOSS","M","?","$","?","M","R","M","M"],"items_purchased_type":["Potion","Card","Potion","Card","Potion"],"build_version":"2020-12-22","purchased_purges":0,"victory":false,"max_hp_per_floor":[88,88,88,88,88,88,88,88,88,88,88,88,88,93,93,97,97,97,97,101,101,101,101,101,101,101,101,105,105,105,105,105,105,105,105,105,105,105,105,105,105,105,105],"relic_stats":{"counters":[19,65],"Black Blood":126,"obtain_stats":[{"Black Blood":34,"Burning Blood":0},{"Black Blood":15,"Burning Blood":0},{"Black Blood":51,"Burning Blood":0}]},"card_choices":[{"not_picked":["Combust","Cleave"],"picked":"Twin Strike","floor":1.0},{"not_picked":["Sword Boomerang","Iron Wave"],"picked":"Perfected Strike","floor":3.0},{"not_picked":["Havoc","Sword Boomerang"],"picked":"Perfected Strike","floor":4.0},{"not_picked":["Dual Wield","Anger"],"picked":"Twin Strike","floor":7.0},{"not_picked":["Iron Wave","Havoc"],"picked":"Wild Strike","floor":11.0},{"not_picked":["Iron Wave","Warcry"],"picked":"Feed","floor":12.0},{"not_picked":["Havoc","Anger"],"picked":"Seeing Red","floor":13.0},{"not_picked":["Reaper","Feed"],"picked":"Berserk","floor":16.0},{"not_picked":["Rupture","Entrench"],"picked":"Sword Boomerang+1","floor":18.0},{"not_picked":["Twin Strike","Bloodletting"],"picked":"Wild Strike","floor":19.0},{"not_picked":["Body Slam","Heavy Blade"],"picked":"Spot Weakness","floor":20.0},{"not_picked":["Feel No Pain","Thunderclap+1"],"picked":"Heavy Blade+1","floor":22.0},{"not_picked":["Heavy Blade","Sword Boomerang"],"picked":"Twin Strike","floor":28.0},{"not_picked":["Shrug It Off+1","Sentinel+1"],"picked":"Inflame","floor":29.0},{"not_picked":["Fiend Fire","Corruption"],"picked":"Immolate","floor":33.0},{"not_picked":["Clash","Shrug It Off+1"],"picked":"Thunderclap+1","floor":35},{"not_picked":["Entrench","Headbutt"],"picked":"Seeing Red+1","floor":39},{"not_picked":["Iron Wave","True Grit"],"picked":"Bloodletting+1","floor":41}],"player_experience":364575,"relics_obtained":[],"event_choices":[{"damage_healed":0.0,"max_hp_gain":0.0,"max_hp_loss":0.0,"gold_gain":0.0,"event_name":"Wheel of Change","player_choice":"Damaged","floor":2.0,"gold_loss":0.0,"damage_taken":8.0},{"damage_healed":0.0,"max_hp_gain":0.0,"max_hp_loss":0.0,"gold_gain":0.0,"event_name":"Living Wall","player_choice":"Grow","floor":10.0,"gold_loss":0.0,"damage_taken":0.0,"cards_upgraded":["Twin Strike"]},{"damage_healed":0.0,"max_hp_gain":0.0,"max_hp_loss":0.0,"gold_gain":0.0,"event_name":"Nest","player_choice":"Joined the Cult","floor":24.0,"gold_loss":0.0,"damage_taken":6.0,"cards_obtained":["RitualDagger"]},{"damage_healed":0.0,"max_hp_gain":0.0,"max_hp_loss":0.0,"gold_gain":0.0,"event_name":"Match and Keep!","player_choice":"1 cards matched","floor":31.0,"gold_loss":0.0,"damage_taken":0.0,"cards_obtained":["Flex"]},{"damage_healed":0,"gold_gain":0,"player_choice":"Forge","damage_taken":0,"max_hp_gain":0,"max_hp_loss":0,"event_name":"Accursed Blacksmith","floor":38,"gold_loss":0,"cards_upgraded":["Immolate"]}],"is_beta":false,"boss_relics":[{"not_picked":["Fusion Hammer","Snecko Eye","energizedSpire:DecayingSkull"]},{"not_picked":["Cursed Key","aspiration:PoetsPen_weak"],"picked":"Black Blood"}],"items_purged_floors":[],"is_endless":false,"potions_floor_spawned":[1,4,11,13,22,28,29,35],"killed_by":"Writhing Mass","ascension_level":0}}