{"host":"Naix","time":1612779900,"event":{"mods":["Act Like it!","Aspiration","BaseMod","Downfall","Energized Spire","Friendly Minions","Gensokyo","HololiveMod","HornydragonMod","Minty Spire (QoL Compilation)","Reliquary","Replay The Spire","StSLib","The Alterego","The Jungle","Waifu the Spire","WarShipGirlsR/’ΩΩ¢…Ÿ≈ÆR mod","Weighted Paths","Wide Potions","Yakumo Yukari mod","Youmu£®ªÍ∆«—˝√Œ£©","°æ“≈ŒÔø®≈∆°øREMEMod"],"gold_per_floor":[114,129,129,129,129,129,167,167,167,229,262,262,326,365,365,512,512,539,582,380,419,497,549,249,305,355,417,417,485,543,543,543,704,704,755,786,736,1069,1106,1156,1156,1226,1226,1288,1356,1356,831,875,875,923],"floor_reached":51,"language":"ZHS","playtime":15120,"items_purged":["Writhe"],"score":1030,"play_id":"07812a71-0f1a-480e-b943-c8014c7aab17","local_time":"20210208182500","daily_mods":["Heirloom","downfall:Jewelcrafting","Elite Swarm"],"is_ascension_mode":false,"campfire_choices":[{"data":"Guardian:TimeSifter","floor":32,"key":"SMITH"},{"floor":49,"key":"DIG"}],"circlet_count":0,"master_deck":["Guardian:Strike_Guardian","Guardian:Strike_Guardian","Guardian:Strike_Guardian","Guardian:Defend_Guardian+1","Guardian:Defend_Guardian+1","Guardian:Defend_Guardian+1","Guardian:Defend_Guardian+1","Guardian:CurlUp","Guardian:TwinSlam","Guardian:ExploitGems","Guardian:ExploitGems","alterego_mod:RocketPunch","Guardian:RefractedBeam","Guardian:ConstructionForm","Guardian:Incinerate","Guardian:StasisField","Guardian:Planning+1","Guardian:FierceBash","FTL","Conserve Battery","Guardian:Suspension","Guardian:CompilePackage+1","Guardian:GemFire","Guardian:TimeSifter+1","Guardian:Gem_Blue","Guardian:ExploitGems","Compile Driver+1","Barrage+1","Guardian:Gem_Lightblue","Guardian:Gem_Green","ReplaySolidLightProjector","REME_ForAll","All For One","Guardian:ExploitGems","Reboot"],"relics":["Guardian:ModeShifter","REME_ComplimentaryCards","Guardian:PickAxe","Pocketwatch","ReplayTheSpireMod:TigerMarble","aspiration:BabyByrd","Replay:Bandana","Guardian:PocketSentry","Replay:Towering Pillar of Hats","Replay:Bottled Eggs","aspiration:DefectSkillbook","ClockworkSouvenir","Regal Pillow","Matryoshka","aspiration:DSix","REME_HandOfSuture","Akabeko","ReplayTheSpireMod:Lightbulb","Counterbalance","WingedGreaves","champ:DuelingGlove","reliquary:NewFriend","Black Star","ReplayFunnel","Replay:Mystery Machine","War Paint","Durian","Vajra","Pen Nib","aspiration:FrozenJewel","Bag of Preparation","Torii","aspiration:AnachronicSnailShell","Onion Ring","TungstenRod","Strange Spoon","Smiling Mask","Guardian:PickAxe","reliquary:Stiletto"],"acts_visited":["Exordium","TheCity","TheBeyond"],"potions_floor_usage":[30,30,30,50],"damage_taken":[{"damage":2.0,"enemies":"Small Slimes","floor":1.0,"turns":5.0},{"damage":0.0,"enemies":"2 Louse","floor":2.0,"turns":3.0},{"damage":18.0,"enemies":"Lagavulin","floor":7.0,"turns":5.0},{"damage":13.0,"enemies":"3 Sentries","floor":10.0,"turns":7.0},{"damage":0.0,"enemies":"Jaw Worm","floor":11.0,"turns":2.0},{"damage":0.0,"enemies":"Lagavulin","floor":13.0,"turns":5.0},{"damage":0.0,"enemies":"Gremlin Gang","floor":14.0,"turns":5.0},{"damage":10.0,"enemies":"Fading Forest","floor":16.0,"turns":11.0},{"damage":0.0,"enemies":"Spheric Guardian","floor":18.0,"turns":3.0},{"damage":0.0,"enemies":"Chosen","floor":19.0,"turns":4.0},{"damage":7.0,"enemies":"3 Cultists","floor":21.0,"turns":5.0},{"damage":0.0,"enemies":"Replay:Snechameleon","floor":23.0,"turns":6.0},{"damage":6.0,"enemies":"Slavers","floor":25.0,"turns":5.0},{"damage":0,"enemies":"Replay:Snechameleon","floor":27,"turns":2},{"damage":18,"enemies":"Slavers","floor":29,"turns":4},{"damage":17,"enemies":"Gremlin Leader","floor":30,"turns":2},{"damage":0,"enemies":"Collector","floor":33,"turns":5},{"damage":0,"enemies":"3 Darklings","floor":35,"turns":3},{"damage":0,"enemies":"3 Shapes","floor":36,"turns":1},{"damage":10,"enemies":"Spire Growth","floor":39,"turns":4},{"damage":4,"enemies":"Nemesis","floor":40,"turns":5},{"damage":0,"enemies":"Reptomancer","floor":42,"turns":3},{"damage":2,"enemies":"Giant Head","floor":44,"turns":3},{"damage":13,"enemies":"Reptomancer","floor":45,"turns":3},{"damage":0,"enemies":"Nemesis","floor":48,"turns":3},{"damage":0,"enemies":"Replay:Hell Engine","floor":50,"turns":2}],"seed_played":"-2425098010432476902","potions_obtained":[{"floor":1.0,"key":"FearPotion"},{"floor":2.0,"key":"Toxic Potion"},{"floor":10.0,"key":"Milkshake"},{"floor":13.0,"key":"ColorlessPotion"},{"floor":16.0,"key":"AttackPotion"},{"floor":22.0,"key":"EntropicBrew"},{"floor":27,"key":"FearPotion"},{"floor":30,"key":"Fruit Juice"},{"floor":39,"key":"Dexterity Potion"},{"floor":40,"key":"SkillPotion"}],"is_trial":false,"path_per_floor":["M","M","?","?","?","R","E","?","T","E","M","R","E","M","R","B",null,"M","M","$","M","?","E","$","E","T","E","?","E","E","?","R","B",null,"M","M","?","?","M","E","R","E","T","E","E","T","$","E","R","B",null],"character_chosen":"GUARDIAN","items_purchased":["ClockworkSouvenir","Conserve Battery","aspiration:DSix","TungstenRod","Strange Spoon"],"campfire_rested":0,"item_purchase_floors":[20,20,24,47,47],"current_hp_per_floor":[78,78,71,51,51,51,33,33,33,20,20,20,20,20,20,10,80,80,80,80,73,73,73,73,67,67,67,67,49,44,44,44,44,92,92,92,92,92,82,78,78,83,83,81,76,76,76,76,76,76],"gold":923,"neow_bonus":"","is_daily":true,"chose_seed":false,"campfire_upgraded":1,"win_rate":0.0,"timestamp":1612779900,"path_taken":["M","M","?","?","?","R","E","?","T","E","M","R","E","?","R","BOSS","M","M","$","?","?","E","$","E","T","E","?","E","E","?","R","BOSS","M","?","?","?","M","E","R","E","T","E","E","?","$","E","R","BOSS"],"items_purchased_type":["Relic","Card","Relic","Relic","Relic"],"build_version":"2020-12-18","purchased_purges":1,"victory":true,"max_hp_per_floor":[80,80,80,80,80,80,80,80,80,80,80,80,80,80,80,80,80,80,80,80,80,80,80,80,80,80,80,80,80,92,92,92,92,92,92,92,92,92,92,92,92,97,97,97,97,97,97,97,97,97],"card_choices":[{"not_picked":["Guardian:PiercingHide","Guardian:PrismaticBarrier"],"picked":"Guardian:RefractedBeam","floor":1.0},{"not_picked":["Guardian:PiercingHide","Guardian:Recover"],"picked":"Guardian:Gem_Red","floor":2.0},{"not_picked":["Guardian:StasisStrike","Guardian:GemFinder"],"picked":"Guardian:Gem_Orange","floor":7.0},{"not_picked":["Guardian:AncientConstruct","Guardian:HyperBeam_Guardian"],"picked":"Guardian:ConstructionForm","floor":10.0},{"not_picked":["Guardian:Gem_Lightblue","Guardian:TemporalShield"],"picked":"Guardian:Incinerate","floor":11.0},{"not_picked":["Guardian:StasisEngine","Guardian:GatlingBeam"],"picked":"Guardian:StasisField","floor":13.0},{"not_picked":["Guardian:Orbwalk","Guardian:Gem_Lightblue"],"picked":"Guardian:Planning","floor":14.0},{"not_picked":["Guardian:GatlingBeam","Guardian:GemFinder"],"picked":"Guardian:FierceBash","floor":16.0},{"not_picked":["Panic Button","ReplayGash","Hologram"],"picked":"FTL","floor":18.0},{"not_picked":["Guardian:Gem_Fragmented","Compile Driver","Guardian:Gem_Lightblue"],"picked":"Guardian:Gem_Red","floor":19.0},{"not_picked":["Guardian:Recover","Rainbow","FIFO Queue"],"picked":"Guardian:Suspension","floor":21.0},{"not_picked":["Turbo+1","Guardian:Suspension+1","Guardian:Planning"],"picked":"Guardian:Gem_Red","floor":22.0},{"not_picked":["Guardian:StasisStrike","Guardian:StasisEngine","Meteor Strike"],"picked":"Guardian:CompilePackage","floor":23.0},{"not_picked":["Machine Learning","Guardian:Gem_Synthetic","Amplify"],"picked":"Guardian:GemFire","floor":25.0},{"not_picked":["Rainbow","Electrodynamics","Seek","Machine Learning"],"picked":"SKIP","floor":27},{"not_picked":["Guardian:StasisStrike","REME_ForAll","Guardian:RevengeProtocol"],"picked":"Guardian:Gem_Synthetic","floor":29},{"not_picked":["Seek","REME_Shoggoth","Guardian:SphericShield"],"picked":"Guardian:TimeSifter","floor":30},{"not_picked":["Seek","Guardian:Gem_Synthetic","Machine Learning"],"picked":"Guardian:ExploitGems","floor":33},{"not_picked":["Ball Lightning+1","Guardian:Suspension","Capacitor+1"],"picked":"Compile Driver+1","floor":35},{"not_picked":["Guardian:VentSteam","Reinforced Body","Guardian:Gem_Red"],"picked":"Barrage+1","floor":36},{"not_picked":[],"picked":"Guardian:Gem_Lightblue","floor":37},{"not_picked":[],"picked":"Guardian:Gem_Green","floor":37},{"not_picked":[],"picked":"ReplaySolidLightProjector","floor":37},{"not_picked":[],"picked":"Guardian:Gem_Orange","floor":37},{"not_picked":["Gash+1","Guardian:Gem_Purple","Sweeping Beam"],"picked":"Guardian:Gem_Red","floor":39},{"not_picked":["Guardian:ExploitGems","Guardian:Gem_Synthetic","Creative AI"],"picked":"REME_ForAll","floor":40},{"not_picked":["ReplayRNGCard","Guardian:TimeSifter","Guardian:SphericShield"],"picked":"All For One","floor":42},{"not_picked":["Creative AI","Seek","Guardian:GatlingBeam"],"picked":"Guardian:ExploitGems","floor":44},{"not_picked":["Thunder Strike","Guardian:FastForward","Guardian:TimeSifter"],"picked":"Reboot","floor":45},{"not_picked":["Guardian:CompilePackage","Guardian:RevengeProtocol","REME_ForAll","Electrodynamics"],"picked":"SKIP","floor":48}],"player_experience":758962,"relics_obtained":[{"floor":7.0,"key":"Replay:Bandana"},{"floor":9.0,"key":"Guardian:PocketSentry"},{"floor":10.0,"key":"Replay:Towering Pillar of Hats"},{"floor":13.0,"key":"Replay:Bottled Eggs"},{"floor":22.0,"key":"Regal Pillow"},{"floor":23.0,"key":"Matryoshka"},{"floor":25.0,"key":"REME_HandOfSuture"},{"floor":26.0,"key":"Akabeko"},{"floor":26.0,"key":"ReplayTheSpireMod:Lightbulb"},{"floor":27,"key":"Counterbalance"},{"floor":29,"key":"champ:DuelingGlove"},{"floor":30,"key":"reliquary:NewFriend"},{"floor":40,"key":"ReplayFunnel"},{"floor":40,"key":"Replay:Mystery Machine"},{"floor":42,"key":"War Paint"},{"floor":42,"key":"Durian"},{"floor":43,"key":"Vajra"},{"floor":43,"key":"Pen Nib"},{"floor":44,"key":"aspiration:FrozenJewel"},{"floor":44,"key":"Bag of Preparation"},{"floor":45,"key":"Torii"},{"floor":45,"key":"aspiration:AnachronicSnailShell"},{"floor":46,"key":"Onion Ring"},{"floor":48,"key":"Smiling Mask"},{"floor":48,"key":"Guardian:PickAxe"},{"floor":49,"key":"reliquary:Stiletto"}],"event_choices":[{"damage_healed":0.0,"max_hp_gain":0.0,"max_hp_loss":0.0,"gold_gain":0.0,"event_name":"Scrap Ooze","player_choice":"Success","floor":3.0,"gold_loss":0.0,"damage_taken":7.0,"relics_obtained":["ReplayTheSpireMod:TigerMarble"]},{"damage_healed":0.0,"max_hp_gain":0.0,"max_hp_loss":0.0,"gold_gain":0.0,"event_name":"Golden Idol","player_choice":"Take Damage","floor":4.0,"gold_loss":0.0,"damage_taken":20.0,"relics_obtained":["Golden Idol"]},{"cards_removed":["Guardian:Strike_Guardian"],"damage_healed":0.0,"max_hp_gain":0.0,"max_hp_loss":0.0,"gold_gain":0.0,"event_name":"Living Wall","player_choice":"Forget","floor":8.0,"gold_loss":0.0,"damage_taken":0.0},{"damage_healed":0,"gold_gain":0,"player_choice":"Opened","damage_taken":0,"relics_obtained":["WingedGreaves"],"max_hp_gain":0,"max_hp_loss":0,"event_name":"The Mausoleum","floor":28,"gold_loss":0,"cards_obtained":["Writhe"]},{"damage_healed":0,"gold_gain":333,"player_choice":"Gave Idol","damage_taken":0,"max_hp_gain":0,"max_hp_loss":0,"event_name":"The Moai Head","floor":38,"relics_lost":["Golden Idol"],"gold_loss":0}],"is_beta":true,"boss_relics":[{"not_picked":["Hololive_Finger","reliquary:RedCape"],"picked":"aspiration:DefectSkillbook"},{"not_picked":["Philosopher\u0027s Stone","aspiration:Stellarator"],"picked":"Black Star"}],"items_purged_floors":[47],"is_endless":false,"potions_floor_spawned":[1,2,10,13,16,23,27,29,30,39,40,44,48],"ascension_level":0}}