{"host":"aduepa6pof7ckcrz","time":1612763205,"event":{"mods":["Act Like it!","Arknights","Aspiration","BaseMod","CapriCore","Colored Map","Colored Powertips","Downfall","Hallownest","Hermit","Hubris","Minty Spire (QoL Compilation)","Quick Restart","Replay The Spire","Robot Space Explorer","Shop Mod","StSLib","The Bug Knight","The Marked"],"gold_per_floor":[14,14,14,14,30,30,62,77,130,130,130,130,130,0,0,101,101,116,127,127,22,22,22,57,73,99,99,48,66,66,77,77,181,181,192,38,54,70,89,117,128,153,201,201,214,230,250,269,269,269],"floor_reached":51,"language":"FRA","playtime":3324,"items_purged":["HollowMod:BaldurShell"],"score":706,"play_id":"2ff536e2-a4f4-4e07-a72f-4318176b8826","local_time":"20210208064645","is_ascension_mode":false,"campfire_choices":[{"data":"HollowMod:AwokenDreamNail","floor":6,"key":"SMITH"},{"data":"HollowMod:FocusHealStart","floor":11,"key":"SMITH"},{"floor":15,"key":"REST"},{"data":"HollowMod:PureVessel","floor":23,"key":"SMITH"},{"data":"HollowMod:CloakDash","floor":27,"key":"SMITH"},{"data":"HollowMod:MonarchWings","floor":30,"key":"SMITH"},{"data":"HollowMod:CloakDash","floor":32,"key":"SMITH"},{"floor":44,"key":"REST"},{"floor":49,"key":"REST"}],"circlet_count":0,"master_deck":["HollowMod:NailStrikeStart+1","HollowMod:NailStrikeStart","HollowMod:NailStrikeStart","HollowMod:QuickDashStart+1","HollowMod:QuickDashStart","HollowMod:QuickDashStart","HollowMod:FocusHealStart+1","HollowMod:PogoStrike+1","HollowMod:AwokenDreamNail+1","HollowMod:SoulVessel","HollowMod:CloakDash+1","HollowMod:MantisMark","HollowMod:PureVessel+1","HollowMod:CycloneSlash+1","HollowMod:Grubsong+1","HollowMod:CloakDash+1","HollowMod:GoodIntentions+1","HollowMod:CloakDash","HollowMod:MonarchWings+1","HollowMod:MonarchWings+1","HollowMod:AwokenDreamNail","HollowMod:SoulSplash","Pot Of Greed","Pot Of Greed","HollowMod:SoulShaman+1","HollowMod:DesolateDive+1","Pot Of Greed","HollowMod:GreatSlash"],"relics":["HollowMod:VesselMask","Hallownest:DreamNailRelic","Orichalcum","Smiling Mask","Hallownest:TeacherSealRelic","Painkiller Herb","hubris:MysteriousPyramids","Blue Doll","Fusion Hammer","Grinning Jar","Replay:Kaleidoscope","CeramicFish","Strawberry"],"acts_visited":["Hallownest:Greenpath","Hallownest:CityofTears","Hallownest:KingdomsEdge"],"potions_floor_usage":[2,16,16,20,37,37,37,38,50,50,50],"damage_taken":[{"damage":7,"enemies":"Hallownest:monsterHuskGuard","floor":1,"turns":4},{"damage":20,"enemies":"Hallownest:monsterMarmu","floor":2,"turns":6},{"damage":1,"enemies":"2_ Uuma","floor":5,"turns":4},{"damage":46,"enemies":"Hallownest:eliteVengeflyKing","floor":7,"turns":7},{"damage":0,"enemies":"Hallownest:2_Baldur","floor":8,"turns":5},{"damage":33,"enemies":"Hallownest:BossBrokenVessel","floor":16,"turns":7},{"damage":12,"enemies":"Hallownest:Guard_and_Sentry","floor":18,"turns":4},{"damage":15,"enemies":"Hallownest:3_Youths","floor":19,"turns":7},{"damage":0,"enemies":"Hallownest:monsterShrumalOgre","floor":20,"turns":4},{"damage":19,"enemies":"Hallownest:eliteSoulWarrior","floor":24,"turns":7},{"damage":6,"enemies":"Hallownest:2_Flukemon","floor":25,"turns":5},{"damage":0,"enemies":"Hallownest:Master_and_Novice","floor":29,"turns":6},{"damage":0,"enemies":"Hallownest:monsterMisterMushroom","floor":31,"turns":6},{"damage":39,"enemies":"Hallownest:BossGrimm","floor":33,"turns":10},{"damage":3,"enemies":"Hallownest:Shield_Heavy","floor":35,"turns":5},{"damage":0,"enemies":"Hallownest:3_Siblings","floor":37,"turns":5},{"damage":0,"enemies":"Hallownest:Xero_Hu_Marmu","floor":38,"turns":7},{"damage":15,"enemies":"Hallownest:monsterPrimalAspid","floor":39,"turns":3},{"damage":19,"enemies":"Hallownest:eliteCollector","floor":40,"turns":8},{"damage":2,"enemies":"Hallownest:2_Wandering_and_1_Horned","floor":41,"turns":4},{"damage":19,"enemies":"Hallownest:eliteHiveKnight","floor":42,"turns":8},{"damage":0,"enemies":"Hallownest:2_Soldiers_and_1_Guardian","floor":45,"turns":4},{"damage":26,"enemies":"Hallownest:Slobbering_and_Violent","floor":46,"turns":7},{"damage":10,"enemies":"Hallownest:2_Wing_and_1_Kings","floor":47,"turns":6},{"damage":20,"enemies":"Hallownest:monsterPrimalAspid","floor":48,"turns":5},{"damage":47,"enemies":"Hallownest:Radiance","floor":50,"turns":10}],"seed_played":"-1562584915000793654","potions_obtained":[{"floor":1,"key":"Adrenaline Potion"},{"floor":7,"key":"ColorlessPotion"},{"floor":16,"key":"SmokeBomb"},{"floor":19,"key":"FearPotion"},{"floor":24,"key":"Toxic Potion"},{"floor":33,"key":"BlessingOfTheForge"},{"floor":37,"key":"Weak Potion"},{"floor":39,"key":"sneckomod:MuddlingPotion"},{"floor":40,"key":"DuplicationPotion"},{"floor":42,"key":"Elixir"}],"is_trial":false,"path_per_floor":["M","?","?","?","M","R","E","M","T","?","R","?","?","$","R","B",null,"?","?","?","T","?","T","E","?","T","T","T","?","T","?","T","B",null,"?","T","?","?","?","E","?","E","T","T","?","?","?","?","T","B",null],"character_chosen":"THE_BUGKNIGHT","items_purchased":["HollowMod:MantisMark","ColorlessPotion","HollowMod:Grubsong+1","HollowMod:CloakDash","Grinning Jar"],"campfire_rested":3,"item_purchase_floors":[14,14,21,28,36],"current_hp_per_floor":[74,60,60,60,65,65,25,35,35,35,35,35,35,35,57,30,75,69,66,72,72,75,75,62,66,66,66,66,72,72,75,75,37,75,72,72,75,75,66,59,63,50,57,81,81,61,57,43,67,30],"gold":269,"neow_bonus":"THREE_RARE_CARDS","is_daily":false,"chose_seed":false,"campfire_upgraded":6,"win_rate":0.0,"timestamp":1612763205,"path_taken":["M","?","?","?","M","R","E","?","T","?","R","?","?","?","R","BOSS","?","?","?","T","?","T","E","?","T","T","T","?","T","?","T","BOSS","?","T","?","?","?","E","?","E","T","T","?","?","?","?","T","BOSS"],"items_purchased_type":["Card","Potion","Card","Card","Relic"],"build_version":"2020-12-22","purchased_purges":1,"victory":true,"max_hp_per_floor":[75,75,75,75,75,75,75,75,75,75,75,75,75,75,75,75,75,75,75,75,75,75,75,75,75,75,75,75,75,75,75,75,75,75,75,75,75,75,75,75,75,75,82,82,82,82,82,82,82,82],"card_choices":[{"not_picked":["HollowMod:theNailsmith","HollowMod:ElderbugsWisdom"],"picked":"HollowMod:AwokenDreamNail","floor":0},{"not_picked":["HollowMod:LuriensSpire","HollowMod:SiblingsSouls","HollowMod:WraithStrike"],"picked":"SKIP","floor":1},{"not_picked":["HollowMod:WraithStrike","HollowMod:NewJinnsSoul"],"picked":"HollowMod:BaldurShell","floor":5},{"not_picked":["HollowMod:SharpenedNail","HollowMod:InfectedAttack"],"picked":"HollowMod:SoulVessel","floor":7},{"not_picked":["HollowMod:NewJinnsSoul","HollowMod:InfectedCysts"],"picked":"HollowMod:CloakDash","floor":8},{"not_picked":["HollowMod:LifebloodCore","HollowMod:Weaversong"],"picked":"HollowMod:PureVessel","floor":16},{"not_picked":["HollowMod:VengefulVoid+1","HollowMod:LifebloodCocoon","HollowMod:BaldurShell"],"picked":"SKIP","floor":18},{"not_picked":["HollowMod:LuriensSpire","HollowMod:SiblingsSouls"],"picked":"HollowMod:CycloneSlash+1","floor":19},{"not_picked":["HollowMod:VengefulVoid","HollowMod:LifebloodCocoon"],"picked":"HollowMod:CloakDash","floor":24},{"not_picked":["HollowMod:PerfectDash","HollowMod:ShapeofUnn+1"],"picked":"HollowMod:GoodIntentions+1","floor":25},{"not_picked":["HollowMod:GoodIntentions+1","HollowMod:ShadowDash"],"picked":"HollowMod:MonarchWings","floor":29},{"not_picked":["HollowMod:ElderbugsWisdom","HollowMod:FastStrike"],"picked":"HollowMod:MonarchWings+1","floor":31},{"not_picked":["HollowMod:theNailsmith","HollowMod:SoulMaster"],"picked":"HollowMod:AwokenDreamNail","floor":33},{"not_picked":["HollowMod:ShadowDash+1","HollowMod:HowlingWraiths"],"picked":"HollowMod:SoulSplash","floor":35},{"not_picked":["HollowMod:SiblingsSouls","HollowMod:PureVessel"],"picked":"HollowMod:SoulShaman+1","floor":37},{"not_picked":["HollowMod:InfectedAttack+1","HollowMod:VengefulVoid"],"picked":"HollowMod:DesolateDive+1","floor":38},{"not_picked":["HollowMod:InfectedCysts+1","HollowMod:DashSlash+1","HollowMod:AbyssShriek+1"],"picked":"SKIP","floor":39},{"not_picked":["HollowMod:BaldurShell","HollowMod:HowlingWraiths","HollowMod:ZotesMagnificence"],"picked":"SKIP","floor":40},{"not_picked":["HollowMod:SharpenedNail","HollowMod:NewJinnsSoul"],"picked":"HollowMod:GreatSlash","floor":41},{"not_picked":["HollowMod:LuriensSpire","HollowMod:CrystalDash+1","HollowMod:SiblingsSouls+1"],"picked":"SKIP","floor":42},{"not_picked":["HollowMod:ShadowDash","HollowMod:ChannelNail","HollowMod:HowlingWraiths+1"],"picked":"SKIP","floor":45},{"not_picked":["HollowMod:CornifersMapStart+1","HollowMod:GrimmsGift","HollowMod:FastStrike+1"],"picked":"SKIP","floor":46},{"not_picked":["HollowMod:NewLittleFool+1","HollowMod:DungDefenderAura","HollowMod:FastStrike"],"picked":"SKIP","floor":47},{"not_picked":["HollowMod:InfectedCysts","HollowMod:SoulShaman+1","HollowMod:AbyssShriek+1"],"picked":"SKIP","floor":48}],"player_experience":1025828,"relics_obtained":[{"floor":7,"key":"Orichalcum"},{"floor":9,"key":"Smiling Mask"},{"floor":24,"key":"hubris:MysteriousPyramids"},{"floor":26,"key":"Blue Doll"},{"floor":40,"key":"Replay:Kaleidoscope"},{"floor":42,"key":"CeramicFish"},{"floor":43,"key":"Strawberry"}],"event_choices":[],"is_beta":false,"boss_relics":[{"not_picked":["aspiration:RunicSpoon","Snecko Heart"],"picked":"Painkiller Herb"},{"not_picked":["Coffee Dripper","Pandora\u0027s Box"],"picked":"Fusion Hammer"}],"items_purged_floors":[21],"is_endless":false,"potions_floor_spawned":[1,7,16,19,20,24,33,37,39,40,42,46,47],"ascension_level":0}}