{"host":"aduepa6pof7ckcrz","time":1612812427,"event":{"mods":["Act Like it!","Arknights","Aspiration","BaseMod","CapriCore","Colored Map","Colored Powertips","Downfall","Hallownest","Hermit","Hubris","Minty Spire (QoL Compilation)","Quick Restart","Replay The Spire","Robot Space Explorer","Shop Mod","StSLib","The Bug Knight","The Marked"],"gold_per_floor":[109,109,39,39,52,84,84,110,135,162,180,208,222,235,235,331,331,341,341,356,356,356,356,376,376,376,401,258,168,181,195,195,294,294,311,311,321,41,59,59,93,93,93,104,104,104,104,104,104,104,104],"floor_reached":50,"language":"FRA","playtime":3454,"items_purged":["ats:Strike S","ats:Armor Crushing Shot"],"score":543,"play_id":"08e4cf2f-0b92-483d-89a5-08fad4eb20da","local_time":"20210208202707","is_ascension_mode":false,"campfire_choices":[{"data":"ats:Mental Burst","floor":7,"key":"SMITH"},{"data":"ats:Emotion Absorption","floor":15,"key":"SMITH"},{"data":"ats:True Silver Slash","floor":23,"key":"SMITH"},{"data":"ats:Song Of Battle","floor":25,"key":"SMITH"},{"data":"ats:Part Time Job","floor":32,"key":"SMITH"},{"floor":40,"key":"REST"},{"floor":42,"key":"REST"},{"floor":46,"key":"REST"},{"floor":49,"key":"REST"}],"circlet_count":0,"master_deck":["ats:Strike C","ats:Defend","ats:Defend","ats:Defend","ats:Defend","ats:Emotion Absorption+1","ats:Consecutive Shot Auto","ats:Mental Burst+1","ats:Absolute Focus+1","ats:Sunburst","ats:Apocalypse+1","ats:Healing Drone","ats:Sunburst","ats:Leaping Hammer","ats:Directed Diagnosis","ats:True Silver Slash+1","Clumsy","CurseOfTheBell","Doubt","ats:Cat Scratch+1","ats:Wolf Pack","ats:Song Of Battle+1","ats:Part Time Job+1","ats:Absolute Focus","ats:Shadow Assault","ats:Ignite+1","Discovery","ats:Counter Healing Mode","ats:Phantom+1","ats:Flexible Camouflage+1","Midas Touch"],"relics":["ats:Sanity","NeowsBlessing","ats:Originium","Replay:Wax Seal","ats:Berate","aspiration:ChemicalBlood","StoneCalendar","hubris:SphereOfDissonance","Du-Vu Doll","Iron Hammer","MerchantsRug","aspiration:SecretTechniqueScroll","ats:Spiritual Recovery","Onion Ring","Replay:Bottled Flurry"],"acts_visited":["Exordium","TheCity","TheBeyond"],"potions_floor_usage":[8,12,12,13,14,14,14,14,16,18,18,20,24,24,27,27,27,30,33,33,33,35,39,39,39,39,41,41,50,50,50,50,50,50],"damage_taken":[{"damage":0,"enemies":"Cultist","floor":1,"turns":1},{"damage":0,"enemies":"Small Slimes","floor":5,"turns":1},{"damage":0,"enemies":"Lagavulin","floor":6,"turns":1},{"damage":22,"enemies":"3 Sentries","floor":8,"turns":3},{"damage":21,"enemies":"Lagavulin","floor":10,"turns":5},{"damage":18,"enemies":"Jaw Worm","floor":11,"turns":4},{"damage":24,"enemies":"3 Sentries","floor":12,"turns":10},{"damage":0,"enemies":"2 Fungi Beasts","floor":13,"turns":1},{"damage":2,"enemies":"Large Slime","floor":14,"turns":7},{"damage":29,"enemies":"Fading Forest","floor":16,"turns":11},{"damage":5,"enemies":"Spheric Guardian","floor":18,"turns":3},{"damage":12,"enemies":"3 Cultists","floor":20,"turns":4},{"damage":23,"enemies":"Shelled Parasite and Fungi","floor":24,"turns":6},{"damage":45,"enemies":"Slavers","floor":27,"turns":4},{"damage":2,"enemies":"Chosen and Byrds","floor":30,"turns":3},{"damage":10,"enemies":"Cultist and Chosen","floor":31,"turns":3},{"damage":36,"enemies":"hubris:MusketHawk","floor":33,"turns":7},{"damage":16,"enemies":"3 Darklings","floor":35,"turns":2},{"damage":10,"enemies":"Orb Walker","floor":37,"turns":2},{"damage":42,"enemies":"Sphere and 2 Shapes","floor":39,"turns":5},{"damage":58,"enemies":"Nemesis","floor":41,"turns":7},{"damage":19,"enemies":"Spire Growth","floor":44,"turns":5},{"damage":100,"enemies":"hubris:GrandSnecko","floor":50,"turns":7}],"seed_played":"3767327472632220279","potions_obtained":[{"floor":5,"key":"champ:CounterPotion"},{"floor":8,"key":"Elixir"},{"floor":10,"key":"champ:CounterPotion"},{"floor":11,"key":"Cursed Concoction"},{"floor":13,"key":"ColorlessPotion"},{"floor":18,"key":"Weak Potion"},{"floor":24,"key":"PowerPotion"},{"floor":30,"key":"ats:Flame Arts Potion"},{"floor":33,"key":"Swift Potion"},{"floor":37,"key":"Ancient Potion"}],"is_trial":false,"path_per_floor":["M","?","$","?","M","E","R","E","T","E","M","E","M","M","R","B",null,"M","?","M","?","?","R","M","R","T","E","$","?","M","M","R","B",null,"M","?","M","$","M","R","E","R","T","M","?","R","$","?","R","B"],"character_chosen":"DOCTOR_CLASS","items_purchased":["ats:Mental Burst","Lee\u0027s Waffle","MerchantsRug","hexamod:SoulburnPotion","ats:Spiritual Recovery","ats:Counter Healing Mode"],"campfire_rested":4,"item_purchase_floors":[3,28,28,28,38,38],"current_hp_per_floor":[72,65,65,65,65,65,65,43,43,26,22,30,34,52,52,37,72,67,67,60,60,60,60,52,52,52,23,79,79,77,70,70,56,79,69,69,59,59,31,54,14,37,37,28,28,51,51,51,74,0,0],"gold":104,"neow_bonus":"THREE_ENEMY_KILL","is_daily":false,"chose_seed":false,"campfire_upgraded":5,"win_rate":0.0,"timestamp":1612812427,"path_taken":["M","?","$","?","M","E","R","E","T","E","M","E","M","M","R","BOSS","M","?","M","?","?","R","?","R","T","E","$","?","M","M","R","BOSS","M","?","M","$","?","R","E","R","T","M","?","R","$","?","R","BOSS"],"items_purchased_type":["Card","Relic","Relic","Potion","Relic","Card"],"build_version":"2020-12-22","purchased_purges":2,"victory":false,"max_hp_per_floor":[72,72,72,72,72,72,72,72,72,72,72,72,72,72,72,72,72,72,72,72,72,72,72,72,72,72,72,79,79,79,79,79,79,79,79,79,79,79,79,79,79,79,79,79,79,79,79,79,79,79,79],"card_choices":[{"not_picked":["ats:Apocalypse","ats:Support Order"],"picked":"ats:Consecutive Shot Auto","floor":1},{"not_picked":["ats:Guard Mode","ats:Cat Scratch"],"picked":"ats:Absolute Focus","floor":5},{"not_picked":["ats:Powerful Strike","ats:Song Of Battle"],"picked":"ats:Sunburst","floor":6},{"not_picked":["ats:Shell Defense","ats:Hammer On"],"picked":"ats:Apocalypse","floor":8},{"not_picked":["ats:Sashimi Platter","ats:Chain Hook"],"picked":"ats:Healing Drone","floor":10},{"not_picked":["ats:Flexible Camouflage","ats:Sunburst","ats:Shadow Assault"],"picked":"SKIP","floor":11},{"not_picked":["ats:Flexible Camouflage","ats:Shadow Assault"],"picked":"ats:Sunburst","floor":11},{"not_picked":["ats:Revitalization","ats:Roar Of Ursus","ats:Rapid Magazine"],"picked":"SKIP","floor":12},{"not_picked":["ats:Revitalization","ats:Phantom"],"picked":"ats:Leaping Hammer","floor":13},{"not_picked":["ats:Literary Storm","ats:Beaten Up"],"picked":"ats:Directed Diagnosis","floor":14},{"not_picked":["ats:Roar Of Ursus","ats:Durian"],"picked":"ats:True Silver Slash","floor":16},{"not_picked":["CommonCold","Doubt"],"picked":"Clumsy","floor":17},{"not_picked":["ReplayTheSpireMod:Restless Dread","hubris:Wrath"],"picked":"CurseOfTheBell","floor":17},{"not_picked":["Sickly","downfall:Bewildered"],"picked":"Doubt","floor":17},{"not_picked":["ats:Guard Mode","ats:Powerful Strike+1"],"picked":"ats:Cat Scratch+1","floor":18},{"not_picked":["ats:Part Time Job","ats:Wolf Pack","ats:Curse Doll"],"picked":"SKIP","floor":20},{"not_picked":["ats:Part Time Job","ats:Curse Doll"],"picked":"ats:Wolf Pack","floor":20},{"not_picked":["ats:Revitalization+1","ats:Blood Oath+1"],"picked":"ats:Song Of Battle","floor":24},{"not_picked":["ats:Curse Doll","ats:LN2 Cannon"],"picked":"ats:Part Time Job","floor":27},{"not_picked":["ats:Consecutive Shot Auto+1","ats:Hammer On"],"picked":"ats:Absolute Focus","floor":30},{"not_picked":["ats:Mental Burst","ats:Explosion Area Strengthen","ats:Blood Oath"],"picked":"SKIP","floor":31},{"not_picked":["ats:Rat Pack","ats:Ambush"],"picked":"ats:Shadow Assault","floor":33},{"not_picked":["ats:Explosion Area Strengthen+1","ats:Absolute Focus+1"],"picked":"ats:Ignite+1","floor":35},{"not_picked":["ats:Revitalization+1","ats:Spore Proliferation+1","ats:Sunburst+1"],"picked":"SKIP","floor":37},{"not_picked":["ats:Explosion Area Strengthen","ats:Blood Oath"],"picked":"ats:Phantom+1","floor":39},{"not_picked":["ats:Assault Order","ats:Hammer On+1"],"picked":"ats:Flexible Camouflage+1","floor":41},{"not_picked":["ats:Directed Diagnosis+1","ats:Hammer On+1","ats:Assault Order"],"picked":"SKIP","floor":44},{"not_picked":["Discovery","ReplayUltimateDefense"],"picked":"Midas Touch","floor":45}],"player_experience":1032742,"relics_obtained":[{"floor":6,"key":"ats:Originium"},{"floor":6,"key":"Replay:Wax Seal"},{"floor":8,"key":"ats:Originium"},{"floor":8,"key":"Replay:Bottled Eggs"},{"floor":9,"key":"ats:Berate"},{"floor":10,"key":"ats:Originium"},{"floor":10,"key":"aspiration:ChemicalBlood"},{"floor":12,"key":"ats:Originium"},{"floor":12,"key":"StoneCalendar"},{"floor":26,"key":"Iron Hammer"},{"floor":27,"key":"aspiration:HiddenCompartment"},{"floor":41,"key":"Onion Ring"},{"floor":43,"key":"Replay:Bottled Flurry"}],"event_choices":[{"cards_removed":["ats:Strike V"],"damage_healed":0,"gold_gain":0,"player_choice":"Card Removal","damage_taken":7,"max_hp_gain":0,"max_hp_loss":0,"event_name":"Golden Wing","floor":2,"gold_loss":0},{"damage_healed":0,"gold_gain":0,"player_choice":"Ignored","damage_taken":0,"max_hp_gain":0,"max_hp_loss":0,"event_name":"Liars Game","floor":4,"gold_loss":0},{"damage_healed":0,"gold_gain":0,"player_choice":"Ignored","damage_taken":0,"max_hp_gain":0,"max_hp_loss":0,"event_name":"Ghosts","floor":19,"gold_loss":0},{"damage_healed":0,"gold_gain":0,"player_choice":"Leave","damage_taken":0,"max_hp_gain":0,"max_hp_loss":0,"event_name":"FaceTrader","floor":22,"gold_loss":0},{"cards_removed":["ats:Strike G"],"damage_healed":0,"gold_gain":0,"player_choice":"Upgrade and Remove","damage_taken":0,"max_hp_gain":0,"max_hp_loss":0,"event_name":"Designer","floor":29,"gold_loss":90,"cards_upgraded":["ats:Apocalypse"]},{"damage_healed":0,"gold_gain":0,"player_choice":"1 cards matched","damage_taken":0,"max_hp_gain":0,"max_hp_loss":0,"event_name":"Match and Keep!","floor":36,"gold_loss":0,"cards_obtained":["Discovery"]},{"damage_healed":0,"gold_gain":0,"player_choice":"Memory 1","damage_taken":0,"max_hp_gain":0,"max_hp_loss":0,"event_name":"SensoryStone","floor":45,"gold_loss":0},{"damage_healed":0,"gold_gain":0,"player_choice":"Ignored","damage_taken":0,"max_hp_gain":0,"max_hp_loss":0,"event_name":"NoteForYourself","floor":48,"gold_loss":0}],"is_beta":false,"boss_relics":[{"not_picked":["Cursed Key","aspiration:WatcherSkillbook"],"picked":"Replay:Ancient Bell"},{"not_picked":["MawBank","Pet Ghost"],"picked":"Simple Rune"},{"not_picked":["Quantum Egg","InkBottle"],"picked":"hubris:SphereOfDissonance"},{"not_picked":["ats:Gyao","Lizard Tail"],"picked":"Du-Vu Doll"},{"not_picked":["Busted Crown","ReplayTheSpireMod:DimensionalGlitch"],"picked":"aspiration:SecretTechniqueScroll"}],"items_purged_floors":[28,38],"is_endless":false,"potions_floor_spawned":[5,8,10,11,13,24,30,33,37],"killed_by":"hubris:GrandSnecko","ascension_level":0}}