{"host":"ewns8ifhbubwkcum","time":1612825284,"event":{"mods":["BaseMod","Block Reminder","Colored Map","Colored Powertips","Downfall","Highlight Path","Minty Spire (QoL Compilation)","Permanent Neow","Quick Restart","Random Character Button","StSLib"],"gold_per_floor":[99,114,129,129,159,189,189,219,219,219,204,234,234,234],"floor_reached":12,"language":"ENG","playtime":1378,"items_purged":[],"score":119,"play_id":"86465731-91a8-4379-9a64-d75eb5557e83","local_time":"20210208170124","daily_mods":["Heirloom","downfall:Jewelcrafting","Elite Swarm"],"is_ascension_mode":false,"campfire_choices":[],"circlet_count":0,"master_deck":["Guardian:Strike_Guardian","Guardian:Strike_Guardian","Guardian:Strike_Guardian","Guardian:Strike_Guardian","Guardian:Defend_Guardian","Guardian:Defend_Guardian","Guardian:Defend_Guardian","Guardian:Defend_Guardian","Guardian:CurlUp","Guardian:TwinSlam","Guardian:ExploitGems","Guardian:ExploitGems","Guardian:VentSteam","Guardian:Gem_Purple","Guardian:Gem_Synthetic","Guardian:EvasiveProtocol","Guardian:RevengeProtocol"],"relics":["Guardian:ModeShifter","Guardian:PickAxe","Mango","Pear","Centennial Puzzle","CaptainsWheel","Art of War","PreservedInsect","Bronze Scales"],"acts_visited":["Exordium"],"potions_floor_usage":[3],"damage_taken":[{"damage":0,"enemies":"Small Slimes","floor":2,"turns":5},{"damage":0,"enemies":"2 Louse","floor":3,"turns":1},{"damage":31,"enemies":"3 Sentries","floor":6,"turns":14},{"damage":24,"enemies":"Gremlin Nob","floor":8,"turns":6},{"damage":0,"enemies":"downfall:FleeingMerchant","floor":11,"turns":4},{"damage":24,"enemies":"Lagavulin","floor":12,"turns":8}],"seed_played":"-2425098010432476902","potions_obtained":[{"floor":2,"key":"Explosive Potion"},{"floor":8,"key":"Strength Potion"}],"is_trial":false,"path_per_floor":["R","M","M","?","?","E","T","E","R","?","$","E"],"character_chosen":"GUARDIAN","items_purchased":[],"campfire_rested":0,"item_purchase_floors":[],"current_hp_per_floor":[94,94,94,92,92,61,61,37,37,71,71,47,47,47],"gold":234,"neow_bonus":"","is_daily":true,"chose_seed":false,"campfire_upgraded":0,"win_rate":0.0,"timestamp":1612825284,"path_taken":["R","M","M","?","?","E","T","E","R","?","$","E"],"items_purchased_type":[],"build_version":"2020-12-22","purchased_purges":0,"victory":false,"max_hp_per_floor":[94,94,94,104,104,104,104,104,104,104,104,104,104,104],"card_choices":[{"not_picked":["Guardian:Gem_Yellow","Guardian:ShieldCharger"],"picked":"Guardian:VentSteam","floor":2},{"not_picked":["Guardian:CrystalBeam","Guardian:PiercingHide"],"picked":"Guardian:Gem_Blue","floor":3},{"not_picked":["Guardian:GemFinder","Guardian:Gem_Orange"],"picked":"Guardian:Gem_Synthetic","floor":6},{"not_picked":["Guardian:Gem_Synthetic","Guardian:FierceBash"],"picked":"Guardian:Gem_Orange","floor":8},{"not_picked":["Guardian:SentryBeam","Guardian:Gem_Cyan"],"picked":"Guardian:EvasiveProtocol","floor":11},{"not_picked":["Guardian:CompilePackage","Guardian:ExploitGems"],"picked":"Guardian:RevengeProtocol","floor":12}],"player_experience":1159234,"relics_obtained":[{"floor":6,"key":"CaptainsWheel"},{"floor":7,"key":"Art of War"},{"floor":8,"key":"PreservedInsect"},{"floor":12,"key":"Bronze Scales"}],"event_choices":[{"damage_healed":0,"gold_gain":0,"player_choice":"Success","damage_taken":12,"relics_obtained":["Pear"],"max_hp_gain":0,"max_hp_loss":0,"event_name":"Scrap Ooze","floor":4,"gold_loss":0},{"damage_healed":34,"gold_gain":0,"player_choice":"Banana","damage_taken":0,"max_hp_gain":0,"max_hp_loss":0,"event_name":"Big Fish","floor":10,"gold_loss":0}],"is_beta":false,"boss_relics":[],"items_purged_floors":[],"is_endless":false,"potions_floor_spawned":[2,8],"killed_by":"Lagavulin","ascension_level":0}}