{"host":"y5gwkyp54bvo4ymw","time":1612758078,"event":{"mods":["Aspiration","BaseMod","Better Synergies","Better Third Choice","BetterRewards","Challenge The Spire","Clawfect","Colored Map","Conspire","DeckTracker","Dota2Spire","Energized Spire","GifTheSpireLib","Gold Saver","Halation","Hermit","Hubris","Infinite Spire","Jedi Mod","Minty Spire (QoL Compilation)","Permanent Neow","Rare Cards Sparkle","Reliquary","Replay The Spire","Spikes Relics","StSLib","Stuff the Spire","The Blue Laboratory","The Cursed","Virulent Crown","Wandering Minibosses"],"gold_per_floor":[323,333,333,333,333,367,367,394,394,426,446,461,461,477,477,581,581,591,608,571,571,588,624,624,624,624,650,663,663,663],"floor_reached":29,"language":"ENG","playtime":1634,"items_purged":[],"score":352,"play_id":"b90a8c73-1c9f-40dc-ae44-67e3cc8b48c7","local_time":"20210207232118","is_ascension_mode":true,"campfire_choices":[{"data":"hermit:LuckOfTheDraw","floor":7,"key":"SMITH"},{"data":"hermit:Headshot","floor":15,"key":"SMITH"},{"data":"hermit:Scavenge","floor":24,"key":"SMITH"}],"circlet_count":0,"master_deck":["hermit:Strike_Hermit","hermit:Strike_Hermit","hermit:Strike_Hermit","hermit:Defend_Hermit","hermit:Defend_Hermit","hermit:Defend_Hermit","hermit:Defend_Hermit","hermit:Snapshot+1","hermit:Covet","hermit:ShadowCloak","hermit:Enervate","Regret","Injury","hermit:LuckOfTheDraw+1","hermit:BigShot+1","hermit:HighNoon+1","hermit:TrackingShot","hermit:Headshot+1","hermit:Dissolve","hermit:EyeOfTheStorm+1","hermit:Scavenge+1","infinitespire:FutureSight","hermit:Glare+1","hermit:Magnum","hermit:Manifest"],"relics":["hermit:Momento","Regal Pillow","Frozen Egg 2","reliquary:JackalopeAntler","Dota2Spire:DrumOfEndurance","Potion Belt","aspiration:StickyExplosives_weak","Black Star","infinitespire:Lucky Rock","aspiration:Lifesprig","CrustySpines","Dota2Spire:EyeOfSkadi","Replay:WaspNest","Akabeko"],"acts_visited":["Exordium","TheCity"],"potions_floor_usage":[6,16,16,20,23,23,27,28],"damage_taken":[{"damage":2,"enemies":"2 Louse","floor":1,"turns":3},{"damage":0,"enemies":"Small Slimes","floor":2,"turns":3},{"damage":0,"enemies":"3 Sentries","floor":6,"turns":6},{"damage":6,"enemies":"Lagavulin","floor":8,"turns":5},{"damage":10,"enemies":"Gremlin Nob","floor":10,"turns":4},{"damage":1,"enemies":"Cultist","floor":11,"turns":4},{"damage":9,"enemies":"Exordium Wildlife","floor":12,"turns":4},{"damage":7,"enemies":"2 Fungi Beasts","floor":14,"turns":3},{"damage":22,"enemies":"Slime Boss","floor":16,"turns":6},{"damage":12,"enemies":"conspire:FuzzyDice","floor":18,"turns":5},{"damage":4,"enemies":"Shell Parasite","floor":19,"turns":4},{"damage":6,"enemies":"3 Cultists","floor":20,"turns":6},{"damage":15,"enemies":"Snecko","floor":22,"turns":5},{"damage":10,"enemies":"conspire:SneckoGhost","floor":23,"turns":5},{"damage":0,"enemies":"conspire:Head Lice","floor":27,"turns":1},{"damage":8,"enemies":"conspire:HollyBat","floor":28,"turns":7}],"seed_played":"-8282434152854419073","potions_obtained":[{"floor":2,"key":"Energy Potion"},{"floor":8,"key":"blueLaboratory:LouseDecoction"},{"floor":11,"key":"Swift Potion"},{"floor":12,"key":"blueLaboratory:HummingbirdPotion"},{"floor":14,"key":"LifebloodPotion"},{"floor":16,"key":"blueLaboratory:PhilterOfMotion"},{"floor":20,"key":"hermit:Tonic"},{"floor":22,"key":"jedi:tentaclejuice"},{"floor":25,"key":"Fire Potion"},{"floor":25,"key":"SneckoOil"},{"floor":25,"key":"blueLaboratory:EmptyBottle"},{"floor":28,"key":"blueLaboratory:TrueEctoplasm"}],"is_trial":false,"path_per_floor":["M","M","?","?","?","E","R","E","T","E","M","M","T","M","R","B",null,"M","M","M","AVR","M","E","R","?","T","E","M","?"],"character_chosen":"HERMIT","items_purchased":[],"campfire_rested":0,"item_purchase_floors":[],"current_hp_per_floor":[73,73,73,73,73,73,73,67,67,57,56,47,47,40,40,18,75,63,59,53,53,38,28,28,28,33,33,25,0,0],"gold":663,"neow_bonus":"UPGRADE_CARD","is_daily":false,"chose_seed":false,"campfire_upgraded":3,"win_rate":0.0,"timestamp":1612758078,"path_taken":["M","M","?","?","?","E","R","E","T","E","M","?","?","M","R","BOSS","M","M","M","AVR","M","E","R","?","T","E","?","?"],"items_purchased_type":[],"build_version":"2020-12-22","purchased_purges":0,"victory":false,"max_hp_per_floor":[75,75,75,75,75,75,75,75,75,75,75,75,75,75,75,75,75,75,75,75,75,75,75,75,75,80,80,80,80,80],"card_choices":[{"not_picked":["hermit:Malice","hermit:Glare"],"picked":"hermit:ShadowCloak","floor":1},{"not_picked":["hermit:TakeCover","hermit:Vantage"],"picked":"hermit:Enervate","floor":2},{"not_picked":["hermit:LoneWolf","hermit:Enervate"],"picked":"hermit:BigShot+1","floor":6},{"not_picked":["hermit:Maintenance","hermit:NoHoldsBarred"],"picked":"hermit:HighNoon+1","floor":8},{"not_picked":["hermit:NoHoldsBarred","hermit:Coalescence"],"picked":"hermit:TrackingShot","floor":10},{"not_picked":["hermit:Showdown","hermit:Midnight","hermit:LowProfile"],"picked":"SKIP","floor":11},{"not_picked":["hermit:HighCaliber","hermit:BodyArmor","hermit:Glare"],"picked":"SKIP","floor":12},{"not_picked":["hermit:TakeCover","hermit:Ricochet"],"picked":"hermit:Headshot","floor":14},{"not_picked":["hermit:EternalForm+1","hermit:Gambit"],"picked":"hermit:Dissolve","floor":16},{"not_picked":["hermit:Glare+1","hermit:Coalescence"],"picked":"hermit:EyeOfTheStorm+1","floor":18},{"not_picked":["hermit:FullyLoaded","hermit:Misfire","hermit:Brawl+1"],"picked":"SKIP","floor":19},{"not_picked":["hermit:TrackingShot","hermit:Glare"],"picked":"hermit:Scavenge","floor":20},{"not_picked":["hermit:FromBeyond","hermit:Misfire"],"picked":"hermit:Glare+1","floor":22},{"not_picked":["hermit:Snipe","hermit:Vantage"],"picked":"hermit:Magnum","floor":23},{"not_picked":["hermit:Adapt+1","hermit:Glare","hermit:HoleUp+1"],"picked":"SKIP","floor":27},{"not_picked":["hermit:Dive","hermit:TrackingShot"],"picked":"hermit:Manifest","floor":28}],"player_experience":574528,"relics_obtained":[{"floor":6,"key":"reliquary:JackalopeAntler"},{"floor":8,"key":"Dota2Spire:DrumOfEndurance"},{"floor":9,"key":"Blue Candle"},{"floor":10,"key":"Potion Belt"},{"floor":13,"key":"aspiration:StickyExplosives_weak"},{"floor":23,"key":"aspiration:Lifesprig"},{"floor":23,"key":"CrustySpines"},{"floor":26,"key":"Dota2Spire:EyeOfSkadi"},{"floor":27,"key":"Replay:WaspNest"},{"floor":27,"key":"Akabeko"}],"event_choices":[{"damage_healed":0,"gold_gain":0,"player_choice":"Box","damage_taken":0,"relics_obtained":["Regal Pillow"],"max_hp_gain":0,"max_hp_loss":0,"event_name":"Big Fish","floor":3,"gold_loss":0,"cards_obtained":["Regret"]},{"damage_healed":0,"gold_gain":0,"cards_transformed":["hermit:Strike_Hermit"],"player_choice":"Transformed","damage_taken":0,"max_hp_gain":0,"max_hp_loss":0,"event_name":"Transmorgrifier","floor":5,"gold_loss":0,"cards_obtained":["hermit:LuckOfTheDraw"]},{"damage_healed":0,"gold_gain":0,"player_choice":"Got Potions","damage_taken":0,"max_hp_gain":0,"max_hp_loss":0,"event_name":"Lab","floor":25,"gold_loss":0}],"is_beta":false,"boss_relics":[{"not_picked":["halation:ForbiddenBikini","hubris:Backtick"],"picked":"Black Star"}],"items_purged_floors":[],"is_endless":false,"potions_floor_spawned":[2,8,11,12,14,16,20,22,28],"ascension_level":1}}