{"host":"ttx8tv95o5vka1nm","time":1612774403,"event":{"mods":["AchievementEnabler","BaseMod","BetterRewards","Colored Map","Evolution","Hermit","Hubris","Infinite Spire","Jorbs\u0027s Wanderer Trilogy","Minty Spire (QoL Compilation)","Relic Filter Mod","Reliquary","Robot Space Explorer","Shop Mod","Spicy Shops","StSLib","The Blue Laboratory","The Bug Knight","The Construct","The Cursed","The Disciple","The Forsaken","The Hierophant","The Necromancer","The Runesmith","TheBandit"],"gold_per_floor":[115,125,125,75,88,113,113,126,126,152,185,9,9,29,29,128,128,142,16,35,35,51,51,86,99,99,124,124,144,144,155,155,251,251,269,569,586,12,29,58,58,76,122,154,154,0,0,0,0,102,102,109,100,101,54,55,57,57,59,84,84,44,44,119,120,120,184,184,168,168,169,160,42,33,33,25,77,79,3,3,3,3,3,100,100,100,64,64],"floor_reached":87,"language":"ENG","playtime":13733,"items_purged":["Defend_Br","Strike_Br+1","Strike_Br+1","LockedFlame+1","Echonomics"],"score":1913,"play_id":"3644f593-fa69-45de-a3d5-caba65233086","local_time":"20210208185323","is_ascension_mode":false,"campfire_choices":[{"floor":7,"key":"REST"},{"floor":15,"key":"REST"},{"floor":23,"key":"REST"},{"floor":28,"key":"REST"},{"data":"Stagnate","floor":32,"key":"SMITH"},{"data":"MasterKey","floor":41,"key":"SMITH"},{"data":"hubris:DuctTapeCard","floor":49,"key":"SMITH"},{"floor":58,"key":"REST"},{"data":"LockedTornado","floor":61,"key":"SMITH"},{"data":"DaylightSavings","floor":66,"key":"SMITH"},{"data":"LockedCalendar","floor":75,"key":"SMITH"},{"data":"Grave","floor":81,"key":"SMITH"},{"data":"SecondHand","floor":83,"key":"SMITH"}],"circlet_count":1,"master_deck":["SecondHand+1","PatternShift","Facsimile","Echoward","FormalWear","WindUp","Stagnate+1","BlueShift","WakeUpCall","SlimeSpray","ReapSow","Pendulum","LockedPlans+1","ExoVibe","Grave+1","LockedWarPaint+1","PrimeTime","MasterKey+1","LockedScales","OracleForm","Keepsakes+1","LockedPlans+1","hubris:DuctTapeCard+2","LockedTornado+1","LockedBlood","DaylightSavings+9","LockedScales","LockedCalendar+1","LockedScales","LockedWhetstone+1","LockedBlood+1","Ghostly","Ghostly","Ghostly","Ghostly","Ghostly","Accruing+1","Chronoelasticity","BlueShift","LockedScales","WindUp+1","LockedBlood"],"relics":["Chronometer","infinitespire:Joker Card","hubris:MedicalManual","Odd Mushroom","reliquary:ExpiredCoupon","Membership Card","NlothsMask","infinitespire:Bottled Soul","Unceasing Top","Nloth\u0027s Gift","Snecko Eye","Chronograph","MerchantsRug","ClockworkSouvenir","Oddly Smooth Stone","Gambling Chip","Bottled Lightning","Juzu Bracelet","reliquary:Aerogel","Omamori","hubris:Towel","theForsaken:PaleLantern","hubris:SlimyHat","Medical Kit","Circlet","Vajra","reliquary:Knoch","reliquary:BrokenClock","hubris:Metronome","Smiling Mask","Blood Vial","TungstenRod","construct:WeddingRing"],"acts_visited":["Exordium","TheCity","TheBeyond","Exordium","TheCity","TheBeyond"],"potions_floor_usage":[5,18,22,24,27,71,71],"damage_taken":[{"damage":6,"enemies":"Jaw Worm","floor":1,"turns":5},{"damage":0,"enemies":"Small Slimes","floor":2,"turns":4},{"damage":1,"enemies":"2 Louse","floor":5,"turns":3},{"damage":26,"enemies":"Lagavulin","floor":6,"turns":10},{"damage":5,"enemies":"Red Slaver","floor":8,"turns":3},{"damage":7,"enemies":"The Mushroom Lair","floor":10,"turns":6},{"damage":0,"enemies":"Gremlin Nob","floor":11,"turns":6},{"damage":5,"enemies":"Looter","floor":14,"turns":2},{"damage":21,"enemies":"The Guardian","floor":16,"turns":18},{"damage":48,"enemies":"Spheric Guardian","floor":18,"turns":10},{"damage":20,"enemies":"3 Byrds","floor":20,"turns":6},{"damage":0,"enemies":"Shelled Parasite and Fungi","floor":22,"turns":6},{"damage":24,"enemies":"Nightmare","floor":24,"turns":11},{"damage":6,"enemies":"Snake Plant","floor":25,"turns":4},{"damage":27,"enemies":"Gremlin Leader","floor":27,"turns":10},{"damage":0,"enemies":"Snecko","floor":29,"turns":6},{"damage":15,"enemies":"Shelled Parasite and Fungi","floor":31,"turns":7},{"damage":20,"enemies":"Champ","floor":33,"turns":17},{"damage":0,"enemies":"3 Darklings","floor":35,"turns":5},{"damage":0,"enemies":"Orb Walker","floor":37,"turns":4},{"damage":0,"enemies":"3 Darklings","floor":39,"turns":4},{"damage":23,"enemies":"Nightmare","floor":40,"turns":9},{"damage":0,"enemies":"Spire Growth","floor":42,"turns":6},{"damage":0,"enemies":"Nemesis","floor":44,"turns":8},{"damage":20,"enemies":"Time Eater","floor":50,"turns":12},{"damage":0,"enemies":"Jaw Worm","floor":52,"turns":2},{"damage":0,"enemies":"Cultist","floor":53,"turns":4},{"damage":14,"enemies":"2 Louse","floor":54,"turns":3},{"damage":24,"enemies":"The Mushroom Lair","floor":56,"turns":4},{"damage":11,"enemies":"3 Sentries","floor":57,"turns":6},{"damage":0,"enemies":"Gremlin Nob","floor":59,"turns":6},{"damage":0,"enemies":"Exordium Thugs","floor":65,"turns":2},{"damage":0,"enemies":"Slime Boss","floor":67,"turns":7},{"damage":0,"enemies":"Shell Parasite","floor":69,"turns":5},{"damage":1,"enemies":"2 Thieves","floor":71,"turns":4},{"damage":0,"enemies":"Snake Plant","floor":72,"turns":6},{"damage":12,"enemies":"Gremlin Leader","floor":74,"turns":10},{"damage":3,"enemies":"3 Cultists","floor":76,"turns":6},{"damage":8,"enemies":"Book of Stabbing","floor":78,"turns":6},{"damage":0,"enemies":"Champ","floor":84,"turns":8},{"damage":0,"enemies":"Orb Walker","floor":86,"turns":5}],"seed_played":"3295627084795700353","potions_obtained":[{"floor":5,"key":"Fruit Juice"},{"floor":10,"key":"Weak Potion"},{"floor":14,"key":"blueLaboratory:FrostheartPotion"},{"floor":18,"key":"Ancient Potion"},{"floor":25,"key":"blueLaboratory:FrostheartPotion"},{"floor":27,"key":"FearPotion"},{"floor":31,"key":"Explosive Potion"},{"floor":39,"key":"EssenceOfSteel"},{"floor":44,"key":"SkillPotion"},{"floor":50,"key":"Fire Potion"},{"floor":52,"key":"blueLaboratory:AbyssPotion"},{"floor":57,"key":"SkillPotion"},{"floor":62,"key":"Block Potion"},{"floor":62,"key":"blueLaboratory:BottledHope"},{"floor":62,"key":"blueLaboratory:FruitPunch"},{"floor":67,"key":"blueLaboratory:PhilterOfMotion"},{"floor":72,"key":"SteroidPotion"},{"floor":76,"key":"blueLaboratory:LouseDecoction"}],"is_trial":false,"path_per_floor":["M","M","?","?","M","E","R","M","T","?","E","$","?","M","R","B",null,"M","$","M","?","M","R","NM","M","T","E","R","M","?","M","R","B",null,"M","AVR","M","$","M","NM","R","M","T","E","?","$","?","?","R","B",null,"M","M","M","$","?","E","R","E","T","R","?","?","?","M","R","B",null,"M","?","M","M","$","E","R","M","T","E","$","?","R","?","R","B",null,"M","M"],"character_chosen":"CHRONO_CLASS","items_purchased":["Membership Card","SlimeSpray","infinitespire:Bottled Soul","MerchantsRug","ClockworkSouvenir","Oddly Smooth Stone","Gambling Chip","Bottled Lightning","Flay","reliquary:FeatherDuster","ExoVibe","hubris:SlimyHat","Medical Kit","LockedScales","reliquary:BrokenClock","BlueShift","TungstenRod","LockedBlood"],"campfire_rested":5,"item_purchase_floors":[12,12,19,38,38,38,38,38,38,46,46,55,55,55,73,73,79,79],"current_hp_per_floor":[59,59,46,46,50,24,45,40,40,33,33,33,33,28,49,28,70,42,42,32,26,36,57,50,54,54,37,58,70,70,65,65,50,70,70,70,70,70,70,67,67,67,67,67,70,70,70,70,70,50,70,70,70,60,60,38,39,60,66,66,66,66,66,59,59,59,65,70,70,35,37,37,37,30,30,27,27,34,34,34,34,34,34,37,37,37,5,5],"gold":64,"neow_bonus":"TRANSFORM_CARD","is_daily":false,"chose_seed":false,"campfire_upgraded":8,"win_rate":0.0,"timestamp":1612774403,"path_taken":["M","M","?","?","M","E","R","M","T","?","E","$","?","M","R","BOSS","M","$","M","?","M","R","NM","M","T","E","R","?","?","M","R","BOSS","M","AVR","M","$","M","NM","R","M","T","E","?","?","?","?","R","BOSS","M","M","M","?","?","E","R","E","T","R","?","?","?","M","R","BOSS","M","?","M","M","$","E","R","M","T","E","$","?","R","?","R","BOSS","M","M"],"items_purchased_type":["Relic","Card","Relic","Relic","Relic","Relic","Relic","Relic","Card","Relic","Card","Relic","Relic","Card","Relic","Card","Relic","Card"],"build_version":"2020-12-22","purchased_purges":5,"victory":false,"max_hp_per_floor":[65,65,65,65,70,70,70,70,70,70,70,70,70,70,70,70,70,70,70,70,70,70,70,70,70,70,70,70,70,70,70,70,70,70,70,70,70,70,70,70,70,70,70,70,70,70,70,70,70,70,70,70,70,70,70,70,70,70,70,70,70,70,70,70,70,70,70,70,70,35,37,37,37,37,37,37,37,37,37,37,37,37,37,37,37,37,37,37],"card_choices":[{"not_picked":["Cuckoo","HandsUpC"],"picked":"Echoward","floor":1},{"not_picked":["BiteCommand","HandsUpC"],"picked":"FormalWear","floor":2},{"not_picked":["Chronoelasticity","Backlash"],"picked":"WindUp","floor":5},{"not_picked":["Parity","WakeUpCall"],"picked":"Stagnate","floor":6},{"not_picked":["HandsUpC","Cuckoo"],"picked":"BlueShift","floor":8},{"not_picked":["LockedAnchor","WindUp"],"picked":"BlueShift","floor":10},{"not_picked":["LockedMercury","LockedOrichalcum"],"picked":"WakeUpCall","floor":11},{"not_picked":["LockedAnchor","LockedScales"],"picked":"ReapSow","floor":14},{"not_picked":["LockedFlame","OldTimer"],"picked":"Pendulum","floor":16},{"not_picked":["Backlash+1","ResonantCall+1"],"picked":"ExoVibe","floor":18},{"not_picked":["BiteCommand","ReapSow+1"],"picked":"Tempo","floor":20},{"not_picked":["BiteCommand","BlueShift","ReapSow"],"picked":"SKIP","floor":22},{"not_picked":["LockedMedicine","Tempo"],"picked":"LockedWarPaint+1","floor":24},{"not_picked":["Stagnate","Recurrance"],"picked":"PrimeTime","floor":25},{"not_picked":["Echoward+1","PrimeTime"],"picked":"MasterKey","floor":27},{"not_picked":["TickedOff","LockedWarPaint"],"picked":"LockedScales","floor":29},{"not_picked":["BlueShift","WindUp","Parity"],"picked":"SKIP","floor":31},{"not_picked":["MasterKey","LockedAstrolabe"],"picked":"OracleForm","floor":33},{"not_picked":["Engulf","Echoward"],"picked":"Keepsakes+1","floor":35},{"not_picked":["WindUp+1","BlueShift"],"picked":"Backlash","floor":37},{"not_picked":["Recurrance","BlueShift+1"],"picked":"LockedPlans","floor":39},{"not_picked":["Goo","Facsimile","Parity+1"],"picked":"SKIP","floor":40},{"not_picked":["Tempo+1","SlimeSpray"],"picked":"ExoVibe","floor":42},{"not_picked":["Parity","HandsUpB"],"picked":"LockedWhetstone+1","floor":44},{"not_picked":["OracleForm","RageCommand"],"picked":"Echonomics","floor":50},{"not_picked":["LockedWarPaint","BiteCommand"],"picked":"LockedTornado","floor":52},{"not_picked":["BackFourSeconds","WakeUpCall"],"picked":"LockedBlood","floor":53},{"not_picked":["BiteCommand","Keepsakes"],"picked":"DaylightSavings","floor":54},{"not_picked":["Echoward","LockedAnchor"],"picked":"LockedCalendar","floor":56},{"not_picked":["LockedAnchor","EscortCommand"],"picked":"LockedScales","floor":57},{"not_picked":["Keepsakes","Echoward","Backlash"],"picked":"SKIP","floor":59},{"not_picked":["LockedTornado","WindUp"],"picked":"LockedWhetstone","floor":65},{"not_picked":["infinitespire:FinalStrike","infinitespire:NeuralNetwork"],"picked":"infinitespire:SealOfDarkness+","floor":67},{"not_picked":["LockedUrn","WindUp+1"],"picked":"LockedBlood+1","floor":69},{"not_picked":["LockedTornado","Echoward"],"picked":"Accruing+1","floor":71},{"not_picked":["PrimeTime","HandsUpB"],"picked":"Chronoelasticity","floor":72},{"not_picked":["LockedCalendar","AlternateTimeline","Recurrance"],"picked":"SKIP","floor":74},{"not_picked":["CrunchTime","Recurrance"],"picked":"LockedScales","floor":76},{"not_picked":["OracleForm","Flay"],"picked":"WindUp+1","floor":78},{"not_picked":["PrimeTime+1","Tempo","FormalWear+1"],"picked":"SKIP","floor":86}],"player_experience":829493,"relics_obtained":[{"floor":6,"key":"infinitespire:Joker Card"},{"floor":9,"key":"hubris:MedicalManual"},{"floor":10,"key":"Odd Mushroom"},{"floor":11,"key":"reliquary:ExpiredCoupon"},{"floor":24,"key":"hubris:ToyBattleship"},{"floor":27,"key":"Unceasing Top"},{"floor":40,"key":"Juzu Bracelet"},{"floor":43,"key":"reliquary:Aerogel"},{"floor":44,"key":"Omamori"},{"floor":56,"key":"Circlet"},{"floor":57,"key":"Vajra"},{"floor":59,"key":"reliquary:Knoch"},{"floor":60,"key":"Potion Belt"},{"floor":74,"key":"hubris:Metronome"},{"floor":77,"key":"Smiling Mask"},{"floor":78,"key":"Blood Vial"}],"event_choices":[{"damage_healed":0,"gold_gain":0,"player_choice":"Entered Light","damage_taken":13,"max_hp_gain":0,"max_hp_loss":0,"event_name":"Shining Light","floor":3,"gold_loss":0,"cards_upgraded":["Strike_Br","Strike_Br"]},{"cards_removed":["Strike_Br"],"damage_healed":0,"gold_gain":0,"player_choice":"Card Removal","damage_taken":0,"max_hp_gain":0,"max_hp_loss":0,"event_name":"The Cleric","floor":4,"gold_loss":50},{"damage_healed":0,"gold_gain":0,"player_choice":"Fought Mushrooms","damage_taken":0,"max_hp_gain":0,"max_hp_loss":0,"event_name":"Mushrooms","floor":10,"gold_loss":0},{"damage_healed":0,"gold_gain":0,"player_choice":"Trade","damage_taken":0,"relics_obtained":["NlothsMask"],"max_hp_gain":0,"max_hp_loss":0,"event_name":"FaceTrader","floor":13,"gold_loss":0},{"damage_healed":0,"gold_gain":0,"player_choice":"","damage_taken":6,"max_hp_gain":0,"max_hp_loss":0,"event_name":"Knowing Skull","floor":21,"potions_obtained":[],"gold_loss":0,"cards_obtained":[]},{"damage_healed":0,"gold_gain":0,"player_choice":"Traded Relic","damage_taken":0,"relics_obtained":["Nloth\u0027s Gift"],"max_hp_gain":0,"max_hp_loss":0,"event_name":"N\u0027loth","floor":30,"relics_lost":["hubris:ToyBattleship"],"gold_loss":0},{"cards_removed":["BlueShift"],"damage_healed":5,"gold_gain":0,"player_choice":"Offered Common","damage_taken":0,"max_hp_gain":0,"max_hp_loss":0,"event_name":"Bonfire Elementals","floor":45,"gold_loss":0},{"cards_removed":["BlueShift"],"damage_healed":5,"gold_gain":0,"player_choice":"Offered Special","damage_taken":0,"max_hp_gain":0,"max_hp_loss":0,"event_name":"Bonfire Elementals","floor":45,"gold_loss":0},{"cards_removed":["LockedWhetstone"],"damage_healed":0,"gold_gain":0,"player_choice":"Gave Card","damage_taken":0,"relics_obtained":["hubris:DuctTape"],"max_hp_gain":0,"max_hp_loss":0,"event_name":"WeMeetAgain","floor":48,"gold_loss":0},{"damage_healed":0,"gold_gain":0,"player_choice":"Fought Mushrooms","damage_taken":0,"max_hp_gain":0,"max_hp_loss":0,"event_name":"Mushrooms","floor":56,"gold_loss":0},{"damage_healed":0,"gold_gain":0,"player_choice":"Bought 3 Potions","damage_taken":0,"max_hp_gain":0,"max_hp_loss":0,"event_name":"The Woman in Blue","floor":62,"gold_loss":0},{"damage_healed":0,"gold_gain":0,"player_choice":"Grow","damage_taken":0,"max_hp_gain":0,"max_hp_loss":0,"event_name":"Living Wall","floor":63,"gold_loss":0,"cards_upgraded":["LockedPlans"]},{"damage_healed":0,"gold_gain":75,"player_choice":"Touch","damage_taken":7,"max_hp_gain":0,"max_hp_loss":0,"event_name":"FaceTrader","floor":64,"gold_loss":0},{"damage_healed":0,"gold_gain":0,"player_choice":"Became a Ghost","damage_taken":0,"max_hp_gain":0,"max_hp_loss":35,"event_name":"Ghosts","floor":70,"gold_loss":0,"cards_obtained":["Ghostly","Ghostly","Ghostly","Ghostly","Ghostly"]},{"damage_healed":0,"gold_gain":0,"player_choice":"Upgraded","damage_taken":0,"max_hp_gain":0,"max_hp_loss":0,"event_name":"Upgrade Shrine","floor":80,"gold_loss":0,"cards_upgraded":["LockedWhetstone"]}],"is_beta":false,"boss_relics":[{"not_picked":["reliquary:Ember","hubris:RunicObelisk"],"picked":"Astrolabe"},{"not_picked":["SacredBark","reliquary:RedPaperclip"],"picked":"Snecko Eye"},{"not_picked":["infinitespire:Cupcake","Metronome"],"picked":"theForsaken:PaleLantern"},{"not_picked":["hubris:BlackHole","hubris:HollowSoul"],"picked":"hubris:RunicObelisk"},{"not_picked":["Sozu","hubris:GrandSneckoEye"],"picked":"construct:WeddingRing"}],"items_purged_floors":[38,46,55,73,79],"is_endless":true,"potions_floor_spawned":[5,10,14,18,25,27,31,39,44,50,52,57,67,72,76],"killed_by":"3 Darklings","ascension_level":0}}