{"host":"t1puqh5lxz8sp6fn","time":1612817056,"event":{"mods":["AchievementEnabler","BaseMod","Colored Powertips","Minty Spire (QoL Compilation)","Rare Cards Sparkle","Relic Stats","StSLib"],"gold_per_floor":[119,119,5,105,118,156,156,170,170,193,193,234,199,111,111,202,202,217,236,275,275,224,224,224],"floor_reached":23,"playtime":800,"items_purged":["Regret"],"score":335,"play_id":"b98564e7-ae5e-4033-b0c6-8095794a95fc","local_time":"20210208174416","is_ascension_mode":true,"campfire_choices":[{"data":"Uppercut","floor":7,"key":"SMITH"},{"data":"Whirlwind","floor":11,"key":"SMITH"},{"data":"Sadistic Nature","floor":15,"key":"SMITH"}],"circlet_count":0,"master_deck":["AscendersBane","Strike_R","Strike_R","Strike_R","Strike_R","Strike_R","Defend_R","Defend_R","Defend_R","Defend_R","Bash","Sadistic Nature+1","Uppercut+1","Whirlwind+1","Carnage","Twin Strike","Flex","Iron Wave","Thunderclap","Bandage Up+1","Impervious+1","Inflame","Intimidate+1","True Grit+1"],"relics":["Black Blood","Bloody Idol","Paper Frog","Toxic Egg 2","Red Mask"],"acts_visited":["Exordium","TheCity"],"potions_floor_usage":[6,12,16],"damage_taken":[{"damage":12.0,"enemies":"2 Louse","floor":1.0,"turns":2.0},{"damage":4.0,"enemies":"Small Slimes","floor":5.0,"turns":3.0},{"damage":25,"enemies":"Lagavulin","floor":6,"turns":7},{"damage":1,"enemies":"Cultist","floor":8,"turns":3},{"damage":9,"enemies":"Looter","floor":10,"turns":3},{"damage":20,"enemies":"3 Sentries","floor":12,"turns":5},{"damage":9,"enemies":"Slime Boss","floor":16,"turns":8},{"damage":8,"enemies":"3 Byrds","floor":18,"turns":4},{"damage":30,"enemies":"Spheric Guardian","floor":19,"turns":4},{"damage":34,"enemies":"Masked Bandits","floor":20,"turns":4},{"damage":47,"enemies":"Book of Stabbing","floor":23,"turns":5}],"seed_played":"-4538702858287451429","potions_obtained":[{"floor":5.0,"key":"Regen Potion"},{"floor":8,"key":"SteroidPotion"},{"floor":10,"key":"DistilledChaos"},{"floor":20,"key":"BlessingOfTheForge"}],"is_trial":false,"path_per_floor":["M","?","$","?","M","E","R","M","T","M","R","E","?","$","R","B",null,"M","M","?","?","$","E"],"character_chosen":"IRONCLAD","items_purchased":["Whirlwind","Bandage Up+1","True Grit+1"],"campfire_rested":0,"item_purchase_floors":[3,14,22],"current_hp_per_floor":[62,44,44,44,46,42,42,47,47,44,44,30,48,48,48,51,69,75,57,41,41,41,0,0],"gold":224,"neow_bonus":"RANDOM_COLORLESS_2","is_daily":false,"chose_seed":false,"campfire_upgraded":3,"win_rate":0.0,"timestamp":1612817056,"path_taken":["M","?","$","?","M","E","R","M","T","?","R","E","?","?","R","BOSS","M","?","?","?","$","E"],"items_purchased_type":["Card","Card","Card"],"build_version":"2020-12-13","purchased_purges":1,"victory":false,"max_hp_per_floor":[75,75,75,75,75,75,75,75,75,75,75,75,75,75,75,75,75,75,75,75,75,75,75,75],"relic_stats":{"counters":[11,48],"Bloody Idol":0,"Black Blood":74,"obtain_stats":[{"Golden Idol":2,"Bloody Idol":21,"Black Blood":17,"Red Mask":20,"Toxic Egg 2":12,"Burning Blood":0,"Paper Frog":6},{"Golden Idol":1,"Bloody Idol":10,"Black Blood":7,"Red Mask":10,"Toxic Egg 2":6,"Burning Blood":0,"Paper Frog":3},{"Golden Idol":2,"Bloody Idol":43,"Black Blood":31,"Red Mask":43,"Toxic Egg 2":23,"Burning Blood":0,"Paper Frog":12}]},"card_choices":[{"not_picked":["Magnetism","Mayhem"],"picked":"Sadistic Nature","floor":0.0},{"not_picked":["Feel No Pain","Wild Strike"],"picked":"Uppercut","floor":1.0},{"not_picked":["Body Slam","Cleave"],"picked":"Carnage","floor":5.0},{"not_picked":["Iron Wave","Warcry"],"picked":"Twin Strike","floor":6},{"not_picked":["Warcry","Rampage"],"picked":"Flex","floor":8},{"not_picked":["Havoc","Sword Boomerang"],"picked":"Iron Wave","floor":10},{"not_picked":["Sword Boomerang","Power Through+1"],"picked":"Thunderclap","floor":12},{"not_picked":["Limit Break+1","Brutality"],"picked":"Impervious+1","floor":16},{"not_picked":["Heavy Blade","Armaments+1"],"picked":"Inflame","floor":18},{"not_picked":["Body Slam","Twin Strike"],"picked":"Intimidate+1","floor":19}],"player_experience":491569,"relics_obtained":[{"floor":6,"key":"Paper Frog"},{"floor":12,"key":"Toxic Egg 2"},{"floor":20,"key":"Red Mask"}],"event_choices":[{"damage_healed":0.0,"max_hp_gain":0.0,"max_hp_loss":0.0,"gold_gain":0.0,"event_name":"Golden Idol","player_choice":"Take Damage","floor":2.0,"gold_loss":0.0,"damage_taken":18.0,"relics_obtained":["Golden Idol"]},{"damage_healed":0.0,"max_hp_gain":0.0,"max_hp_loss":0.0,"gold_gain":100.0,"event_name":"Golden Shrine","player_choice":"Pray","floor":4.0,"gold_loss":0.0,"damage_taken":0.0},{"damage_healed":18,"gold_gain":0,"player_choice":"Healed","damage_taken":0,"max_hp_gain":0,"max_hp_loss":0,"event_name":"The Cleric","floor":13,"gold_loss":35},{"damage_healed":0,"gold_gain":0,"player_choice":"Fought Bandits","damage_taken":0,"max_hp_gain":0,"max_hp_loss":0,"event_name":"Masked Bandits","floor":20,"gold_loss":0},{"damage_healed":0,"gold_gain":0,"player_choice":"Gave Idol","damage_taken":0,"relics_obtained":["Bloody Idol"],"max_hp_gain":0,"max_hp_loss":0,"event_name":"Forgotten Altar","floor":21,"relics_lost":["Golden Idol"],"gold_loss":0}],"is_beta":false,"boss_relics":[{"not_picked":["Coffee Dripper","SacredBark"],"picked":"Black Blood"}],"items_purged_floors":[3],"is_endless":false,"potions_floor_spawned":[5,8,10,20],"killed_by":"Book of Stabbing","ascension_level":14}}