{"host":"gfruu7rghep1f5jz","time":1612786082,"event":{"mods":["BaseMod","Downfall","Googly Eyes","Hermit","Marisa????????","Minty Spire (QoL Compilation)","Replay The Spire","StSLib","The Animator","The Cursed"],"gold_per_floor":[99,116,127,143,21,21,21,21,21,51,51,36,67,79,96,198,198,98,114,114,114,129,114,126,126,126,8,20,35,55,81,81,96,111,206,206,206,217,217,217,230,243,256,256,256,286,52,62,62,62,74,108,122,122],"floor_reached":55,"language":"ENG","playtime":4961,"items_purged":[],"score":815,"play_id":"8688d404-7bc0-46f6-97ab-697037ce52d5","local_time":"20210208040802","is_ascension_mode":false,"campfire_choices":[{"floor":1,"key":"RECALL"},{"data":"Slimebound:Split","floor":9,"key":"SMITH"},{"floor":11,"key":"REST"},{"data":"Slimebound:Tackle","floor":18,"key":"SMITH"},{"data":"Slimebound:RejuvenatingLick","floor":32,"key":"SMITH"},{"data":"Slimebound:CorrosiveSpit","floor":37,"key":"SMITH"},{"floor":50,"key":"REST"}],"circlet_count":0,"master_deck":["Slimebound:Strike_Slimebound","Slimebound:Strike_Slimebound","Slimebound:Tackle+1","Slimebound:Defend_Slimebound","Slimebound:Defend_Slimebound","Slimebound:Defend_Slimebound","Slimebound:Defend_Slimebound","Slimebound:Split+1","Slimebound:CorrosiveSpit+1","Slimebound:ItLooksTasty","Slimebound:ItLooksTasty+1","Slimebound:RejuvenatingLick+1","Slimebound:LivingWall","Slimebound:LeechingTouch","Slimebound:SamplingLick","Slimebound:LeechEnergy","Slimebound:SpikyOuterGoop","Slimebound:GoopSpray","Slimebound:Schlurp","Slimebound:FinishingTackle","Slimebound:SlimeSlap","Slimebound:Equalize","Slimebound:AcidTongue","Slimebound:Equalize","Slimebound:HauntingLick+1","Slimebound:LeechLife","Slimebound:Schlurp+1","Slimebound:ItLooksTasty+1","Slimebound:HauntingLick","Slimebound:Gluttony+1","Slimebound:Schlurp+1","Slimebound:LeechLife","Slimebound:Schlurp+1","Slimebound:RainOfGoop+1","Slimebound:Schlurp","Slimebound:SamplingLick","Slimebound:ViciousTackle+1","Specialist+1","ReplayTheSpireMod:Necrogeddon+1","Slimebound:Nibble+1","Slimebound:FinishingTackle+1","Slimebound:LivingWall+1"],"relics":["Slimebound:AbsorbEndCombat","Letter Opener","Lantern","Toy Ornithopter","Replay:Bronze Core","downfall:HeartBlessingGreen","Bottled Lightning","Gremlin Food","Replay:Grab Bag","Slimebound:TarBlob","Busted Crown","Runic Pyramid","Molten Egg 2","Pet Ghost","Replay:Rubber Ducky","Replay:Baseball"],"acts_visited":["Exordium","TheCity","TheBeyond"],"potions_floor_usage":[16,16,23,24,31,35,35,42,48,52,54,54],"damage_taken":[{"damage":0,"enemies":"Cultist","floor":2,"turns":4},{"damage":6,"enemies":"Small Slimes","floor":3,"turns":4},{"damage":6,"enemies":"2 Louse","floor":4,"turns":3},{"damage":5,"enemies":"downfall:FleeingMerchant","floor":5,"turns":4},{"damage":17,"enemies":"3 Sentries","floor":10,"turns":7},{"damage":6,"enemies":"downfall:FleeingMerchant","floor":12,"turns":4},{"damage":11,"enemies":"Gremlin Nob","floor":13,"turns":4},{"damage":1,"enemies":"Gremlin Gang","floor":14,"turns":5},{"damage":0,"enemies":"Red Slaver","floor":15,"turns":2},{"damage":44,"enemies":"WA_ARCHETYPE_RETAIN","floor":16,"turns":9},{"damage":21,"enemies":"Chosen","floor":19,"turns":5},{"damage":9,"enemies":"Snecko","floor":22,"turns":4},{"damage":15,"enemies":"downfall:FleeingMerchant","floor":23,"turns":5},{"damage":8,"enemies":"Centurion and Healer","floor":24,"turns":6},{"damage":12,"enemies":"downfall:FleeingMerchant","floor":27,"turns":5},{"damage":18,"enemies":"3 Cultists","floor":28,"turns":5},{"damage":18,"enemies":"Snake Plant","floor":29,"turns":3},{"damage":4,"enemies":"Centurion and Healer","floor":30,"turns":5},{"damage":0,"enemies":"Replay:Snechameleon","floor":31,"turns":3},{"damage":0,"enemies":"Cultist and Chosen","floor":33,"turns":4},{"damage":3,"enemies":"3 Cultists","floor":34,"turns":3},{"damage":36,"enemies":"SI_MIRROR_ARCHETYPE","floor":35,"turns":9},{"damage":15,"enemies":"Orb Walker","floor":38,"turns":2},{"damage":2,"enemies":"3 Shapes","floor":41,"turns":3},{"damage":16,"enemies":"Transient","floor":42,"turns":5},{"damage":0,"enemies":"3 Darklings","floor":43,"turns":3},{"damage":78,"enemies":"Reptomancer","floor":46,"turns":6},{"damage":0,"enemies":"downfall:FleeingMerchant","floor":47,"turns":2},{"damage":0,"enemies":"Writhing Mass","floor":48,"turns":4},{"damage":12,"enemies":"Sphere and 2 Shapes","floor":51,"turns":3},{"damage":0,"enemies":"Nemesis","floor":52,"turns":3},{"damage":0,"enemies":"Maw","floor":53,"turns":5},{"damage":25,"enemies":"IC_BLOCK_ARCHETYPE","floor":54,"turns":10}],"seed_played":"3665698791822260477","potions_obtained":[{"floor":10,"key":"LiquidMemories"},{"floor":13,"key":"LiquidBronze"},{"floor":15,"key":"Regen Potion"},{"floor":19,"key":"bronze:BurnAndBuffPotion"},{"floor":28,"key":"ColorlessPotion"},{"floor":31,"key":"DistilledChaos"},{"floor":41,"key":"DuplicationPotion"},{"floor":43,"key":"SpeedPotion"},{"floor":48,"key":"BlessingOfTheForge"},{"floor":51,"key":"SneckoOil"}],"is_trial":false,"path_per_floor":["R","M","M","M","$","?","T","?","R","E","R","$","E","M","M","B",null,"R","M","PTL","PTL","M","$","M","?","T","$","M","M","M","E","R","M","M","B",null,"R","M","PTL","PTL","M","M","M","?","T","E","$","M","$","R","M","E","M","B",null],"character_chosen":"SLIMEBOUND","items_purchased":["Slimebound:LeechingTouch","Slimebound:SamplingLick","PowerPotion","Strength Potion","Slimebound:ViciousTackle+1","Replay:Rubber Ducky","Specialist","ReplayTheSpireMod:Necrogeddon+1","Slimebound:Nibble+1"],"campfire_rested":2,"item_purchase_floors":[5,5,27,27,47,47,47,47,47],"current_hp_per_floor":[71,71,67,63,64,64,64,64,64,55,71,71,64,69,71,38,71,71,52,52,52,59,53,71,61,61,63,57,57,69,71,71,71,70,56,71,71,68,68,68,71,63,71,71,71,15,25,50,50,71,69,71,71,70],"gold":122,"neow_bonus":"TEN_PERCENT_HP_BONUS","is_daily":false,"chose_seed":false,"campfire_upgraded":4,"win_rate":0.0,"timestamp":1612786082,"path_taken":["R","M","M","M","?","?","T","?","R","E","R","$","E","?","M","BOSS","R","M","PTL","PTL","?","?","M","?","T","$","M","M","M","E","R","M","M","BOSS","R","M","PTL","PTL","M","M","?","?","T","E","$","M","$","R","?","E","M","BOSS"],"items_purchased_type":["Card","Card","Potion","Potion","Card","Relic","Card","Card","Card"],"build_version":"2020-12-22","purchased_purges":0,"victory":true,"max_hp_per_floor":[71,71,71,71,71,71,71,71,71,71,71,71,71,71,71,71,71,71,71,71,71,71,71,71,71,71,71,71,71,71,71,71,71,71,71,71,71,71,71,71,71,71,71,71,71,71,71,71,71,71,71,71,71,71],"card_choices":[{"not_picked":["Slimebound:HauntingLick","Slimebound:GoopTackle"],"picked":"Slimebound:ItLooksTasty","floor":2},{"not_picked":["Slimebound:LivingWall","Slimebound:SlimeSpikes"],"picked":"Slimebound:ItLooksTasty","floor":3},{"not_picked":["Slimebound:Replication","Slimebound:SplitMire"],"picked":"Slimebound:RejuvenatingLick","floor":4},{"not_picked":["Slimebound:SlimeBrawl","Slimebound:SplitAcid"],"picked":"Slimebound:LivingWall","floor":5},{"not_picked":["Slimebound:LivingWall","Slimebound:SamplingLick"],"picked":"Slimebound:LeechEnergy","floor":10},{"not_picked":["Slimebound:Nibble","Slimebound:RallyTheTroops"],"picked":"Slimebound:SpikyOuterGoop","floor":12},{"not_picked":["Slimebound:SplitAcid","Slimebound:HauntingLick"],"picked":"Slimebound:GoopSpray","floor":13},{"not_picked":["Slimebound:FinishingTackle","Slimebound:Repurpose"],"picked":"Slimebound:Schlurp","floor":14},{"not_picked":["Slimebound:GoopTackle","Slimebound:Repurpose"],"picked":"Slimebound:FinishingTackle","floor":15},{"not_picked":["Slimebound:WasteNot","Slimebound:FirmFortitude"],"picked":"Slimebound:SlimeSlap","floor":16},{"not_picked":["Slimebound:LeechEnergy","Slimebound:RollThrough"],"picked":"Slimebound:Equalize","floor":19},{"not_picked":["Slimebound:SplitAcid+1","Slimebound:HauntingLick"],"picked":"Slimebound:AcidTongue","floor":22},{"not_picked":["Slimebound:SplitMire","Slimebound:LevelUp"],"picked":"Slimebound:Equalize","floor":23},{"not_picked":["Slimebound:SamplingLick","Slimebound:SlimeBarrage"],"picked":"Slimebound:HauntingLick+1","floor":24},{"not_picked":["Slimebound:SplitBruiser","Slimebound:SlimeSpikes","Slimebound:GoopTackle"],"picked":"SKIP","floor":27},{"not_picked":["Slimebound:GoopTackle","Slimebound:Schlurp"],"picked":"Slimebound:LeechLife","floor":28},{"not_picked":["Slimebound:ComboTackle","Slimebound:Prepare"],"picked":"Slimebound:Schlurp+1","floor":29},{"not_picked":["Slimebound:SlimeSpikes","Slimebound:Schlurp"],"picked":"Slimebound:ItLooksTasty+1","floor":30},{"not_picked":["Slimebound:ItLooksTasty","Slimebound:SplitBruiser"],"picked":"Slimebound:HauntingLick","floor":31},{"not_picked":["Slimebound:SlimeSpikes","Slimebound:Nibble"],"picked":"Slimebound:Gluttony+1","floor":33},{"not_picked":["Slimebound:GoopTackle","Slimebound:PrepareCrush"],"picked":"Slimebound:Schlurp+1","floor":34},{"not_picked":["Slimebound:MassFeed","Slimebound:FirmFortitude"],"picked":"Slimebound:LeechLife","floor":35},{"not_picked":["Slimebound:RollThrough+1"],"picked":"SKIP","floor":38},{"not_picked":[],"picked":"Slimebound:Schlurp+1","floor":41},{"not_picked":["Slimebound:ProtectTheBoss+1"],"picked":"SKIP","floor":42},{"not_picked":[],"picked":"Slimebound:RainOfGoop+1","floor":43},{"not_picked":[],"picked":"Slimebound:Schlurp","floor":46},{"not_picked":[],"picked":"Slimebound:SamplingLick","floor":47},{"not_picked":[],"picked":"Slimebound:FinishingTackle+1","floor":48},{"not_picked":[],"picked":"Slimebound:LivingWall+1","floor":51},{"not_picked":["Slimebound:SlimeBrawl"],"picked":"SKIP","floor":52},{"not_picked":["Slimebound:Teamwork"],"picked":"SKIP","floor":53}],"player_experience":199117,"relics_obtained":[{"floor":7,"key":"Letter Opener"},{"floor":10,"key":"Lantern"},{"floor":13,"key":"Toy Ornithopter"},{"floor":26,"key":"Bottled Lightning"},{"floor":31,"key":"Gremlin Food"},{"floor":45,"key":"Molten Egg 2"},{"floor":46,"key":"Pet Ghost"},{"floor":52,"key":"Replay:Baseball"}],"event_choices":[{"damage_healed":0,"gold_gain":0,"player_choice":"Ignored","damage_taken":0,"max_hp_gain":0,"max_hp_loss":0,"event_name":"NoteForYourself","floor":44,"gold_loss":0}],"is_beta":false,"boss_relics":[{"not_picked":["ReplayTheSpireMod:DimensionalGlitch","Kintsugi"],"picked":"Replay:Bronze Core"},{"not_picked":["Pandora\u0027s Box","Black Star"],"picked":"Replay:Grab Bag"},{"not_picked":["Painkiller Herb","Cursed Key"],"picked":"Slimebound:TarBlob"},{"not_picked":["Replay:Wanted Poster","Runic Dome"],"picked":"Busted Crown"},{"not_picked":["Slimebound:AbsorbEndCombatUpgraded","Empty Cage"],"picked":"Runic Pyramid"}],"items_purged_floors":[],"is_endless":false,"potions_floor_spawned":[10,13,15,19,28,30,31,33,41,43,48,51],"ascension_level":0}}