{"host":"j019w4cyowrad0mf","time":1612751940,"event":{"mods":["2.2 Compatiblity","Act Like it!","Arknights","BaseMod","CapriCore","Gensokyo","HololiveMod","Marisa????????","Minty Spire (QoL Compilation)","Rare Cards Sparkle","Reimu??????","StSLib","Waifu the Spire"],"gold_per_floor":[110,130,130,26,42,74,74,105,128,58,58,77,91,103,103,206,206,216,57,57,57,57,88,88,105,132,132,132,132],"floor_reached":28,"language":"ENG","playtime":2594,"items_purged":[],"score":246,"play_id":"7549c3bb-8fe7-4984-ab89-4e42f57358b7","local_time":"20210207183900","is_ascension_mode":false,"campfire_choices":[{"data":"ats:Beaten Up","floor":11,"key":"SMITH"},{"floor":15,"key":"REST"},{"data":"Gensokyo:EightFeetTall","floor":24,"key":"SMITH"}],"circlet_count":0,"master_deck":["ats:Strike C","ats:Strike G+1","ats:Strike S+1","ats:Armor Crushing Shot+1","ats:Emotion Absorption","ats:Beaten Up+1","ats:Assault Order","ats:Shell Defense+1","ats:Defend Order","ats:Apocalypse","ats:Blood Oath","ats:Hook Shot","Clumsy","ats:Literary Storm","ats:Burning Ground","ats:Ignite","ats:Ignite","ats:Shadow Assault","ats:Healing Drone+1","ats:Nebulous Foxfire+1","ats:Soul Rend+1","ats:Hook Shot","Writhe","Gensokyo:EightFeetTall+1","ats:Flame Of Heaven","ats:Hook Shot+1","ats:Absolute Focus+1"],"relics":["ats:Sanity","ats:Originium","Anchor","Gensokyo:NagashiBinaDoll","ats:Ability Aura","Whetstone","Astrolabe","TentaclePot:ReiMu","Regal Pillow","Happy Flower","Gensokyo:SongOfSouls"],"acts_visited":["Exordium","Gensokyo:Gensokyo"],"potions_floor_usage":[18,23],"damage_taken":[{"damage":4,"enemies":"Gensokyo:Gryphon","floor":1,"turns":4},{"damage":1,"enemies":"Gensokyo:2_Kodama","floor":2,"turns":4},{"damage":9,"enemies":"Gensokyo:3_Fairies","floor":5,"turns":6},{"damage":38,"enemies":"Gensokyo:Cirno","floor":6,"turns":8},{"damage":34,"enemies":"Gensokyo:Aya","floor":8,"turns":10},{"damage":4,"enemies":"Gensokyo:CorruptedTreant","floor":12,"turns":6},{"damage":0,"enemies":"Gensokyo:VengefulSpirit","floor":13,"turns":5},{"damage":14,"enemies":"Gensokyo:3_Kodama","floor":14,"turns":5},{"damage":51,"enemies":"Gensokyo:Yukari","floor":16,"turns":13},{"damage":27,"enemies":"Gensokyo:Chomper","floor":18,"turns":5},{"damage":36,"enemies":"Gensokyo:Koishi","floor":23,"turns":5},{"damage":33,"enemies":"Gensokyo:2_Gloops","floor":25,"turns":6},{"damage":31,"enemies":"Gensokyo:Tenshi","floor":28,"turns":3}],"seed_played":"1976897367121920742","potions_obtained":[{"floor":8,"key":"SneckoOil"},{"floor":12,"key":"EssenceOfSteel"},{"floor":13,"key":"ats:Emergency Sanity Potion"},{"floor":14,"key":"SteroidPotion"},{"floor":18,"key":"Swift Potion"}],"is_trial":false,"path_per_floor":["M","M","?","$","M","E","?","E","T","$","R","M","M","M","R","B",null,"M","COS","?","?","?","E","R","M","T","?","E"],"character_chosen":"DOCTOR_CLASS","items_purchased":["ats:Defend Order","ats:Apocalypse","ats:Burning Ground"],"campfire_rested":1,"item_purchase_floors":[4,4,10],"current_hp_per_floor":[68,67,67,67,62,43,43,35,35,35,35,51,58,51,72,52,72,53,53,53,53,53,34,34,15,15,15,0,0],"gold":132,"neow_bonus":"UPGRADE_CARD","is_daily":false,"chose_seed":false,"campfire_upgraded":2,"win_rate":0.0,"timestamp":1612751940,"path_taken":["M","M","?","$","M","E","?","E","T","$","R","M","M","M","R","BOSS","M","COS","?","?","?","E","R","M","T","?","E"],"items_purchased_type":["Card","Card","Card"],"build_version":"2020-12-22","purchased_purges":0,"victory":false,"max_hp_per_floor":[72,72,72,72,72,72,72,72,72,72,72,72,72,72,72,72,72,72,72,72,65,65,65,65,65,65,65,65,65],"card_choices":[{"not_picked":["ats:Apocalypse","ats:Poison Spread"],"picked":"ats:Beaten Up","floor":1},{"not_picked":["ats:Powerful Strike","ats:Guard Mode"],"picked":"ats:Assault Order","floor":2},{"not_picked":["ats:Explosion Area Strengthen","ats:Assault Order"],"picked":"ats:Blood Oath","floor":5},{"not_picked":["ats:Hammer On","ats:Echo Reverb"],"picked":"ats:Hook Shot","floor":6},{"not_picked":["ats:Shell Defense","ats:Closed Bolt Burst Fire"],"picked":"ats:Literary Storm","floor":8},{"not_picked":["ats:Poison Spread","ats:Automatic Cover"],"picked":"ats:Ignite","floor":12},{"not_picked":["ats:Automatic Cover","ats:Apocalypse","ats:Directed Diagnosis"],"picked":"SKIP","floor":13},{"not_picked":["ats:Part Time Job","ats:Revitalization"],"picked":"ats:Ignite","floor":14},{"not_picked":["ats:Echo Reverb","ats:Roar Of Ursus"],"picked":"ats:Shadow Assault","floor":16},{"not_picked":["ats:Powerful Strike","ats:Apocalypse"],"picked":"ats:Hook Shot","floor":18},{"not_picked":["Gensokyo:SlitMouthedWoman","Gensokyo:RedCapeBlueCape"],"picked":"Gensokyo:EightFeetTall","floor":21},{"not_picked":["ats:Explosion Area Strengthen","ats:Powerful Strike"],"picked":"ats:Hook Shot+1","floor":23},{"not_picked":["ats:Blood Oath","ats:Leaping Hammer+1"],"picked":"ats:Absolute Focus+1","floor":25}],"player_experience":336385,"relics_obtained":[{"floor":6,"key":"ats:Originium"},{"floor":6,"key":"Anchor"},{"floor":8,"key":"ats:Originium"},{"floor":8,"key":"ats:Ability Aura"},{"floor":9,"key":"Whetstone"},{"floor":23,"key":"ats:Originium"},{"floor":23,"key":"Regal Pillow"},{"floor":26,"key":"Happy Flower"}],"event_choices":[],"is_beta":false,"boss_relics":[{"not_picked":["Hololive_Finger","Empty Cage"],"picked":"Astrolabe"}],"items_purged_floors":[],"is_endless":false,"potions_floor_spawned":[8,12,13,14,18],"killed_by":"Gensokyo:Tenshi","ascension_level":0}}