{"host":"y1oqg7uy0jc6f5mb","time":1612794663,"event":{"mods":["AchievementEnabler","BaseMod","Better Altar","Better Match","Better Note","Better Sensory Stone","Better Skull","Better Third Choice","BetterRewards","Colored Map","Colored Powertips","Displayed Cursed Tome","Downfall","Highlight Path","Minty Spire (QoL Compilation)","Permanent Neow","Quick Restart","Relic Stats","Replay The Spire","Shop Mod","Smile Girya","StSLib"],"gold_per_floor":[99,113,131,5,19,44,105,17,29,70,82,112,152,181,213,225,225,225],"floor_reached":16,"language":"ENG","playtime":1192,"items_purged":["Slimebound:Strike_Slimebound"],"score":147,"play_id":"75585840-ff87-4047-923d-f5de8b4bb4d0","local_time":"20210208223103","is_ascension_mode":false,"campfire_choices":[{"floor":1.0,"key":"RECALL"},{"data":"Slimebound:CorrosiveSpit","floor":8.0,"key":"SMITH"},{"data":"Slimebound:Split","floor":11.0,"key":"SMITH"}],"circlet_count":0,"master_deck":["Slimebound:Strike_Slimebound","Slimebound:Strike_Slimebound","Slimebound:Tackle","Slimebound:Defend_Slimebound","Slimebound:Defend_Slimebound","Slimebound:Defend_Slimebound","Slimebound:Defend_Slimebound","Slimebound:Split+1","Slimebound:CorrosiveSpit+1","Slimebound:Schlurp","Slimebound:RainOfGoop","Slimebound:Prepare","Slimebound:SplitAcid+1","Slimebound:LeechingTouch","Slimebound:Repurpose","Slimebound:RollThrough","Slimebound:FlameTackle","Slimebound:HungryTackle","Slimebound:BestDefense","Slimebound:SlimeSlap"],"relics":["Slimebound:AbsorbEndCombat","MawBank","Juzu Bracelet","downfall:HeartBlessingRed","Mango","Mercury Hourglass"],"acts_visited":["Exordium"],"potions_floor_usage":[16],"damage_taken":[{"damage":1.0,"enemies":"Cultist","floor":2.0,"turns":4.0},{"damage":8.0,"enemies":"Jaw Worm","floor":3.0,"turns":3.0},{"damage":0.0,"enemies":"downfall:FleeingMerchant","floor":4.0,"turns":4.0},{"damage":0.0,"enemies":"2 Louse","floor":5.0,"turns":2.0},{"damage":3.0,"enemies":"3 Sentries","floor":6.0,"turns":7.0},{"damage":17.0,"enemies":"Gremlin Nob","floor":10.0,"turns":4.0},{"damage":2.0,"enemies":"Blue Slaver","floor":12.0,"turns":3.0},{"damage":13.0,"enemies":"3 Sentries","floor":13.0,"turns":5.0},{"damage":0.0,"enemies":"3 Louse","floor":14.0,"turns":1.0},{"damage":24.0,"enemies":"Gremlin Gang","floor":15.0,"turns":2.0},{"damage":63,"enemies":"WA_ARCHETYPE_RETAIN","floor":16,"turns":6}],"seed_played":"5759151684289358796","potions_obtained":[{"floor":2.0,"key":"Weak Potion"},{"floor":5.0,"key":"Strength Potion"},{"floor":12.0,"key":"GamblersBrew"},{"floor":13.0,"key":"Swift Potion"}],"is_trial":false,"path_per_floor":["R","M","M","$","M","E","T","R","?","E","R","M","E","M","M","B"],"character_chosen":"SLIMEBOUND","items_purchased":["Slimebound:SplitAcid+1"],"campfire_rested":0,"item_purchase_floors":[4],"current_hp_per_floor":[59,64,60,64,66,71,71,71,71,74,74,76,69,69,47,0,0,0],"gold":225,"neow_bonus":"TWENTY_PERCENT_HP_BONUS","is_daily":false,"chose_seed":false,"campfire_upgraded":2,"win_rate":0.0,"timestamp":1612794663,"path_taken":["R","M","M","$","?","E","T","R","?","E","R","M","E","M","M","BOSS"],"items_purchased_type":["Card"],"build_version":"2020-12-22","purchased_purges":1,"victory":false,"max_hp_per_floor":[77,77,77,77,77,77,77,77,77,91,91,91,91,91,91,91,91,91],"relic_stats":{"counters":[11,38],"Juzu Bracelet":1,"MawBank":120,"obtain_stats":[{"downfall:HeartBlessingRed":8,"Mango":10,"Slimebound:AbsorbEndCombat":0,"Juzu Bracelet":7,"MawBank":6,"Mercury Hourglass":13},{"downfall:HeartBlessingRed":5,"Mango":6,"Slimebound:AbsorbEndCombat":0,"Juzu Bracelet":5,"MawBank":5,"Mercury Hourglass":8},{"downfall:HeartBlessingRed":19,"Mango":22,"Slimebound:AbsorbEndCombat":0,"Juzu Bracelet":19,"MawBank":19,"Mercury Hourglass":29}],"Mercury Hourglass":[37]},"card_choices":[{"not_picked":["Slimebound:FormOfPuddle","Slimebound:SplitSpecialist"],"picked":"Slimebound:Schlurp","floor":2.0},{"not_picked":["Slimebound:LivingWall","Slimebound:SplitBruiser"],"picked":"Slimebound:RainOfGoop","floor":3.0},{"not_picked":["Slimebound:SamplingLick","Slimebound:PressTheAttack"],"picked":"Slimebound:Prepare","floor":4.0},{"not_picked":["Slimebound:FlameTackle","Slimebound:GoopTackle"],"picked":"Slimebound:LeechingTouch","floor":5.0},{"not_picked":["Slimebound:SplitAcid","Slimebound:BestDefense"],"picked":"Slimebound:Repurpose","floor":6.0},{"not_picked":["Slimebound:ServeAndProtect","Slimebound:LeechEnergy"],"picked":"Slimebound:RollThrough","floor":10.0},{"not_picked":["Slimebound:SlimeBrawl","Slimebound:MegaLick"],"picked":"Slimebound:FlameTackle","floor":12.0},{"not_picked":["Slimebound:SplitMire","Slimebound:SplitSpecialist"],"picked":"Slimebound:HungryTackle","floor":13.0},{"not_picked":["Slimebound:SamplingLick","Slimebound:ItLooksTasty"],"picked":"Slimebound:BestDefense","floor":14.0},{"not_picked":["Slimebound:GoopSpray","Slimebound:ServeAndProtect"],"picked":"Slimebound:SlimeSlap","floor":15.0}],"player_experience":413597,"relics_obtained":[{"floor":6.0,"key":"MawBank"},{"floor":7.0,"key":"Juzu Bracelet"},{"floor":10.0,"key":"Mango"},{"floor":13.0,"key":"Mercury Hourglass"}],"event_choices":[],"is_beta":false,"boss_relics":[],"items_purged_floors":[4],"is_endless":false,"potions_floor_spawned":[2,5,12,13,15],"killed_by":"WA_ARCHETYPE_RETAIN","ascension_level":0}}