{"host":"c0rqchpxu0yjpthq","time":1612764960,"event":{"mods":["BaseMod","Challenge The Spire","HololiveMod","Minty Spire (QoL Compilation)","Relic Stats","Spicy Shops","StSLib"],"gold_per_floor":[115,190,205,218,236,270,288,320,320,320,320],"floor_reached":10,"language":"ZHS","playtime":491,"items_purged":[],"score":84,"play_id":"cc98a25c-4d5f-453d-bbd4-94077e3c2ac0","local_time":"20210208141600","is_ascension_mode":true,"campfire_choices":[],"circlet_count":0,"master_deck":["Strike_G","Strike_G","Strike_G","Strike_G","Strike_G","Defend_G","Defend_G","Defend_G","Defend_G","Defend_G","Survivor","Neutralize","Underhanded Strike","Calculated Gamble","Infinite Blades","Eviscerate","Prepared"],"relics":["Ring of the Snake","Potion Belt","Dream Catcher","Letter Opener"],"acts_visited":["Exordium"],"potions_floor_usage":[10],"damage_taken":[{"damage":1.0,"enemies":"2 Louse","floor":1.0,"turns":3.0},{"damage":0.0,"enemies":"Small Slimes","floor":3.0,"turns":3.0},{"damage":3.0,"enemies":"Jaw Worm","floor":4.0,"turns":4.0},{"damage":0.0,"enemies":"3 Louse","floor":5.0,"turns":4.0},{"damage":13.0,"enemies":"3 Sentries","floor":6.0,"turns":7.0},{"damage":5.0,"enemies":"Large Slime","floor":7.0,"turns":6.0},{"damage":16.0,"enemies":"Gremlin Nob","floor":8.0,"turns":4.0},{"damage":13,"enemies":"Lagavulin","floor":10,"turns":6}],"seed_played":"-1344817168198226466","potions_obtained":[{"floor":1.0,"key":"Strength Potion"},{"floor":4.0,"key":"AttackPotion"},{"floor":7.0,"key":"GhostInAJar"}],"is_trial":false,"path_per_floor":["M","?","M","M","M","E","M","E","T","E"],"character_chosen":"THE_SILENT","items_purchased":[],"campfire_rested":0,"item_purchase_floors":[],"current_hp_per_floor":[62,51,51,48,48,35,30,14,14,1,1],"gold":320,"neow_bonus":"TWENTY_PERCENT_HP_BONUS","is_daily":false,"chose_seed":false,"campfire_upgraded":0,"win_rate":0.0,"timestamp":1612764960,"path_taken":["M","?","M","M","M","E","M","E","T","E"],"items_purchased_type":[],"build_version":"2020-12-22","purchased_purges":0,"victory":false,"max_hp_per_floor":[84,84,84,84,84,84,84,84,84,84,84],"relic_stats":{"Dream Catcher":0,"counters":[8,37],"Letter Opener":[0],"obtain_stats":[{"Potion Belt":6,"Dream Catcher":8,"Letter Opener":9,"Ring of the Snake":0},{"Potion Belt":5,"Dream Catcher":7,"Letter Opener":7,"Ring of the Snake":0},{"Potion Belt":21,"Dream Catcher":31,"Letter Opener":31,"Ring of the Snake":0}],"Ring of the Snake":[16]},"card_choices":[{"not_picked":["Riddle With Holes","Crippling Poison","Slice"],"picked":"SKIP","floor":1.0},{"not_picked":["Deflect","Quick Slash"],"picked":"Underhanded Strike","floor":3.0},{"not_picked":["Bouncing Flask","Backflip","Bane"],"picked":"SKIP","floor":4.0},{"not_picked":["Heel Hook","Acrobatics"],"picked":"Calculated Gamble","floor":5.0},{"not_picked":["Heel Hook","Deflect"],"picked":"Infinite Blades","floor":6.0},{"not_picked":["Endless Agony","Riddle With Holes"],"picked":"Eviscerate","floor":7.0},{"not_picked":["PiercingWail","Venomology"],"picked":"Prepared","floor":8.0}],"player_experience":38153,"relics_obtained":[{"floor":6.0,"key":"Potion Belt"},{"floor":8.0,"key":"Dream Catcher"},{"floor":9.0,"key":"Letter Opener"}],"event_choices":[{"damage_healed":0.0,"max_hp_gain":0.0,"max_hp_loss":0.0,"gold_gain":75.0,"event_name":"World of Goop","player_choice":"Gather Gold","floor":2.0,"gold_loss":0.0,"damage_taken":11.0}],"is_beta":false,"boss_relics":[],"items_purged_floors":[],"is_endless":false,"potions_floor_spawned":[1,4,7],"killed_by":"Lagavulin","ascension_level":1}}