{"host":"8z0h4areh8sio1k0","time":1612773387,"event":{"mods":["10 clothes from DAL","Act Like it!","Aspiration","BaseMod","Colored Map","Conspire","Crowbot","Hubris","Library of Ruina Extra","Mimic Mod","Minty Spire (QoL Compilation)","NanayaShiki（七夜志贵）","Replay The Spire","StSLib","TestMod","The Blue Laboratory","The Fake Hero","The Hierophant","TheWitcherMod","[Fun]BeWhatYouAte","theHeart","【功能Mod】精心准备","【遗物Mod】死灵法师NEW","老伊莉雅"],"gold_per_floor":[11,24,34,34,0,32,32,65,75,75,0,35,89,89,89,236,236,292,344,385,484,90,146,146,21,21,21,130,171,241,3,3,187,187,234,234,276,379,306,387,387,434,479,479,546,396,396,475,475,497],"floor_reached":51,"language":"ZHS","playtime":7438,"items_purged":["Poor:ReiMu","Injury","Strike_G","Parasite"],"score":1366,"play_id":"ed31338b-be7c-43e2-83e6-fcf7d3272419","local_time":"20210208163627","is_ascension_mode":true,"campfire_choices":[{"data":"Infinite Blades","floor":7,"key":"SMITH"},{"floor":15,"key":"REST"},{"data":"After Image","floor":24,"key":"SMITH"},{"data":"Blade Dance","floor":27,"key":"SMITH"},{"data":"Calculated Gamble","floor":41,"key":"SMITH"},{"floor":44,"key":"RECALL"},{"data":"Expertise","floor":47,"key":"SMITH"},{"data":"Crippling Poison","floor":49,"key":"SMITH"}],"circlet_count":0,"master_deck":["Strike_G","Strike_G","Strike_G","Strike_G","Defend_G","Defend_G","Defend_G","Defend_G","Defend_G","Survivor","Neutralize","Infinite Blades+1","Distraction","Expertise+1","Blade Dance+1","Crippling Poison+1","Calculated Gamble+1","Hidden Blade","After Image+1","Deadly Poison+1","Catalyst+1","Footwork","Reflex+1","Accuracy+1","Burst+1","Choke+1","Catalyst+1","Tactician+1"],"relics":["testmod-TestBox","test447","testmod-BatchProcessingSystem","testmod-Muramasa","YidongShenshe:ReiMu","Question Card","conspire:TopHat","Replay:Bandana","Toxic Egg 2","hubris:GrandSneckoEye","Ice Cream","Replay:Mystery Machine","Singing Bowl","Art of War","Ninja Scroll","hubris:Backtick","Vajra","hubris:Towel","conspire:GiftBox","Potion Belt","Gremlin Food","UndeadPower"],"acts_visited":["Exordium","TheCity","TheBeyond"],"potions_floor_usage":[8,16,16,45],"damage_taken":[{"damage":0,"enemies":"Cultist","floor":1,"turns":4},{"damage":2,"enemies":"Jaw Worm","floor":2,"turns":3},{"damage":4,"enemies":"2 Louse","floor":3,"turns":3},{"damage":0,"enemies":"Looter","floor":5,"turns":4},{"damage":13,"enemies":"3 Sentries","floor":6,"turns":10},{"damage":26,"enemies":"Gremlin Nob","floor":8,"turns":5},{"damage":0,"enemies":"3 Louse","floor":9,"turns":5},{"damage":0,"enemies":"3 Louse","floor":12,"turns":3},{"damage":0,"enemies":"Exordium Thugs","floor":13,"turns":3},{"damage":0,"enemies":"theStrengthClad","floor":16,"turns":3},{"damage":2,"enemies":"Chosen","floor":18,"turns":4},{"damage":2,"enemies":"3 Byrds","floor":19,"turns":3},{"damage":5,"enemies":"Shelled Parasite and Fungi","floor":20,"turns":3},{"damage":22,"enemies":"Slavers","floor":23,"turns":5},{"damage":0,"enemies":"Gremlin Leader","floor":28,"turns":2},{"damage":0,"enemies":"Snecko","floor":29,"turns":3},{"damage":0,"enemies":"Centurion and Healer","floor":30,"turns":3},{"damage":7,"enemies":"hubris:MusketHawk","floor":33,"turns":4},{"damage":0,"enemies":"3 Darklings","floor":35,"turns":3},{"damage":0,"enemies":"3 Shapes","floor":37,"turns":1},{"damage":0,"enemies":"Maw","floor":38,"turns":3},{"damage":0,"enemies":"Giant Head","floor":40,"turns":3},{"damage":0,"enemies":"Writhing Mass","floor":42,"turns":3},{"damage":12,"enemies":"Nemesis","floor":45,"turns":3},{"damage":0,"enemies":"R_Hoarder","floor":48,"turns":4},{"damage":88,"enemies":"Time Eater","floor":50,"turns":7}],"seed_played":"2611993029939778692","potions_obtained":[{"floor":1,"key":"FairyPotion"},{"floor":6,"key":"blueLaboratory:BottleOfVodka"},{"floor":8,"key":"blueLaboratory:EmptyBottle"},{"floor":12,"key":"blueLaboratory:NinjaPotion"},{"floor":13,"key":"ZuzhouPotion:ReiMu"},{"floor":18,"key":"blueLaboratory:RememoryPotion"},{"floor":23,"key":"SpeedPotion"},{"floor":38,"key":"Poison Potion"}],"is_trial":false,"path_per_floor":["M","M","M","?","M","E","R","E","MIM","?","$","M","M","?","R","B",null,"M","M","M","?","$","E","R","$","T","R","E","M","M","$","R","B",null,"M","?","M","M","?","E","R","M","T","R","E","$","R","E","R","B",null],"character_chosen":"THE_SILENT","items_purchased":["Ice Cream","Ninja Scroll"],"campfire_rested":1,"item_purchase_floors":[22,31],"current_hp_per_floor":[63,61,57,57,57,44,44,18,18,18,18,18,18,18,39,39,62,60,58,53,53,53,31,31,31,31,31,33,35,37,37,37,32,67,69,69,71,71,71,71,71,71,71,71,59,59,59,61,61,24],"gold":537,"neow_bonus":"ONE_RARE_RELIC","is_daily":false,"chose_seed":false,"campfire_upgraded":6,"win_rate":0.0,"timestamp":1612773387,"path_taken":["M","M","?","?","M","E","R","E","MIM","?","$","M","M","?","R","BOSS","M","M","M","?","$","E","R","?","T","R","E","M","M","$","R","BOSS","M","?","M","M","?","E","R","M","T","R","E","$","R","E","R","BOSS"],"items_purchased_type":["Relic","Relic"],"build_version":"2020-12-22","purchased_purges":4,"victory":true,"max_hp_per_floor":[70,70,70,70,70,70,70,70,70,70,70,70,70,70,70,70,70,70,70,70,70,70,70,70,70,70,70,72,74,76,76,76,78,78,80,80,82,82,82,82,82,82,82,82,82,79,79,81,81,81],"card_choices":[{"not_picked":["Concentrate","Bouncing Flask"],"picked":"Infinite Blades","floor":1},{"not_picked":["Cloak And Dagger","ReplayTheSpireMod:Shiv Toss","PiercingWail"],"picked":"SKIP","floor":2},{"not_picked":["Slice","Underhanded Strike","Masterful Stab"],"picked":"SKIP","floor":3},{"not_picked":["Riddle With Holes","Deflect"],"picked":"Distraction","floor":5},{"not_picked":["Dagger Throw","Atom Bomb"],"picked":"Expertise","floor":6},{"not_picked":["PiercingWail","Eviscerate","Noxious Fumes"],"picked":"Blade Dance","floor":8},{"not_picked":["Deflect","Quick Slash","Underhanded Strike"],"picked":"Crippling Poison","floor":9},{"not_picked":["Underhanded Strike","Replay:Poison Smokescreen","Catalyst"],"picked":"Calculated Gamble","floor":12},{"not_picked":["Deadly Poison","Poisoned Stab","Dodge and Roll"],"picked":"Hidden Blade","floor":13},{"not_picked":["Die Die Die","Night Terror+1","Wraith Form v2"],"picked":"After Image","floor":16},{"not_picked":["Fluid Movement+1","Poisoned Stab","Dash"],"picked":"Deadly Poison+1","floor":18},{"not_picked":["Deadly Poison+1","Prepared+1","All Out Attack"],"picked":"Catalyst+1","floor":19},{"not_picked":["Dagger Throw+1","Hidden Blade+1","Bouncing Flask+1"],"picked":"Footwork","floor":20},{"not_picked":["Bouncing Flask+1","Backflip+1","ReplayTheSpireMod:The Works+1"],"picked":"Reflex+1","floor":23},{"not_picked":["Choke+1","Outmaneuver+1","Calculated Gamble+1","Dagger Spray"],"picked":"Singing Bowl","floor":28},{"not_picked":["PiercingWail+1","Poisoned Stab+1","Die Die Die","Backflip+1"],"picked":"Singing Bowl","floor":29},{"not_picked":["Footwork","Slice","Quick Slash","conspire:DoublingDagger+1"],"picked":"Singing Bowl","floor":30},{"not_picked":["Adrenaline+1","After Image","Malaise+1","aspiration:Lunge"],"picked":"Singing Bowl","floor":33},{"not_picked":["ReplayTheSpireMod:Tripwire+1","Dagger Throw+1","Backflip+1","Slice"],"picked":"Singing Bowl","floor":35},{"not_picked":["ReplayTheSpireMod:The Works+1","Backflip+1","Masterful Stab+1","Underhanded Strike"],"picked":"Singing Bowl","floor":37},{"not_picked":["Outmaneuver+1","Hidden Blade+1","Dodge and Roll+1"],"picked":"Accuracy+1","floor":38},{"not_picked":["Venomology+1","Unload","Poison Darts+1"],"picked":"Burst+1","floor":39},{"not_picked":["Bane","conspire:PoisonWeapons+1","Flying Knee"],"picked":"Choke+1","floor":40},{"not_picked":["Underhanded Strike","Caltrops","Concentrate+1"],"picked":"Catalyst+1","floor":42},{"not_picked":["Sucker Punch","Slice","Underhanded Strike"],"picked":"Tactician+1","floor":45},{"not_picked":["Acrobatics+1","Quick Slash+1","Sucker Punch","hubris:SlightOfHand+1"],"picked":"Singing Bowl","floor":48}],"player_experience":537762,"relics_obtained":[{"floor":6,"key":"Question Card"},{"floor":8,"key":"conspire:TopHat"},{"floor":9,"key":"Replay:Bandana"},{"floor":23,"key":"Replay:Mystery Machine"},{"floor":26,"key":"Singing Bowl"},{"floor":28,"key":"Art of War"},{"floor":40,"key":"Potion Belt"},{"floor":45,"key":"Gremlin Food"},{"floor":48,"key":"UndeadPower"}],"event_choices":[{"damage_healed":0,"gold_gain":0,"player_choice":"带走神社","damage_taken":0,"relics_obtained":["YidongShenshe:ReiMu"],"max_hp_gain":0,"max_hp_loss":0,"event_name":"yidonshenshe","floor":4,"gold_loss":0,"cards_obtained":["Poor:ReiMu"]},{"damage_healed":0,"gold_gain":99,"player_choice":"Stole From Cult","damage_taken":0,"max_hp_gain":0,"max_hp_loss":0,"event_name":"Nest","floor":21,"gold_loss":0},{"damage_healed":0,"gold_gain":0,"player_choice":"Paid Gold","damage_taken":0,"relics_obtained":["conspire:GiftBox"],"max_hp_gain":0,"max_hp_loss":0,"event_name":"WeMeetAgain","floor":39,"gold_loss":73}],"is_beta":false,"boss_relics":[{"not_picked":["aspiration:FutureDiary","Astrolabe"],"picked":"hubris:GrandSneckoEye"},{"not_picked":["aspiration:PoetsPen_weak","testmod-TimeTraveler"],"picked":"hubris:Backtick"}],"items_purged_floors":[11,22,25,46],"is_endless":false,"potions_floor_spawned":[1,6,8,12,13,18,23,33,35,38,48],"ascension_level":8}}