{"host":"d744ndivyohnro60","time":1612762773,"event":{"mods":["BaseMod","Bestiary","Colored Powertips","Minty Spire (QoL Compilation)","Relic Stats"],"gold_per_floor":[109,59,59,234,254,254,33,59,59,59,59,33,33,65,65,169,169,186,186,200,200,217,217,217,217],"floor_reached":24,"language":"ENG","playtime":725,"items_purged":["Doubt"],"score":250,"play_id":"7bbe3007-41fa-44fa-9fde-51501fcac57a","local_time":"20210208003933","is_ascension_mode":true,"campfire_choices":[{"data":"Dualcast","floor":6,"key":"SMITH"},{"data":"Defragment","floor":11,"key":"SMITH"},{"data":"Turbo","floor":13,"key":"SMITH"},{"floor":15,"key":"REST"},{"floor":23,"key":"REST"}],"circlet_count":0,"master_deck":["Strike_B","Strike_B","Strike_B","Defend_B","Defend_B","Zap","Dualcast+1","Stack","Ball Lightning","Defragment+1","Tempest","Turbo+1","Parasite","Conserve Battery","Cold Snap","Thunder Strike","BootSequence+1","Writhe","Capacitor","Barrage","Core Surge","Redo+1"],"relics":["SlaversCollar","Letter Opener","Pear","Centennial Puzzle","Black Star","Pocketwatch"],"acts_visited":["Exordium","TheCity"],"potions_floor_usage":[22,22],"damage_taken":[{"damage":6,"enemies":"Cultist","floor":1,"turns":4},{"damage":12,"enemies":"2 Louse","floor":5,"turns":3},{"damage":36,"enemies":"Gremlin Nob","floor":8,"turns":4},{"damage":20,"enemies":"Lagavulin","floor":14,"turns":4},{"damage":39,"enemies":"The Guardian","floor":16,"turns":10},{"damage":17,"enemies":"2 Thieves","floor":18,"turns":3},{"damage":11,"enemies":"Chosen","floor":20,"turns":5},{"damage":3,"enemies":"3 Cultists","floor":22,"turns":4},{"damage":72,"enemies":"Masked Bandits","floor":24,"turns":4}],"seed_played":"5415455299148121616","potions_obtained":[{"floor":16,"key":"DistilledChaos"},{"floor":20,"key":"Block Potion"}],"is_trial":false,"path_per_floor":["M","?","$","?","M","R","$","E","T","?","R","$","R","E","R","B",null,"M","?","M","?","M","R","?"],"character_chosen":"DEFECT","items_purchased":["Defragment","Tempest","Conserve Battery"],"campfire_rested":2,"item_purchase_floors":[7,7,12],"current_hp_per_floor":[69,69,69,69,57,57,57,21,31,52,52,52,52,32,57,18,68,51,51,40,40,37,62,0,0],"gold":217,"neow_bonus":"BOSS_RELIC","is_daily":false,"chose_seed":false,"campfire_upgraded":3,"win_rate":0.0,"timestamp":1612762773,"path_taken":["M","?","$","?","M","R","$","E","T","?","R","?","R","E","R","BOSS","M","?","M","?","M","R","?"],"items_purchased_type":["Card","Card","Card"],"build_version":"2020-12-22","purchased_purges":1,"victory":false,"max_hp_per_floor":[75,75,75,75,75,75,75,75,85,85,85,85,85,85,85,85,85,85,85,85,85,85,85,85,85],"relic_stats":{"Centennial Puzzle":[15],"counters":[9,41],"Black Star":0,"Letter Opener":[65],"obtain_stats":[{"SlaversCollar":0,"Centennial Puzzle":14,"Pear":9,"Black Star":17,"Letter Opener":8,"Cracked Core":0,"Pocketwatch":19},{"SlaversCollar":0,"Centennial Puzzle":4,"Pear":3,"Black Star":5,"Letter Opener":3,"Cracked Core":0,"Pocketwatch":6},{"SlaversCollar":0,"Centennial Puzzle":15,"Pear":11,"Black Star":25,"Letter Opener":11,"Cracked Core":0,"Pocketwatch":28}],"Pocketwatch":[14]},"card_choices":[{"not_picked":["Beam Cell","Turbo"],"picked":"Stack","floor":1},{"not_picked":["Storm","Steam"],"picked":"Ball Lightning","floor":5},{"not_picked":["Rip and Tear","BootSequence"],"picked":"Turbo","floor":8},{"not_picked":["Melter","Go for the Eyes"],"picked":"Cold Snap","floor":14},{"not_picked":["Seek","Fission"],"picked":"Thunder Strike","floor":16},{"not_picked":["Conserve Battery","Redo+1"],"picked":"BootSequence+1","floor":18},{"not_picked":["Skim+1","Streamline+1"],"picked":"Capacitor","floor":20},{"not_picked":["Hello World","Stack"],"picked":"Redo+1","floor":22}],"player_experience":217603,"relics_obtained":[{"floor":8,"key":"Letter Opener"},{"floor":9,"key":"Pear"},{"floor":14,"key":"Centennial Puzzle"}],"event_choices":[{"cards_removed":["Defend_B"],"damage_healed":0,"gold_gain":0,"player_choice":"Card Removal","damage_taken":0,"max_hp_gain":0,"max_hp_loss":0,"event_name":"The Cleric","floor":2,"gold_loss":50},{"damage_healed":0,"gold_gain":175,"player_choice":"AGREE","damage_taken":0,"max_hp_gain":0,"max_hp_loss":0,"event_name":"Liars Game","floor":4,"gold_loss":0,"cards_obtained":["Doubt"]},{"damage_healed":21,"gold_gain":0,"player_choice":"Healed and dodged fight","damage_taken":0,"max_hp_gain":0,"max_hp_loss":0,"event_name":"Mushrooms","floor":10,"gold_loss":0,"cards_obtained":["Parasite"]},{"damage_healed":0,"gold_gain":0,"player_choice":"Opened","damage_taken":0,"relics_obtained":["Pocketwatch"],"max_hp_gain":0,"max_hp_loss":0,"event_name":"The Mausoleum","floor":19,"gold_loss":0,"cards_obtained":["Writhe"]},{"damage_healed":0,"gold_gain":0,"cards_transformed":["Strike_B","Defend_B"],"player_choice":"Became Test Subject","damage_taken":0,"max_hp_gain":0,"max_hp_loss":0,"event_name":"Drug Dealer","floor":21,"gold_loss":0,"cards_obtained":["Barrage","Core Surge"]},{"damage_healed":0,"gold_gain":0,"player_choice":"Fought Bandits","damage_taken":0,"max_hp_gain":0,"max_hp_loss":0,"event_name":"Masked Bandits","floor":24,"gold_loss":0}],"is_beta":false,"boss_relics":[{"not_picked":["Ectoplasm","Runic Pyramid"],"picked":"Black Star"}],"items_purged_floors":[7],"is_endless":false,"potions_floor_spawned":[16,20],"killed_by":"Masked Bandits","ascension_level":5}}