{"host":"pgm1p3lvdjflie30","time":1612775211,"event":{"mods":["AchievementEnabler","Alarm Clock","Aspiration","BaseMod","Challenge The Spire","Colored Map","Colored Powertips","Dark Map","Energized Spire","Hermit","HornydragonMod","Minty Spire (QoL Compilation)","Quarter Circle Forward PUNCH!","Quick Restart","Relic Stats","Robot Space Explorer","Spicy Shops","StSLib","The Blackbeard","The IronCluck","Waifu the Spire","【功能Mod】混沌之?修复?丁","篝火指南"],"gold_per_floor":[111,35,51,62,78,78,92,92,138,138,154,229,245,265,265,366,366,376,376,392,402,50,50,62,62,88,88,88,88,101,118,118,215,215,225,236,236,43,43,43],"floor_reached":39,"language":"ZHS","playtime":1566,"items_purged":[],"score":377,"play_id":"a882338b-a3b2-418a-b0d8-510bb2cecb51","local_time":"20210208170651","is_ascension_mode":false,"campfire_choices":[{"data":"RobotSpaceExplorer:RigExplosive","floor":6,"key":"SMITH"},{"data":"RobotSpaceExplorer:Electropulse","floor":8,"key":"SMITH"},{"data":"RobotSpaceExplorer:SlimeMissile","floor":10,"key":"SMITH"},{"data":"RobotSpaceExplorer:RigExplosive","floor":15,"key":"SMITH"},{"data":"RobotSpaceExplorer:ShockMissile","floor":23,"key":"SMITH"},{"floor":25,"key":"REST"},{"floor":29,"key":"REST"},{"floor":32,"key":"REST"}],"circlet_count":0,"master_deck":["RobotSpaceExplorer:Strike","RobotSpaceExplorer:Strike","RobotSpaceExplorer:Strike","RobotSpaceExplorer:Strike","RobotSpaceExplorer:Defend","RobotSpaceExplorer:Defend","RobotSpaceExplorer:Defend","RobotSpaceExplorer:Scan","RobotSpaceExplorer:MiniLasers","RobotSpaceExplorer:Probe","RobotSpaceExplorer:Electropulse+1","RobotSpaceExplorer:RigExplosive+1","RobotSpaceExplorer:LuckyStrike","RobotSpaceExplorer:Arsenal","RobotSpaceExplorer:SlimeMissile+1","RobotSpaceExplorer:StarDust","RobotSpaceExplorer:ShovelStrike","RobotSpaceExplorer:RigExplosive+1","RobotSpaceExplorer:Comet+1","RobotSpaceExplorer:SelfCleaning","RobotSpaceExplorer:TurboDodge+1","RobotSpaceExplorer:SurgingShield","RobotSpaceExplorer:Pulsar","RobotSpaceExplorer:ShockMissile+1","RobotSpaceExplorer:Probe","RobotSpaceExplorer:FrostMissile","RobotSpaceExplorer:DoubleFind+1","RobotSpaceExplorer:PlasmaMissile","RobotSpaceExplorer:Blaster","RobotSpaceExplorer:StunGrenade","RobotSpaceExplorer:SurgingStrike","RobotSpaceExplorer:LaserBurst","RobotSpaceExplorer:GearShield","Parasite"],"relics":["RobotSpaceExplorer:RoboCore"],"acts_visited":["Exordium","TheCity","TheBeyond"],"potions_floor_usage":[5,7,7,11,11,13,14,16,16,16,18,18,20,20,21,24,24,24,24,30,30,31,31,33,33,33,36,36,39,39],"damage_taken":[{"damage":0,"enemies":"2 Louse","floor":1,"turns":3},{"damage":2,"enemies":"Cultist","floor":3,"turns":3},{"damage":7,"enemies":"Jaw Worm","floor":4,"turns":2},{"damage":2,"enemies":"Lots of Slimes","floor":5,"turns":3},{"damage":10,"enemies":"Looter","floor":7,"turns":2},{"damage":0,"enemies":"Red Slaver","floor":11,"turns":1},{"damage":3,"enemies":"Exordium Thugs","floor":13,"turns":2},{"damage":0,"enemies":"Blue Slaver","floor":14,"turns":2},{"damage":39,"enemies":"The Guardian","floor":16,"turns":9},{"damage":16,"enemies":"Shell Parasite","floor":18,"turns":3},{"damage":13,"enemies":"2 Thieves","floor":20,"turns":3},{"damage":22,"enemies":"3 Cultists","floor":21,"turns":4},{"damage":5,"enemies":"Centurion and Healer","floor":24,"turns":2},{"damage":25,"enemies":"Cultist and Chosen","floor":30,"turns":5},{"damage":10,"enemies":"Snake Plant","floor":31,"turns":4},{"damage":49,"enemies":"Champ","floor":33,"turns":7},{"damage":10,"enemies":"Orb Walker","floor":35,"turns":3},{"damage":34,"enemies":"3 Darklings","floor":36,"turns":5},{"damage":79,"enemies":"Writhing Mass","floor":39,"turns":4}],"seed_played":"-2966315070100515899","potions_obtained":[{"floor":1,"key":"Ancient Potion"},{"floor":5,"key":"SpeedPotion"},{"floor":7,"key":"BlessingOfTheForge"},{"floor":13,"key":"Weak Potion"},{"floor":16,"key":"DistilledChaos"},{"floor":21,"key":"DistilledChaos"},{"floor":30,"key":"PowerPotion"},{"floor":35,"key":"FearPotion"}],"is_trial":false,"path_per_floor":["M","$","M","M","M","R","M","R","T","R","M","?","M","M","R","B",null,"M","?","M","M","$","R","M","R","T","$","?","R","M","M","R","B",null,"M","M","T","$","M"],"character_chosen":"RobotSpaceExplorer","items_purchased":["RobotSpaceExplorer:Electropulse","RobotSpaceExplorer:Pulsar","RobotSpaceExplorer:ShockMissile","RobotSpaceExplorer:Probe","FairyPotion","RobotSpaceExplorer:LaserBurst","RobotSpaceExplorer:GearShield"],"campfire_rested":3,"item_purchase_floors":[2,22,22,22,22,38,38],"current_hp_per_floor":[75,75,73,66,64,64,54,54,54,54,54,47,44,44,44,5,75,59,59,46,24,24,24,19,41,41,41,41,63,38,28,50,1,75,65,31,31,31,0,0],"gold":43,"neow_bonus":"REMOVE_CARD","is_daily":false,"chose_seed":false,"campfire_upgraded":5,"win_rate":0.0,"timestamp":1612775211,"path_taken":["M","$","M","M","M","R","M","R","T","R","M","?","M","?","R","BOSS","M","?","?","?","$","R","M","R","T","$","?","R","?","M","R","BOSS","M","M","?","?","?"],"items_purchased_type":["Card","Card","Card","Card","Potion","Card","Card"],"build_version":"2020-12-22","purchased_purges":0,"victory":false,"max_hp_per_floor":[75,75,75,75,75,75,75,75,75,75,75,75,75,75,75,75,75,75,75,75,75,75,75,75,75,75,75,75,75,75,75,75,75,75,75,75,75,75,75,75],"relic_stats":{"counters":[19,67],"obtain_stats":[{"RobotSpaceExplorer:RoboCore":0},{"RobotSpaceExplorer:RoboCore":0},{"RobotSpaceExplorer:RoboCore":0}]},"card_choices":[{"not_picked":["RobotSpaceExplorer:FranticSearch","RobotSpaceExplorer:DoubleBlock"],"picked":"RobotSpaceExplorer:Probe","floor":1},{"not_picked":["RobotSpaceExplorer:Ammunition","RobotSpaceExplorer:LaserBurst"],"picked":"RobotSpaceExplorer:RigExplosive","floor":3},{"not_picked":["RobotSpaceExplorer:Pulsar","RobotSpaceExplorer:ScrapMissile"],"picked":"RobotSpaceExplorer:LuckyStrike","floor":4},{"not_picked":["RobotSpaceExplorer:SlimeMissile","RobotSpaceExplorer:GlueShot"],"picked":"RobotSpaceExplorer:Arsenal","floor":5},{"not_picked":["RobotSpaceExplorer:Electropulse","RobotSpaceExplorer:Probe"],"picked":"RobotSpaceExplorer:SlimeMissile","floor":7},{"not_picked":["RobotSpaceExplorer:PowerGlove","RobotSpaceExplorer:GlueShot"],"picked":"RobotSpaceExplorer:StarDust","floor":11},{"not_picked":["RobotSpaceExplorer:MakeshiftVolley","RobotSpaceExplorer:SwiftStep"],"picked":"RobotSpaceExplorer:ShovelStrike","floor":13},{"not_picked":["RobotSpaceExplorer:FrostMissile","RobotSpaceExplorer:Pulsar"],"picked":"RobotSpaceExplorer:RigExplosive","floor":14},{"not_picked":["RobotSpaceExplorer:Explosion","RobotSpaceExplorer:Blaster"],"picked":"RobotSpaceExplorer:Comet","floor":16},{"not_picked":["RobotSpaceExplorer:Calculate+1","RobotSpaceExplorer:Pulsar+1"],"picked":"RobotSpaceExplorer:SelfCleaning","floor":18},{"not_picked":["RobotSpaceExplorer:FranticSearch","RobotSpaceExplorer:SwiftStep+1"],"picked":"RobotSpaceExplorer:TurboDodge+1","floor":20},{"not_picked":["RobotSpaceExplorer:MakeshiftVolley","RobotSpaceExplorer:Probe+1"],"picked":"RobotSpaceExplorer:SurgingShield","floor":21},{"not_picked":["RobotSpaceExplorer:FranticSearch","RobotSpaceExplorer:Pulsar+1"],"picked":"RobotSpaceExplorer:FrostMissile","floor":24},{"not_picked":["RobotSpaceExplorer:Blitz","RobotSpaceExplorer:FranticSearch"],"picked":"RobotSpaceExplorer:DoubleFind+1","floor":30},{"not_picked":["RobotSpaceExplorer:Counterblock","RobotSpaceExplorer:SlimeMissile"],"picked":"RobotSpaceExplorer:PlasmaMissile","floor":31},{"not_picked":["RobotSpaceExplorer:BlastShield","RobotSpaceExplorer:Scanner"],"picked":"RobotSpaceExplorer:Blaster","floor":33},{"not_picked":["RobotSpaceExplorer:ShovelStrike+1","RobotSpaceExplorer:LuckyStrike+1"],"picked":"RobotSpaceExplorer:StunGrenade","floor":35},{"not_picked":["RobotSpaceExplorer:Fix","RobotSpaceExplorer:ImprovisedAttack+1"],"picked":"RobotSpaceExplorer:SurgingStrike","floor":36}],"player_experience":370587,"relics_obtained":[],"event_choices":[{"damage_healed":0,"gold_gain":75,"player_choice":"Touch","damage_taken":7,"max_hp_gain":0,"max_hp_loss":0,"event_name":"FaceTrader","floor":12,"gold_loss":0},{"damage_healed":0,"gold_gain":0,"player_choice":"Forge","damage_taken":0,"max_hp_gain":0,"max_hp_loss":0,"event_name":"Accursed Blacksmith","floor":19,"gold_loss":0,"cards_upgraded":["RobotSpaceExplorer:Comet"]},{"damage_healed":0,"gold_gain":0,"player_choice":"Ignored","damage_taken":0,"max_hp_gain":0,"max_hp_loss":0,"event_name":"WeMeetAgain","floor":28,"gold_loss":0}],"is_beta":false,"boss_relics":[{"not_picked":["Coffee Dripper","qcfpunch:Killian_Engine_Alpha","Busted Crown"]},{"not_picked":["aspiration:RitualDagger","Runic Pyramid","aspiration:RunicSpoon"]}],"items_purged_floors":[],"is_endless":false,"potions_floor_spawned":[1,5,7,13,16,21,30,35],"killed_by":"Writhing Mass","ascension_level":0}}