{"host":"3j2m8n0ywf988fwb","time":1612822808,"event":{"mods":["2.2 Compatiblity","AchievementEnabler","Act Like it!","Aspiration","Astrologer","BaseMod","Better Altar","Better Match","Better Note","Better Sensory Stone","Better Skull","Better Third Choice","CCEM2","ChefMod","Colored Map","Colored Powertips","Conspire","Dark Map","Energized Spire","GifTheSpireLib","Halation","Hallownest","Highlight Path","Hubris","Infinite Spire","Jedi Mod","Marisa????????","Marked Mod","Mimic Mod","Minty Spire (QoL Compilation)","Monster B Gone","Random Character Button","Relic Filter Mod","Relic Stats","Reliquary","Replay The Spire","Robot Space Explorer","Shade Mod","Shop Mod","Somnambulant","StS++","StSLib","Stuff the Spire","The Bug Knight","The Elementalist","The Hierophant","The Marked","The Runesmith","TheBandit","TheFirefly","Unceasing Turn Reminder","Weighted Paths","everything is the same but u backflip on backflip"],"gold_per_floor":[112,302,33,33,53,53,85,102,171,171,186,200,210,223,223,223,223],"floor_reached":16,"language":"ENG","playtime":487,"items_purged":["elementalist:Waterstrike"],"score":129,"play_id":"d8d2313b-a780-401f-8f9c-1315041ed7f5","local_time":"20210208162008","is_ascension_mode":false,"campfire_choices":[{"data":"elementalist:Air_Emblem","floor":6,"key":"SMITH"}],"circlet_count":0,"master_deck":["elementalist:Air_Emblem","elementalist:Air_Emblem+1","elementalist:Strike+Elemblue","elementalist:Defend_Elemblue","elementalist:Defend_Elemblue","elementalist:Defend_Elemblue","elementalist:Defend_Elemblue","elementalist:Defend_Elemblue","elementalist:Firestrike","elementalist:Earthstrike","elementalist:Airstrike","elementalist:Crystal_Chalk","elementalist:Ignition","elementalist:Caution","elementalist:Accelerant","elementalist:Confluence+1","elementalist:Etherstrike","Delirium","elementalist:Wards","elementalist:Cyclone"],"relics":["elementalistmod:MagusStaff","elementalistmod:RedRibbon","NeowsBlessing","reliquary:ExpiredCoupon","CCEMRelics:HeirloomTomato","Ring of Panic","Ring of Fury"],"acts_visited":["Exordium"],"potions_floor_usage":[],"damage_taken":[{"damage":0,"enemies":"2 Louse","floor":1,"turns":1},{"damage":0,"enemies":"Small Slimes","floor":5,"turns":1},{"damage":0,"enemies":"3 Sentries","floor":7,"turns":1},{"damage":1,"enemies":"Jaw Worm","floor":8,"turns":3},{"damage":20,"enemies":"2 Fungi Beasts","floor":11,"turns":4},{"damage":6,"enemies":"Looter","floor":12,"turns":2},{"damage":12,"enemies":"Exordium Wildlife","floor":13,"turns":3},{"damage":1,"enemies":"Gremlin Gang","floor":14,"turns":3},{"damage":24,"enemies":"The Guardian","floor":16,"turns":2}],"seed_played":"2954644160356013815","potions_obtained":[{"floor":1,"key":"SpeedPotion"},{"floor":5,"key":"jedi:hoardpotion"},{"floor":8,"key":"Regen Potion"}],"is_trial":false,"path_per_floor":["M","?","$","$","M","R","E","M","T","?","M","M","M","M","R","B"],"character_chosen":"THE_ELEMENTALIST","items_purchased":["elementalist:Accelerant","elementalist:Confluence+1"],"campfire_rested":0,"item_purchase_floors":[3,3],"current_hp_per_floor":[70,42,42,42,42,42,42,41,46,46,28,24,14,15,15,0,0],"gold":223,"neow_bonus":"THREE_ENEMY_KILL","is_daily":false,"chose_seed":false,"campfire_upgraded":1,"win_rate":0.0,"timestamp":1612822808,"path_taken":["M","?","?","$","M","R","E","M","T","?","?","M","?","M","R","BOSS"],"items_purchased_type":["Card","Card"],"build_version":"2020-12-22","purchased_purges":1,"victory":false,"max_hp_per_floor":[70,70,70,70,70,70,70,70,75,75,75,75,75,75,75,75,75],"relic_stats":{"counters":[9,20],"obtain_stats":[{"reliquary:ExpiredCoupon":7,"NeowsBlessing":0,"Ring of Fury":10,"CCEMRelics:HeirloomTomato":9,"Ring of Panic":10,"elementalistmod:MagusStaff":0,"elementalistmod:GraduationLetter":0,"elementalistmod:RedRibbon":7},{"reliquary:ExpiredCoupon":3,"NeowsBlessing":0,"Ring of Fury":4,"CCEMRelics:HeirloomTomato":4,"Ring of Panic":4,"elementalistmod:MagusStaff":0,"elementalistmod:GraduationLetter":0,"elementalistmod:RedRibbon":3},{"reliquary:ExpiredCoupon":3,"NeowsBlessing":0,"Ring of Fury":6,"CCEMRelics:HeirloomTomato":6,"Ring of Panic":6,"elementalistmod:MagusStaff":0,"elementalistmod:GraduationLetter":0,"elementalistmod:RedRibbon":3}]},"card_choices":[{"not_picked":["elementalist:Cyclone","elementalist:Spark"],"picked":"elementalist:Ignition","floor":1},{"not_picked":["elementalist:Breeze","elementalist:Gaian_Form"],"picked":"elementalist:Caution","floor":2},{"not_picked":["elementalist:Caution","elementalist:Spout"],"picked":"elementalist:Etherstrike","floor":5},{"not_picked":["elementalist:Erosion","elementalist:Confluence","elementalist:Pressurize"],"picked":"SKIP","floor":7},{"not_picked":["elementalist:Overheat","elementalist:Ignition","elementalist:Blaze"],"picked":"SKIP","floor":8},{"not_picked":["elementalist:Emberveil","elementalist:Vaccuum"],"picked":"elementalist:Wards","floor":11},{"not_picked":["elementalist:Caution","elementalist:Overheat","elementalist:Flame"],"picked":"SKIP","floor":12},{"not_picked":["elementalist:Blaze","elementalist:Widdershins_Conversion","elementalist:Vaccuum"],"picked":"SKIP","floor":13},{"not_picked":["elementalist:Overheat","elementalist:Magma_Shot","elementalist:Confluence"],"picked":"SKIP","floor":14}],"player_experience":1100724,"relics_obtained":[{"floor":7,"key":"reliquary:ExpiredCoupon"},{"floor":9,"key":"CCEMRelics:HeirloomTomato"},{"floor":10,"key":"Ring of Panic"},{"floor":10,"key":"Ring of Fury"}],"event_choices":[],"is_beta":false,"boss_relics":[],"items_purged_floors":[3],"is_endless":false,"potions_floor_spawned":[1,5,8,14],"killed_by":"The Guardian","ascension_level":0}}