{"host":"36t3qd3wjvajtu1z","time":1612762950,"event":{"mods":["2.2 Compatiblity","AchievementEnabler","BaseMod","Block Reminder","Colored Powertips","Minty Spire (QoL Compilation)","Permanent Neow","Quick Restart","Random Character Button","Rare Cards Sparkle","Relic Stats","Slay-I","StSLib"],"gold_per_floor":[113,113,113,133,58,58,68,68,68,100,116,116,5,5,5,84,84,97,113,113,126,126,126,145,177,177,197,197,47,47,72,72,72,72],"floor_reached":33,"language":"ENG","playtime":1423,"items_purged":["Regret","Strike_G"],"score":570,"play_id":"a4afcf29-8a5d-4629-9920-b4f33c95e556","local_time":"20210207214230","is_ascension_mode":true,"campfire_choices":[{"data":"Neutralize","floor":6.0,"key":"SMITH"},{"data":"Cloak And Dagger","floor":8.0,"key":"SMITH"},{"data":"Terror","floor":12.0,"key":"SMITH"},{"data":"Well Laid Plans","floor":15.0,"key":"SMITH"},{"data":"Ghostly","floor":23,"key":"SMITH"},{"data":"Dash","floor":28,"key":"SMITH"},{"data":"Noxious Fumes","floor":30,"key":"SMITH"},{"data":"Outmaneuver","floor":32,"key":"SMITH"}],"circlet_count":0,"master_deck":["AscendersBane","Strike_G+1","Strike_G+1","Defend_G","Defend_G","Defend_G","Defend_G","Survivor","Neutralize+1","Caltrops","Calculated Gamble","Poisoned Stab","Backflip","Cloak And Dagger+1","Terror+1","Well Laid Plans+1","Dagger Spray","Deflect","Corpse Explosion","Backstab+1","Slice","Dash+1","Ghostly","Ghostly","Ghostly+1","Blade Dance","Noxious Fumes+1","Blade Dance","Outmaneuver+1"],"relics":["Ring of the Snake","Incense Burner","Pantograph","Peace Pipe","WristBlade","Vajra","Snake Skull","Anchor"],"acts_visited":["Exordium","TheCity"],"potions_floor_usage":[21,25,27],"damage_taken":[{"damage":9.0,"enemies":"Jaw Worm","floor":1.0,"turns":8.0},{"damage":0.0,"enemies":"2 Louse","floor":4.0,"turns":2.0},{"damage":0.0,"enemies":"Small Slimes","floor":7.0,"turns":4.0},{"damage":12.0,"enemies":"Lagavulin","floor":10.0,"turns":5.0},{"damage":0.0,"enemies":"2 Fungi Beasts","floor":11.0,"turns":3.0},{"damage":11.0,"enemies":"Hexaghost","floor":16.0,"turns":10.0},{"damage":17.0,"enemies":"Shell Parasite","floor":18.0,"turns":5.0},{"damage":0,"enemies":"3 Byrds","floor":19,"turns":3},{"damage":32,"enemies":"Shelled Parasite and Fungi","floor":21,"turns":5},{"damage":1,"enemies":"Chosen and Byrds","floor":24,"turns":5},{"damage":0,"enemies":"Gremlin Leader","floor":25,"turns":6},{"damage":0,"enemies":"Snecko","floor":27,"turns":3},{"damage":5,"enemies":"Book of Stabbing","floor":31,"turns":4},{"damage":34,"enemies":"Collector","floor":33,"turns":3}],"seed_played":"919267284593592972","potions_obtained":[{"floor":1.0,"key":"Poison Potion"},{"floor":4.0,"key":"EssenceOfSteel"},{"floor":11.0,"key":"SteroidPotion"},{"floor":19,"key":"Regen Potion"},{"floor":21,"key":"AttackPotion"}],"is_trial":false,"path_per_floor":["M","?","?","M","$","R","M","R","T","E","M","R","$","?","R","B",null,"M","M","?","M","?","R","M","E","T","M","R","$","R","E","R","B"],"character_chosen":"THE_SILENT","items_purchased":["Well Laid Plans","Dagger Spray","Blade Dance"],"campfire_rested":0,"item_purchase_floors":[13,13,29],"current_hp_per_floor":[50,50,32,32,32,32,32,32,32,20,20,20,20,20,20,34,54,37,37,37,20,20,20,19,19,19,19,19,19,19,14,14,0,0],"gold":72,"neow_bonus":"TRANSFORM_TWO_CARDS","is_daily":false,"chose_seed":false,"campfire_upgraded":8,"win_rate":0.0,"timestamp":1612762950,"path_taken":["M","?","?","M","$","R","M","R","T","E","M","R","$","?","R","BOSS","M","M","?","M","?","R","M","E","T","M","R","$","R","E","R","BOSS"],"items_purchased_type":["Card","Card","Card"],"build_version":"2020-12-22","purchased_purges":2,"victory":false,"max_hp_per_floor":[60,60,60,60,60,60,60,60,60,60,60,60,60,60,60,60,60,60,60,60,60,30,30,30,30,30,30,30,30,30,30,30,30,30],"relic_stats":{"Peace Pipe":0,"counters":[14,66],"Pantograph":41,"Snake Skull":[13],"obtain_stats":[{"Peace Pipe":10,"Anchor":31,"WristBlade":17,"Pantograph":9,"Vajra":25,"Snake Skull":26,"Incense Burner":2,"Ring of the Snake":0},{"Peace Pipe":4,"Anchor":13,"WristBlade":6,"Pantograph":3,"Vajra":11,"Snake Skull":11,"Incense Burner":1,"Ring of the Snake":0},{"Peace Pipe":19,"Anchor":63,"WristBlade":32,"Pantograph":14,"Vajra":56,"Snake Skull":56,"Incense Burner":8,"Ring of the Snake":0}],"Ring of the Snake":[28]},"card_choices":[{"not_picked":["Eviscerate","Acrobatics"],"picked":"Poisoned Stab","floor":1.0},{"not_picked":["Bane","Outmaneuver"],"picked":"Backflip","floor":4.0},{"not_picked":["Catalyst","Endless Agony"],"picked":"Cloak And Dagger","floor":7.0},{"not_picked":["Sucker Punch","Acrobatics","Underhanded Strike"],"picked":"SKIP","floor":10.0},{"not_picked":["Backflip","Bouncing Flask"],"picked":"Terror","floor":11.0},{"not_picked":["Bullet Time","Tools of the Trade"],"picked":"Corpse Explosion","floor":16.0},{"not_picked":["Slice","Tactician"],"picked":"Backstab+1","floor":18.0},{"not_picked":["Bane","Underhanded Strike"],"picked":"Slice","floor":19},{"not_picked":["Acrobatics","Predator"],"picked":"Dash","floor":21},{"not_picked":["Blur","Dagger Spray"],"picked":"Blade Dance","floor":24},{"not_picked":["Quick Slash","Reflex","Deflect"],"picked":"SKIP","floor":25},{"not_picked":["Deflect","Distraction"],"picked":"Noxious Fumes","floor":27},{"not_picked":["Choke","Underhanded Strike"],"picked":"Outmaneuver","floor":31}],"player_experience":429780,"relics_obtained":[{"floor":9.0,"key":"Pantograph"},{"floor":10.0,"key":"Peace Pipe"},{"floor":25,"key":"Vajra"},{"floor":26,"key":"Snake Skull"},{"floor":31,"key":"Anchor"}],"event_choices":[{"damage_healed":0.0,"max_hp_gain":0.0,"max_hp_loss":0.0,"gold_gain":0.0,"event_name":"Big Fish","player_choice":"Box","floor":2.0,"gold_loss":0.0,"damage_taken":0.0,"relics_obtained":["Incense Burner"],"cards_obtained":["Regret"]},{"damage_healed":0.0,"max_hp_gain":0.0,"max_hp_loss":0.0,"gold_gain":0.0,"event_name":"Shining Light","player_choice":"Entered Light","floor":3.0,"gold_loss":0.0,"damage_taken":18.0,"cards_upgraded":["Strike_G","Strike_G"]},{"damage_healed":0.0,"max_hp_gain":0.0,"max_hp_loss":0.0,"gold_gain":0.0,"cards_transformed":["Strike_G"],"event_name":"Living Wall","player_choice":"Change","floor":14.0,"gold_loss":0.0,"damage_taken":0.0,"cards_obtained":["Deflect"]},{"damage_healed":0,"gold_gain":0,"player_choice":"Ignored","damage_taken":0,"max_hp_gain":0,"max_hp_loss":0,"event_name":"Vampires","floor":20,"gold_loss":0},{"damage_healed":0,"gold_gain":0,"player_choice":"Became a Ghost","damage_taken":0,"max_hp_gain":0,"max_hp_loss":30,"event_name":"Ghosts","floor":22,"gold_loss":0,"cards_obtained":["Ghostly","Ghostly","Ghostly"]}],"is_beta":false,"boss_relics":[{"not_picked":["Coffee Dripper","SlaversCollar"],"picked":"WristBlade"}],"items_purged_floors":[5,29],"is_endless":false,"potions_floor_spawned":[1,4,11,19,21,24],"killed_by":"Collector","ascension_level":17}}