{"host":"1y3caoxlf2txzqg0","time":1612742462,"event":{"mods":["Alarm Clock","BaseMod","Colored Map","DeckTracker","Downfall","GifTheSpireLib","Minty Spire (QoL Compilation)","Rare Cards Sparkle","Relic Stats","Spire Birthday Party","StSLib"],"gold_per_floor":[99,111,19,34,50,85,85,99,112,145,158,158,184,196,212,316,316,216,236,255,23,35,35,112,126,26,51,70,70,82,112,123,219,219,119,134,50,75,89,52,52,84,99,3,19,36,36,54,67,67,67,67],"floor_reached":50,"language":"DEU","playtime":10444,"items_purged":["downfall:Haunted"],"score":696,"play_id":"2699742a-a13d-4396-8faf-da5446dcf80d","local_time":"20210208010102","is_ascension_mode":true,"campfire_choices":[{"floor":1.0,"key":"RECALL"},{"data":"Slimebound:Split","floor":18.0,"key":"SMITH"},{"data":"expansioncontent:QuickStudy","floor":26.0,"key":"SMITH"},{"data":"Slimebound:LevelUp","floor":35.0,"key":"SMITH"}],"circlet_count":0,"master_deck":["Slimebound:Strike_Slimebound","Slimebound:Strike_Slimebound","Slimebound:Tackle","Slimebound:Split+1","Slimebound:CorrosiveSpit","Slimebound:LevelUp+1","Slimebound:Equalize","Slimebound:SplitAcid","Slimebound:GoopTackle","Slimebound:Prepare","Slimebound:LivingWall","Slimebound:Equalize","Slimebound:ViciousTackle+1","Slimebound:RollThrough+1","Slimebound:Gluttony","Slimebound:ComboTackle+1","Slimebound:LivingWall","Slimebound:SlimeSpikes","Slimebound:RejuvenatingLick","Slimebound:SplitLeeching","Slimebound:Schlurp","Slimebound:SplitMire","Slimebound:OozeBath","Slimebound:RejuvenatingLick+1","Slimebound:HauntingLick+1","Slimebound:RollThrough+1","expansioncontent:QuickStudy+1","Slimebound:ServeAndProtect","Slimebound:Prepare","Slimebound:Nibble+1","Slimebound:Nibble+1","Slimebound:LevelUp+1","Slimebound:LeechingTouch+1","Slimebound:ComboTackle+1","Slimebound:LeechEnergy+1","Slimebound:SpikyOuterGoop","Slimebound:RollThrough+1","Slimebound:SplitAcid+1","Slimebound:Recycling","Slimebound:SlimeSpikes+1","Slimebound:GoopSpray+1","expansioncontent:QuickStudy+1","Slimebound:RollThrough+1","Slimebound:FinishingTackle+1","Slimebound:FinishingTackle+1","Slimebound:SlimeTap","Slimebound:Prepare+1","Slimebound:SplitBruiser","Slimebound:RollThrough+1","Slimebound:SplitMire","expansioncontent:YouAreMine","Slimebound:OozeBath","Slimebound:HauntingLick+1"],"relics":["Slimebound:AbsorbEndCombat","Ornamental Fan","Molten Egg 2","Orichalcum","Blood Vial","Coffee Dripper","downfall:HeartBlessingGreen","downfall:HeartBlessingBlue","Centennial Puzzle","PreservedInsect","Slimebound:TarBlob","downfall:HeartBlessingRed","Strange Spoon","Omamori","The Courier","Slimebound:MaxSlimesRelic"],"acts_visited":["Exordium","TheCity","TheBeyond"],"potions_floor_usage":[50,50],"damage_taken":[{"damage":3.0,"enemies":"Cultist","floor":2.0,"turns":4.0},{"damage":11.0,"enemies":"downfall:FleeingMerchant","floor":3.0,"turns":4.0},{"damage":14.0,"enemies":"Jaw Worm","floor":4.0,"turns":2.0},{"damage":7.0,"enemies":"2 Louse","floor":5.0,"turns":3.0},{"damage":16.0,"enemies":"3 Sentries","floor":6.0,"turns":5.0},{"damage":32.0,"enemies":"Exordium Thugs","floor":8.0,"turns":6.0},{"damage":12.0,"enemies":"Exordium Wildlife","floor":9.0,"turns":4.0},{"damage":12.0,"enemies":"Gremlin Nob","floor":10.0,"turns":3.0},{"damage":12.0,"enemies":"Exordium Thugs","floor":11.0,"turns":3.0},{"damage":17.0,"enemies":"3 Sentries","floor":13.0,"turns":6.0},{"damage":4.0,"enemies":"Blue Slaver","floor":14.0,"turns":4.0},{"damage":6.0,"enemies":"3 Louse","floor":15.0,"turns":4.0},{"damage":18.0,"enemies":"SI_SHIV_ARCHETYPE","floor":16.0,"turns":7.0},{"damage":2.0,"enemies":"3 Byrds","floor":19.0,"turns":3.0},{"damage":10.0,"enemies":"Snake Plant","floor":20.0,"turns":3.0},{"damage":13.0,"enemies":"downfall:FleeingMerchant","floor":21.0,"turns":4.0},{"damage":19.0,"enemies":"Shelled Parasite and Fungi","floor":22.0,"turns":5.0},{"damage":4.0,"enemies":"3 Cultists","floor":25.0,"turns":3.0},{"damage":29.0,"enemies":"Book of Stabbing","floor":27.0,"turns":5.0},{"damage":0.0,"enemies":"Snake Plant","floor":28.0,"turns":3.0},{"damage":0.0,"enemies":"Snecko","floor":30.0,"turns":3.0},{"damage":31.0,"enemies":"Gremlin Leader","floor":31.0,"turns":5.0},{"damage":0.0,"enemies":"Sentry and Sphere","floor":32.0,"turns":3.0},{"damage":66.0,"enemies":"DF_ARCHETYPE_CLAW","floor":33.0,"turns":7.0},{"damage":4.0,"enemies":"3 Darklings","floor":36.0,"turns":3.0},{"damage":3.0,"enemies":"downfall:FleeingMerchant","floor":37.0,"turns":4.0},{"damage":19.0,"enemies":"3 Shapes","floor":39.0,"turns":3.0},{"damage":39.0,"enemies":"Nemesis","floor":42.0,"turns":5.0},{"damage":7.0,"enemies":"3 Darklings","floor":43.0,"turns":3.0},{"damage":1.0,"enemies":"Jaw Worm Horde","floor":45.0,"turns":4.0},{"damage":14,"enemies":"4 Shapes","floor":46,"turns":3},{"damage":3,"enemies":"Transient","floor":48,"turns":5},{"damage":0,"enemies":"Jaw Worm Horde","floor":49,"turns":3},{"damage":173,"enemies":"WA_ARCHETYPE_DIVINITY","floor":50,"turns":7}],"seed_played":"-7474055810074696964","potions_obtained":[{"floor":5.0,"key":"Explosive Potion"},{"floor":6.0,"key":"LiquidMemories"},{"floor":8.0,"key":"DistilledChaos"},{"floor":13.0,"key":"Energy Potion"},{"floor":14.0,"key":"Energy Potion"},{"floor":16.0,"key":"Block Potion"},{"floor":19.0,"key":"sneckomod:MuddlingPotion"},{"floor":22.0,"key":"Explosive Potion"},{"floor":27.0,"key":"hexamod:SoulburnPotion"},{"floor":28.0,"key":"LiquidBronze"},{"floor":31.0,"key":"Block Potion"},{"floor":33.0,"key":"DuplicationPotion"},{"floor":42.0,"key":"FairyPotion"},{"floor":43.0,"key":"BlessingOfTheForge"},{"floor":45.0,"key":"Slimebound:SpawnSlimePotion"}],"is_trial":false,"path_per_floor":["R","M","$","M","M","E","T","M","M","E","M","?","E","M","M","B",null,"R","M","M","$","M","?","T","M","R","E","M","?","M","E","M","B",null,"R","M","$","?","M","$","T","E","M","$","M","M","?","M","M","B"],"character_chosen":"SLIMEBOUND","items_purchased":["Slimebound:SplitAcid","Slimebound:GoopTackle","expansioncontent:QuickStudy","Slimebound:ServeAndProtect","expansioncontent:QuickStudy+1","Slimebound:RollThrough+1","Slimebound:FinishingTackle+1","Strange Spoon","Slimebound:SlimeTap","Slimebound:RollThrough+1"],"campfire_rested":0,"item_purchase_floors":[3,3,21,21,37,37,37,37,40,44],"current_hp_per_floor":[71,68,65,55,48,36,36,20,16,20,18,18,5,9,19,23,71,71,71,67,68,58,58,58,71,81,56,66,66,81,57,65,27,81,81,80,78,78,73,73,73,52,63,63,80,71,71,81,81,0,0,0],"gold":67,"neow_bonus":"TEN_PERCENT_HP_BONUS","is_daily":false,"chose_seed":false,"campfire_upgraded":3,"win_rate":0.0,"timestamp":1612742462,"path_taken":["R","M","$","M","M","E","T","M","M","E","M","?","E","M","M","BOSS","R","M","?","$","M","?","T","M","R","E","M","?","M","E","M","BOSS","R","M","$","?","M","?","T","E","M","$","M","?","?","M","M","BOSS"],"items_purchased_type":["Card","Card","Card","Card","Card","Card","Card","Relic","Card","Card"],"build_version":"2020-12-22","purchased_purges":1,"victory":false,"max_hp_per_floor":[71,71,71,71,71,71,71,71,71,71,71,71,71,71,71,71,71,71,71,71,71,71,71,71,71,81,81,81,81,81,81,81,81,81,81,81,81,81,81,81,81,81,81,81,81,81,81,81,81,81,81,81],"relic_stats":{"Blood Vial":32,"Strange Spoon":[51],"Centennial Puzzle":[33],"counters":[34,138],"Ornamental Fan":[128],"PreservedInsect":47,"Orichalcum":[48],"obtain_stats":[{"downfall:HeartBlessingRed":35,"downfall:HeartBlessingGreen":18,"PreservedInsect":31,"The Courier":41,"Omamori":38,"Orichalcum":10,"Slimebound:TarBlob":34,"Blood Vial":13,"Strange Spoon":37,"Centennial Puzzle":27,"Slimebound:MaxSlimesRelic":42,"Ornamental Fan":6,"downfall:HeartBlessingBlue":26,"Molten Egg 2":7,"Slimebound:AbsorbEndCombat":0,"Coffee Dripper":17},{"downfall:HeartBlessingRed":24,"downfall:HeartBlessingGreen":13,"PreservedInsect":22,"The Courier":27,"Omamori":26,"Orichalcum":8,"Slimebound:TarBlob":24,"Blood Vial":10,"Strange Spoon":26,"Centennial Puzzle":19,"Slimebound:MaxSlimesRelic":28,"Ornamental Fan":5,"downfall:HeartBlessingBlue":18,"Molten Egg 2":5,"Slimebound:AbsorbEndCombat":0,"Coffee Dripper":13},{"downfall:HeartBlessingRed":98,"downfall:HeartBlessingGreen":54,"PreservedInsect":88,"The Courier":108,"Omamori":105,"Orichalcum":30,"Slimebound:TarBlob":98,"Blood Vial":39,"Strange Spoon":105,"Centennial Puzzle":77,"Slimebound:MaxSlimesRelic":113,"Ornamental Fan":17,"downfall:HeartBlessingBlue":72,"Molten Egg 2":17,"Slimebound:AbsorbEndCombat":0,"Coffee Dripper":54}]},"card_choices":[{"not_picked":["Slimebound:ItLooksTasty","Slimebound:SplitMire"],"picked":"Slimebound:LevelUp","floor":2.0},{"not_picked":["Slimebound:SplitBruiser","Slimebound:FinishingTackle"],"picked":"Slimebound:Equalize","floor":3.0},{"not_picked":["Slimebound:ComboTackle","Slimebound:SplitLeeching"],"picked":"Slimebound:Prepare","floor":4.0},{"not_picked":["Slimebound:GoopSpray","Slimebound:SplitLeeching"],"picked":"Slimebound:LivingWall","floor":5.0},{"not_picked":["Slimebound:FlameTackle","Slimebound:ServeAndProtect"],"picked":"Slimebound:Equalize","floor":6.0},{"not_picked":["Slimebound:WasteNot","Slimebound:ForwardTackle+1"],"picked":"Slimebound:ViciousTackle+1","floor":8.0},{"not_picked":["Slimebound:HauntingLick","Slimebound:LivingWall"],"picked":"Slimebound:RollThrough+1","floor":9.0},{"not_picked":["Slimebound:ForwardTackle+1","Slimebound:SamplingLick"],"picked":"Slimebound:Gluttony","floor":10.0},{"not_picked":["Slimebound:Dissolve","Slimebound:PressTheAttack+1"],"picked":"Slimebound:ComboTackle+1","floor":11.0},{"not_picked":["Slimebound:ProtectTheBoss","Slimebound:HauntingLick"],"picked":"Slimebound:SplitLeeching","floor":13.0},{"not_picked":["Slimebound:LivingWall","Slimebound:MassRepurpose"],"picked":"Slimebound:Schlurp","floor":14.0},{"not_picked":["Slimebound:RejuvenatingLick","Slimebound:SamplingLick"],"picked":"Slimebound:SplitMire","floor":15.0},{"not_picked":["Slimebound:SlimeSlap+1","Slimebound:Darklings"],"picked":"Slimebound:OozeBath","floor":16.0},{"not_picked":["Slimebound:LeechingTouch+1","Slimebound:MegaLick"],"picked":"Slimebound:RejuvenatingLick+1","floor":19.0},{"not_picked":["Slimebound:LeechingTouch+1","Slimebound:LivingWall"],"picked":"Slimebound:HauntingLick+1","floor":20.0},{"not_picked":["Slimebound:SamplingLick","Slimebound:Schlurp"],"picked":"Slimebound:RollThrough+1","floor":21.0},{"not_picked":["Slimebound:ComboTackle+1","Slimebound:SamplingLick"],"picked":"Slimebound:Prepare","floor":22.0},{"not_picked":["Slimebound:ViciousTackle+1","Slimebound:SplitAcid"],"picked":"Slimebound:Nibble+1","floor":25.0},{"not_picked":["Slimebound:SplitLeeching","Slimebound:SplitBruiser+1"],"picked":"Slimebound:LevelUp+1","floor":27.0},{"not_picked":["Slimebound:Chomp+1","Slimebound:Schlurp+1"],"picked":"Slimebound:LeechingTouch+1","floor":28.0},{"not_picked":["Slimebound:SplitAcid","Slimebound:DivideAndConquer+1"],"picked":"Slimebound:SpikyOuterGoop","floor":30.0},{"not_picked":["Slimebound:LeadByExample","Slimebound:ProtectTheBoss"],"picked":"Slimebound:RollThrough+1","floor":31.0},{"not_picked":["Slimebound:SlimeBrawl","Slimebound:FormOfPuddle"],"picked":"Slimebound:SplitAcid+1","floor":32.0},{"not_picked":["Slimebound:WasteNot","Slimebound:TagTeam+1"],"picked":"Slimebound:Recycling","floor":33.0},{"not_picked":["Slimebound:SlimeBrawl+1","Slimebound:FlameTackle+1"],"picked":"Slimebound:SlimeSpikes+1","floor":36.0},{"not_picked":["Slimebound:SplitLeeching","Slimebound:SplitMire+1"],"picked":"Slimebound:GoopSpray+1","floor":37.0},{"not_picked":["Slimebound:FormOfPuddle","Slimebound:SplitMire"],"picked":"Slimebound:FinishingTackle+1","floor":39.0},{"not_picked":["Slimebound:Grow","Slimebound:ProtectTheBoss+1"],"picked":"Slimebound:Prepare+1","floor":42.0},{"not_picked":["Slimebound:ItLooksTasty+1","Slimebound:Schlurp+1"],"picked":"Slimebound:SplitBruiser","floor":43.0},{"not_picked":["Slimebound:Grow","Slimebound:SlimeBrawl+1"],"picked":"Slimebound:SplitMire","floor":45.0},{"not_picked":["Slimebound:HauntingLick","Slimebound:PressTheAttack+1","Slimebound:DisruptingSlam+1"],"picked":"SKIP","floor":46},{"not_picked":["expansioncontent:HyperBeam","expansioncontent:InvincibleStrength"],"picked":"expansioncontent:YouAreMine","floor":47},{"not_picked":["Slimebound:ProtectTheBoss","Slimebound:SplitLeeching"],"picked":"Slimebound:OozeBath","floor":48},{"not_picked":["Slimebound:PressTheAttack+1","Slimebound:ComboTackle+1"],"picked":"Slimebound:HauntingLick+1","floor":49}],"player_experience":931457,"relics_obtained":[{"floor":6.0,"key":"Ornamental Fan"},{"floor":7.0,"key":"Molten Egg 2"},{"floor":10.0,"key":"Orichalcum"},{"floor":13.0,"key":"Blood Vial"},{"floor":27.0,"key":"Centennial Puzzle"},{"floor":31.0,"key":"PreservedInsect"},{"floor":38.0,"key":"Omamori"},{"floor":41.0,"key":"The Courier"},{"floor":42.0,"key":"Slimebound:MaxSlimesRelic"}],"event_choices":[{"damage_healed":0.0,"max_hp_gain":0.0,"max_hp_loss":0.0,"gold_gain":0.0,"event_name":"The Library","player_choice":"Read","floor":23.0,"gold_loss":0.0,"damage_taken":0.0,"cards_obtained":["Slimebound:Nibble"]},{"damage_healed":0.0,"max_hp_gain":0.0,"max_hp_loss":0.0,"gold_gain":0.0,"cards_transformed":["Slimebound:Strike_Slimebound","Slimebound:Defend_Slimebound"],"event_name":"Drug Dealer","player_choice":"Became Test Subject","floor":29.0,"gold_loss":0.0,"damage_taken":0.0,"cards_obtained":["Slimebound:ComboTackle","Slimebound:LeechEnergy"]}],"is_beta":false,"boss_relics":[{"not_picked":["Empty Cage","Philosopher\u0027s Stone"],"picked":"Coffee Dripper"},{"not_picked":["Runic Dome","Astrolabe"],"picked":"Slimebound:TarBlob"}],"items_purged_floors":[44],"is_endless":false,"potions_floor_spawned":[5,6,8,13,14,16,19,22,27,28,31,33,42,43,45,46],"killed_by":"WA_ARCHETYPE_DIVINITY","ascension_level":1}}