{"host":"coame8l8goqx0svj","time":1612798322,"event":{"mods":["BaseMod","Downfall","Minty Spire (QoL Compilation)","StSLib"],"gold_per_floor":[99,114,114,114,1,15,15,41,41,59,59,69,69,69,80,175,175,75,75,95,113,124,24,24,24,56,56,56,156,156,63,82,177,177,177,177,177,193,103,153,153,163,182,182,192,192,221,25,42,42],"floor_reached":51,"language":"ENG","playtime":5684,"items_purged":["bronze:Strike","Clumsy"],"score":743,"play_id":"98164a84-d5c1-4cad-8b32-88bf1ad122c9","local_time":"20210208163202","is_ascension_mode":false,"campfire_choices":[{"floor":1,"key":"RECALL"},{"data":"bronze:Mutator","floor":9,"key":"SMITH"},{"data":"bronze:BuggyMess","floor":11,"key":"SMITH"},{"data":"bronze:Mutator","floor":13,"key":"SMITH"},{"data":"bronze:Replicate","floor":18,"key":"SMITH"},{"floor":23,"key":"REST"},{"data":"bronze:Goto","floor":25,"key":"SMITH"},{"floor":28,"key":"REST"},{"floor":30,"key":"REST"},{"data":"bronze:Turbo","floor":35,"key":"SMITH"},{"floor":44,"key":"REST"},{"floor":46,"key":"REST"}],"circlet_count":0,"master_deck":["bronze:Defend","bronze:Defend","bronze:Replicate+1","bronze:Goto+1","bronze:FineTuning","bronze:ClassDefault","bronze:DarkDash","bronze:Mutator+1","bronze:ItsAFeature","bronze:Frontload","bronze:Turbo","bronze:Mutator+1","bronze:BuggyMess+1","bronze:Turbo+1","bronze:Shield","bronze:BurnOut","bronze:Branch","bronze:Shell","bronze:BugBarrage","bronze:DelayedGuard+1","bronze:MaxOutput","bronze:Optimize","bronze:FineTuning","expansioncontent:LastStand","bronze:ItsAFeature","bronze:MaxOutput+1","bronze:BuggyMess+1","bronze:ChildClass+1","bronze:MaxOutput","bronze:Shell+1"],"relics":["bronze:BronzeCore","Akabeko","Pear","Runic Pyramid","downfall:HeartBlessingRed","downfall:HeartBlessingBlue","Bottled Flame","Calipers","bronze:BottledCode","champ:DeflectingBracers","Gremlin Horn","Cursed Key","Incense Burner","Orichalcum"],"acts_visited":["Exordium","TheCity","TheBeyond"],"potions_floor_usage":[16,16,43,43,43],"damage_taken":[{"damage":0,"enemies":"2 Louse","floor":2,"turns":3},{"damage":0,"enemies":"downfall:FleeingMerchant","floor":5,"turns":4},{"damage":0,"enemies":"Jaw Worm","floor":6,"turns":5},{"damage":9,"enemies":"3 Sentries","floor":8,"turns":10},{"damage":0,"enemies":"Cultist","floor":10,"turns":4},{"damage":0,"enemies":"3 Louse","floor":12,"turns":3},{"damage":4,"enemies":"2 Fungi Beasts","floor":15,"turns":5},{"damage":31,"enemies":"IC_STATUS_ARCHETYPE","floor":16,"turns":11},{"damage":10,"enemies":"Shell Parasite","floor":20,"turns":7},{"damage":22,"enemies":"Shelled Parasite and Fungi","floor":21,"turns":8},{"damage":13,"enemies":"Snake Plant","floor":22,"turns":6},{"damage":32,"enemies":"Book of Stabbing","floor":26,"turns":5},{"damage":6,"enemies":"DF_ARCHETYPE_STREAMLINE","floor":29,"turns":8},{"damage":0,"enemies":"downfall:FleeingMerchant","floor":31,"turns":4},{"damage":10,"enemies":"3 Cultists","floor":32,"turns":5},{"damage":29,"enemies":"WA_ARCHETYPE_CALM","floor":33,"turns":10},{"damage":3,"enemies":"3 Darklings","floor":38,"turns":4},{"damage":1,"enemies":"downfall:FleeingMerchant","floor":39,"turns":4},{"damage":0,"enemies":"downfall:FleeingMerchant","floor":40,"turns":4},{"damage":9,"enemies":"Orb Walker","floor":42,"turns":4},{"damage":40,"enemies":"Transient","floor":43,"turns":5},{"damage":0,"enemies":"Jaw Worm Horde","floor":45,"turns":4},{"damage":0,"enemies":"Reptomancer","floor":47,"turns":5},{"damage":15,"enemies":"downfall:FleeingMerchant","floor":48,"turns":4},{"damage":0,"enemies":"Spire Growth","floor":49,"turns":4},{"damage":16,"enemies":"SI_POISON_ARCHETYPE","floor":50,"turns":8}],"seed_played":"-907465175934592490","potions_obtained":[{"floor":2,"key":"DistilledChaos"},{"floor":8,"key":"bronze:BuildAFunctionPotion"},{"floor":10,"key":"AttackPotion"},{"floor":16,"key":"sneckomod:MuddlingPotion"},{"floor":20,"key":"EntropicBrew"},{"floor":26,"key":"LiquidMemories"},{"floor":42,"key":"bronze:FreeFunctionsPotion"},{"floor":45,"key":"Slimebound:ThreeZeroPotion"}],"is_trial":false,"path_per_floor":["R","M","?","?","$","M","T","E","R","M","R","M","R","?","M","B",null,"R","?","M","M","M","R","T","R","E","?","R","?","R","$","M","B",null,"R","?","?","M","$","?","T","M","M","R","M","R","E","$","M","B",null],"character_chosen":"THE_AUTOMATON","items_purchased":["bronze:ItsAFeature","bronze:Frontload","bronze:Optimize","bronze:MaxOutput"],"campfire_rested":5,"item_purchase_floors":[5,5,31,48],"current_hp_per_floor":[77,77,74,74,74,74,74,75,75,75,75,75,75,75,71,40,87,87,87,77,55,42,81,81,81,49,49,75,69,87,87,77,48,87,87,87,87,84,83,83,83,74,34,60,60,86,86,71,71,55],"gold":42,"neow_bonus":"TEN_PERCENT_HP_BONUS","is_daily":false,"chose_seed":false,"campfire_upgraded":6,"win_rate":0.0,"timestamp":1612798322,"path_taken":["R","M","?","?","$","?","T","E","R","M","R","M","R","?","M","BOSS","R","?","?","M","M","R","T","R","E","?","R","?","R","$","M","BOSS","R","?","?","M","$","?","T","M","M","R","M","R","E","$","M","BOSS"],"items_purchased_type":["Card","Card","Card","Card"],"build_version":"2020-12-22","purchased_purges":2,"victory":true,"max_hp_per_floor":[77,77,77,77,77,77,77,87,87,87,87,87,87,87,87,87,87,87,87,87,87,87,97,97,97,97,87,87,87,87,87,87,87,87,87,87,87,87,87,87,87,87,87,87,87,87,87,87,87,87],"card_choices":[{"not_picked":["bronze:Overload","bronze:DelayedGuard"],"picked":"bronze:FineTuning","floor":2},{"not_picked":["bronze:OilSpill","bronze:WhirlingStrike"],"picked":"bronze:Mutator","floor":5},{"not_picked":["bronze:BitShift","bronze:WhirlingStrike"],"picked":"bronze:Turbo","floor":6},{"not_picked":["bronze:CloningBeam","bronze:Philosophize"],"picked":"bronze:Mutator","floor":8},{"not_picked":["bronze:WhirlingStrike","bronze:ForLoop"],"picked":"bronze:BuggyMess","floor":10},{"not_picked":["bronze:Repair","bronze:DelayedSlice"],"picked":"bronze:Turbo","floor":12},{"not_picked":["bronze:Overload","bronze:CloningBeam"],"picked":"bronze:Shield","floor":15},{"not_picked":["bronze:ShipIt","bronze:ThunderWave"],"picked":"bronze:BurnOut","floor":16},{"not_picked":["bronze:DarkDash","bronze:Deprecate+1"],"picked":"bronze:Shell","floor":20},{"not_picked":["bronze:DelayedGuard","bronze:BitShift"],"picked":"bronze:BugBarrage","floor":21},{"not_picked":["bronze:Deprecate","bronze:BitShift","bronze:Frontload"],"picked":"SKIP","floor":22},{"not_picked":["bronze:Branch+1","bronze:BronzeOrb"],"picked":"bronze:DelayedGuard+1","floor":26},{"not_picked":["bronze:Shield","bronze:Boost+1"],"picked":"bronze:MaxOutput","floor":29},{"not_picked":["bronze:Branch","bronze:WhirlingStrike","bronze:Repulsor"],"picked":"SKIP","floor":31},{"not_picked":["bronze:NullPointer","bronze:Mutator"],"picked":"bronze:FineTuning","floor":32},{"not_picked":["expansioncontent:InvincibleStrength","expansioncontent:PolyBeam"],"picked":"expansioncontent:LastStand","floor":36},{"not_picked":["bronze:DarkDash+1","bronze:DelayedGuard"],"picked":"bronze:ItsAFeature","floor":38},{"not_picked":["bronze:Deprecate+1","bronze:BugBarrage"],"picked":"bronze:MaxOutput+1","floor":39},{"not_picked":["bronze:ClassDefault+1","bronze:RecursiveStrike"],"picked":"bronze:BuggyMess+1","floor":40},{"not_picked":["bronze:Shield","bronze:Deprecate+1","bronze:Iterate"],"picked":"SKIP","floor":42},{"not_picked":["bronze:Boost+1","bronze:BronzeOrb","bronze:Frontload"],"picked":"SKIP","floor":43},{"not_picked":["bronze:WildBeam+1","bronze:CutThrough","bronze:ChosenStrike+1"],"picked":"SKIP","floor":45},{"not_picked":["bronze:ClassDefault","bronze:Overload"],"picked":"bronze:ChildClass+1","floor":47},{"not_picked":["bronze:CloningBeam","bronze:Shield+1","bronze:CutThrough"],"picked":"SKIP","floor":48},{"not_picked":["bronze:DarkDash+1","bronze:Mutator"],"picked":"bronze:Shell+1","floor":49}],"player_experience":1749719,"relics_obtained":[{"floor":8,"key":"Pear"},{"floor":24,"key":"Bottled Flame"},{"floor":26,"key":"Calipers"},{"floor":29,"key":"champ:DeflectingBracers"},{"floor":29,"key":"Gremlin Horn"},{"floor":40,"key":"Incense Burner"},{"floor":47,"key":"Orichalcum"}],"event_choices":[{"damage_healed":0,"gold_gain":0,"player_choice":"Success","damage_taken":3,"relics_obtained":["Akabeko"],"max_hp_gain":0,"max_hp_loss":0,"event_name":"Scrap Ooze","floor":3,"gold_loss":0},{"cards_removed":["bronze:NullPointer"],"damage_healed":0,"gold_gain":0,"player_choice":"Card Removal","damage_taken":0,"max_hp_gain":0,"max_hp_loss":0,"event_name":"The Cleric","floor":14,"gold_loss":0},{"cards_removed":["bronze:Strike"],"damage_healed":0,"gold_gain":0,"player_choice":"Removed Attack","damage_taken":0,"max_hp_gain":0,"max_hp_loss":0,"event_name":"Falling","floor":37,"gold_loss":0}],"is_beta":false,"boss_relics":[{"not_picked":["Calling Bell","Busted Crown"],"picked":"Runic Pyramid"},{"not_picked":["Coffee Dripper","Velvet Choker"],"picked":"Cursed Key"}],"items_purged_floors":[39,48],"is_endless":false,"potions_floor_spawned":[2,8,10,16,20,22,26,32,38,42,45],"ascension_level":0}}