{"host":"i73ch23exsqar74a","time":1612802637,"event":{"mods":["AchievementEnabler","Aspiration","Astrologer","Bard","Bartender","BaseMod","Beaked The Cultist","Better Sensory Stone","CCEM2","CapriCore","Challenge The Spire","ChefMod","Chen","Colored Map","Colored Powertips","Conjunction","Conspire","Downfall","Fireblade Mod","FutureSeer","GifTheSpireLib","Glutton Mod","Gremlin Mod","Halation","Hermit","Highlight Path","HololiveMod","Hubris","Infinite Spire","Jedi Mod","Lobotomy","LobotomyExtend","Luminous","Marked Mod","Minty Spire (QoL Compilation)","Prisma Mod","Quarter Circle Forward PUNCH!","Quick Restart","Random Character Button","RatMod","Relic Sorter","Reliquary","Replay The Spire","SOS???????","Shade Mod","Spicy Shops","Spikes Relics","Spire Arcade","StSLib","Stuff the Spire","The Alterego","The Animator","The Bug Knight","The Construct","The Cursed","The Druid","The Exalted","The Immortal","The Judge","The Poker Player","The Sage","The Wild Card","TheHero","TheSwordswoman","TheVacant","TheVelvet","Thieving Mod","Yuri Mod","???Mod??????Boss","???mod?????"],"gold_per_floor":[111,111,127,127,127,127,143,143,143,168,186,204,216,243,243,341,341,360,360,360,371,371,371,387,422,422,453,453,453,453,468,468,571,571,584,584,598,610,623,623,640,640,640,655,673,673,683,693,693,693],"floor_reached":51,"language":"ENG","playtime":1494,"items_purged":[],"score":803,"play_id":"404e7967-d4f4-4ca0-982f-ebac6df8e0ef","local_time":"20210208204357","is_ascension_mode":false,"campfire_choices":[{"data":"PrismaMod:ChloeCheapAttack","floor":6.0,"key":"SMITH"},{"data":"PrismaMod:ChloeCheapAttack","floor":8.0,"key":"SMITH"},{"data":"PrismaMod:ChloeDoubleRelicSpeed","floor":15.0,"key":"SMITH"},{"floor":23.0,"key":"REST"},{"floor":30.0,"key":"REST"},{"floor":32.0,"key":"REST"},{"floor":40.0,"key":"DIG"}],"circlet_count":0,"master_deck":["PrismaMod:ChloeCommonAttack","PrismaMod:ChloeCommonAttack","PrismaMod:ChloeCommonAttack","PrismaMod:ChloeCommonAttack","PrismaMod:ChloeCommonDefend","PrismaMod:ChloeCommonDefend","PrismaMod:ChloeCommonDefend","PrismaMod:ChloeCommonDefend","PrismaMod:ChloeCheapAttack+1","PrismaMod:ChloeCheapDefend","PrismaMod:ChloeCaladbolg+1","PrismaMod:ChloeCheapAttack+1","PrismaMod:ChloeCommonAOEAttack","PrismaMod:ChloeCheapAttackTwo+1","PrismaMod:ChloeCheapAttack","PrismaMod:ChloeCarnivalDefend+1","PrismaMod:ChloeDoubleRelicSpeed+1","PrismaMod:ChloeCarnivalAttack+1","infinitespire:Gouge+1","PrismaMod:ChloeMordred+1","PrismaMod:ChloeGreatTracePools","PrismaMod:ChloeCommonAttack","PrismaMod:ChloeCommonAttack","PrismaMod:ChloeCommonAttack","PrismaMod:ChloeCommonAttack","PrismaMod:ChloeCommonDefend","PrismaMod:ChloeCommonDefend","PrismaMod:ChloeCommonDefend","PrismaMod:ChloeCommonDefend","PrismaMod:ChloeCheapAttack+1","PrismaMod:ChloeCheapDefend","PrismaMod:ChloeCaladbolg+1","PrismaMod:ChloeCheapAttack+1","PrismaMod:ChloeCommonAOEAttack","PrismaMod:ChloeCheapAttackTwo+1","PrismaMod:ChloeCheapAttack","PrismaMod:ChloeCarnivalDefend","PrismaMod:ChloeDoubleRelicSpeed+1","PrismaMod:ChloeCarnivalAttack+1","infinitespire:Gouge+1","PrismaMod:ChloeMordred+1","PrismaMod:ChloeGreatTracePools","PrismaMod:ChloeGaeBolg"],"relics":["PrismaMod:PrismaTraceOn","aspiration:TomeofQuesting","LetterFromLob","StuffTheSpire:Nightcore","qcfpunch:White_Boots","Omamori","Singing Bowl","aspiration:SecretTechniqueScroll","Busted Crown","Replay:Multitool","Moonlight_r","Bromod:ArcaneNullifier","aspiration:FetidBarrel","reliquary:TatteredRug","Darkstone Periapt","Necronomicon","Philosopher\u0027s Stone","CCEMRelics:CanOfSoda","Replay:Multitool"],"acts_visited":["Exordium","TheCity","TheBeyond"],"potions_floor_usage":[51],"damage_taken":[{"damage":0.0,"enemies":"Cultist","floor":1.0,"turns":4.0},{"damage":5.0,"enemies":"2 Louse","floor":3.0,"turns":2.0},{"damage":2.0,"enemies":"Jaw Worm","floor":7.0,"turns":2.0},{"damage":15.0,"enemies":"HollowMod:MossKnight","floor":10.0,"turns":6.0},{"damage":5.0,"enemies":"3 Louse","floor":11.0,"turns":2.0},{"damage":0.0,"enemies":"Gremlin Gang","floor":12.0,"turns":1.0},{"damage":2.0,"enemies":"Exordium Thugs","floor":13.0,"turns":3.0},{"damage":10.0,"enemies":"3 Sentries","floor":14.0,"turns":6.0},{"damage":19.0,"enemies":"The Guardian","floor":16.0,"turns":7.0},{"damage":6.0,"enemies":"3 Byrds","floor":18.0,"turns":3.0},{"damage":0.0,"enemies":"Chosen","floor":21.0,"turns":3.0},{"damage":13.0,"enemies":"Snecko","floor":24.0,"turns":5.0},{"damage":3.0,"enemies":"conspire:Head Lice","floor":25.0,"turns":4.0},{"damage":13.0,"enemies":"HollowMod:Nosk","floor":27.0,"turns":3.0},{"damage":3.0,"enemies":"Snake Plant","floor":31.0,"turns":3.0},{"damage":9.0,"enemies":"Collector","floor":33.0,"turns":7.0},{"damage":0.0,"enemies":"3 Shapes","floor":35.0,"turns":2.0},{"damage":6.0,"enemies":"3 Darklings","floor":37.0,"turns":4.0},{"damage":0.0,"enemies":"Jaw Worm Horde","floor":38.0,"turns":2.0},{"damage":0.0,"enemies":"Writhing Mass","floor":39.0,"turns":2.0},{"damage":15.0,"enemies":"3 Darklings","floor":41.0,"turns":5.0},{"damage":8.0,"enemies":"Jaw Worm Horde","floor":44.0,"turns":2.0},{"damage":0.0,"enemies":"Writhing Mass","floor":45.0,"turns":2.0},{"damage":17.0,"enemies":"Spire Growth","floor":47.0,"turns":3.0},{"damage":6,"enemies":"Sphere and 2 Shapes","floor":48,"turns":4},{"damage":87,"enemies":"Awakened One","floor":50,"turns":8}],"seed_played":"-228008785575458102","potions_obtained":[{"floor":3.0,"key":"Milkshake"},{"floor":11.0,"key":"Strength Potion"},{"floor":12.0,"key":"Cursed Concoction"},{"floor":27.0,"key":"AttackPotion"}],"is_trial":false,"path_per_floor":["M","?","M","?","T","R","M","R","T","E","M","M","M","E","R","B",null,"M","?","AVR","M","M","R","M","E","T","E","T","?","R","M","R","B",null,"M","?","M","M","M","R","M","R","T","M","M","R","M","M","R","B",null],"character_chosen":"CHLOE","items_purchased":[],"campfire_rested":3,"item_purchase_floors":[],"current_hp_per_floor":[75,75,70,70,70,70,68,68,68,53,48,48,46,36,36,17,75,71,71,71,71,32,55,44,43,43,32,32,16,40,39,64,55,85,87,87,81,83,85,113,100,121,121,115,117,125,110,106,129,42],"gold":693,"neow_bonus":"RANDOM_COMMON_RELIC","is_daily":false,"chose_seed":false,"campfire_upgraded":3,"win_rate":0.0,"timestamp":1612802637,"path_taken":["M","?","M","?","?","R","M","R","T","E","M","M","?","E","R","BOSS","M","?","AVR","M","M","R","?","E","T","E","?","?","R","M","R","BOSS","M","?","M","M","M","R","M","R","T","M","M","R","?","M","R","BOSS"],"items_purchased_type":[],"build_version":"2020-12-22","purchased_purges":0,"victory":true,"max_hp_per_floor":[75,75,75,75,75,75,75,75,75,75,75,75,75,75,75,75,75,77,77,77,77,77,77,79,81,81,83,83,83,83,85,85,85,85,87,87,87,89,91,119,121,121,121,123,125,125,127,129,129,129],"card_choices":[{"not_picked":["PrismaMod:ChloeCommonAOEAttack","PrismaMod:ChloeRhongomyniad"],"picked":"PrismaMod:ChloeCaladbolg","floor":1.0},{"not_picked":["PrismaMod:ChloeCheapDefendTwo","PrismaMod:ChloeChristmas"],"picked":"PrismaMod:ChloeCheapAttack","floor":3.0},{"not_picked":["PrismaMod:ChloeBetterTracePools","PrismaMod:ChloeExhaustOne"],"picked":"PrismaMod:ChloeCommonAOEAttack","floor":7.0},{"not_picked":["PrismaMod:ChloeExhaustTwo","PrismaMod:ChloeCommonAOEAttack"],"picked":"PrismaMod:ChloeCheapAttackTwo","floor":10.0},{"not_picked":["PrismaMod:ChloeExhaustOne","PrismaMod:ChloeCheapAttackTwo"],"picked":"PrismaMod:ChloeCheapAttack","floor":11.0},{"not_picked":["PrismaMod:ChloeExhaustOne","PrismaMod:ChloeCheapAttackTwo","PrismaMod:ChloeCheapAttack"],"picked":"SKIP","floor":12.0},{"not_picked":["PrismaMod:ChloeCheapAttackTwo","PrismaMod:ChloeDemonicTutor"],"picked":"PrismaMod:ChloeCarnivalDefend","floor":13.0},{"not_picked":["PrismaMod:ChloeCheapAttackTwo","PrismaMod:ChloeExhaustTwo"],"picked":"PrismaMod:ChloeDoubleRelicSpeed","floor":14.0},{"not_picked":["PrismaMod:ChloeAnyUncommonTrace","PrismaMod:ChloeGreatTracePools"],"picked":"PrismaMod:ChloeCarnivalAttack","floor":16.0},{"not_picked":["PrismaMod:ChloeCheapDefendTwo","PrismaMod:ChloeCheapAttackTwo","PrismaMod:ChloeCheapAttack"],"picked":"Singing Bowl","floor":18.0},{"not_picked":[],"picked":"PrismaMod:ChloeMordred+1","floor":21.0},{"not_picked":["PrismaMod:ChloeCheapDefendTwo"],"picked":"Singing Bowl","floor":24.0},{"not_picked":["PrismaMod:ChloeCheapAttackTwo+1"],"picked":"Singing Bowl","floor":25.0},{"not_picked":["PrismaMod:ChloeCheapDefend"],"picked":"Singing Bowl","floor":27.0},{"not_picked":["PrismaMod:ChloeRuleBreaker"],"picked":"Singing Bowl","floor":31.0},{"not_picked":[],"picked":"PrismaMod:ChloeGreatTracePools","floor":33.0},{"not_picked":["PrismaMod:ChloeDiscardRecovery+1"],"picked":"Singing Bowl","floor":35.0},{"not_picked":[],"picked":"PrismaMod:ChloeGaeBolg","floor":37.0},{"not_picked":["PrismaMod:ChloeCheapAttack"],"picked":"Singing Bowl","floor":38.0},{"not_picked":["PrismaMod:ChloeCommonAOEAttack+1"],"picked":"Singing Bowl","floor":39.0},{"not_picked":["PrismaMod:ChloeExhaustTwo"],"picked":"Singing Bowl","floor":41.0},{"not_picked":["PrismaMod:ChloeDemonicTutor"],"picked":"Singing Bowl","floor":44.0},{"not_picked":["PrismaMod:ChloeCheapAttackTwo"],"picked":"Singing Bowl","floor":45.0},{"not_picked":["PrismaMod:ChloeCheapDefendTwo+1"],"picked":"Singing Bowl","floor":47.0},{"not_picked":["PrismaMod:ChloeCheapAttack+1"],"picked":"Singing Bowl","floor":48}],"player_experience":1423996,"relics_obtained":[{"floor":1.0,"key":"LetterFromLob"},{"floor":5.0,"key":"StuffTheSpire:Nightcore"},{"floor":9.0,"key":"qcfpunch:White_Boots"},{"floor":10.0,"key":"Omamori"},{"floor":14.0,"key":"Singing Bowl"},{"floor":25.0,"key":"Bromod:ArcaneNullifier"},{"floor":26.0,"key":"aspiration:FetidBarrel"},{"floor":27.0,"key":"reliquary:TatteredRug"},{"floor":28.0,"key":"Darkstone Periapt"},{"floor":29.0,"key":"Necronomicon"},{"floor":40.0,"key":"CCEMRelics:CanOfSoda"},{"floor":43.0,"key":"Replay:Multitool"}],"event_choices":[{"damage_healed":0.0,"max_hp_gain":0.0,"max_hp_loss":0.0,"gold_gain":0.0,"event_name":"conspire:Investor","player_choice":"Leave","floor":4.0,"gold_loss":0.0,"damage_taken":0.0},{"cards_removed":["PrismaMod:ChloeCommonAttack"],"damage_healed":0.0,"max_hp_gain":0.0,"max_hp_loss":0.0,"gold_gain":0.0,"event_name":"Bonfire Elementals","player_choice":"Offered Basic","floor":19.0,"gold_loss":0.0,"damage_taken":0.0},{"damage_healed":0.0,"max_hp_gain":0.0,"max_hp_loss":0.0,"gold_gain":0.0,"event_name":"Cursed Tome","player_choice":"Obtained Book","floor":29.0,"gold_loss":0.0,"damage_taken":16.0}],"is_beta":false,"boss_relics":[{"not_picked":["halation:MonkeysPaw","Replay:Cursed D8"],"picked":"aspiration:SecretTechniqueScroll"},{"not_picked":["Ring of Chaos","aspiration:PoetsPen"],"picked":"Philosopher\u0027s Stone"}],"items_purged_floors":[],"is_endless":false,"potions_floor_spawned":[3,11,12,13,24,25,27,31,39,44,45,48],"ascension_level":0}}