{"host":"2qv44oxt58ptq59r","time":1612821637,"event":{"mods":["AchievementEnabler","BaseMod","Colored Powertips","Highlight Path","Minty Spire (QoL Compilation)","Permanent Neow","StSLib"],"gold_per_floor":[111,111,131,22,34,59,59,59,59],"floor_reached":8,"language":"ENG","playtime":1410,"items_purged":[],"score":76,"play_id":"f5953719-f7f1-4645-a2ad-3265915f1ab6","local_time":"20210208220037","is_ascension_mode":true,"campfire_choices":[],"circlet_count":0,"master_deck":["Strike_R","Strike_R","Strike_R","Strike_R","Strike_R","Defend_R","Defend_R","Defend_R","Defend_R","Bash+1","Shockwave","Feel No Pain"],"relics":["Burning Blood","Singing Bowl","Juzu Bracelet","Ornamental Fan"],"acts_visited":["Exordium"],"potions_floor_usage":[6,8],"damage_taken":[{"damage":9.0,"enemies":"2 Louse","floor":1.0,"turns":4.0},{"damage":9.0,"enemies":"Jaw Worm","floor":3.0,"turns":4.0},{"damage":4.0,"enemies":"Cultist","floor":5.0,"turns":5.0},{"damage":42,"enemies":"3 Sentries","floor":6,"turns":15},{"damage":41,"enemies":"Gremlin Nob","floor":8,"turns":4}],"seed_played":"-7050044205769390237","potions_obtained":[{"floor":3.0,"key":"SteroidPotion"},{"floor":5.0,"key":"PowerPotion"}],"is_trial":false,"path_per_floor":["M","?","M","$","M","E","T","E"],"character_chosen":"IRONCLAD","items_purchased":["Shockwave","Feel No Pain"],"campfire_rested":0,"item_purchase_floors":[4,4],"current_hp_per_floor":[69,66,65,65,69,35,35,0,0],"gold":59,"neow_bonus":"UPGRADE_CARD","is_daily":false,"chose_seed":false,"campfire_upgraded":0,"win_rate":0.0,"timestamp":1612821637,"path_taken":["M","?","M","$","M","E","?","E"],"items_purchased_type":["Card","Card"],"build_version":"2020-12-22","purchased_purges":0,"victory":false,"max_hp_per_floor":[80,80,82,82,84,86,86,86,86],"card_choices":[{"not_picked":["Flex","Anger","Twin Strike"],"picked":"SKIP","floor":1.0},{"not_picked":["Sword Boomerang","Pommel Strike","Havoc"],"picked":"Singing Bowl","floor":3.0},{"not_picked":["Disarm","Immolate","Armaments"],"picked":"Singing Bowl","floor":5.0},{"not_picked":["Double Tap","Headbutt","Perfected Strike"],"picked":"Singing Bowl","floor":6}],"player_experience":5644944,"relics_obtained":[{"floor":6,"key":"Juzu Bracelet"},{"floor":7,"key":"Ornamental Fan"}],"event_choices":[{"damage_healed":0.0,"max_hp_gain":0.0,"max_hp_loss":0.0,"gold_gain":0.0,"event_name":"Scrap Ooze","player_choice":"Success","floor":2.0,"gold_loss":0.0,"damage_taken":3.0,"relics_obtained":["Singing Bowl"]}],"is_beta":false,"boss_relics":[],"items_purged_floors":[],"is_endless":false,"potions_floor_spawned":[3,5],"killed_by":"Gremlin Nob","ascension_level":7}}