{"host":"amduk82rbaelv3uo","time":1612803735,"event":{"mods":["AchievementEnabler","BaseMod","BetterRewards","Colored Map","Colored Powertips","Defuse TimeMaze Blight","Highlight Path","Infinite Spire","Minty Spire (QoL Compilation)","Permanent Neow","Quick Restart","Replay The Spire","StSLib","The Cursed"],"gold_per_floor":[111,111,123,123,123,123,141,475,475,509,523,542,594,610,610,714,714,732,732,152,172,172,172,172,172,224,224,251,261,274,274,274],"floor_reached":31,"language":"ENG","playtime":2373,"items_purged":[],"score":317,"play_id":"36d8cfa5-d67b-4a3d-83fd-b205b0d30972","local_time":"20210208170215","is_ascension_mode":true,"campfire_choices":[{"data":"Choke","floor":6,"key":"SMITH"},{"floor":15,"key":"REST"},{"data":"Calculated Gamble","floor":23,"key":"SMITH"},{"data":"J.A.X.","floor":25,"key":"SMITH"}],"circlet_count":0,"master_deck":["Defend_G","Defend_G","Defend_G","Defend_G","Defend_G","Survivor","Neutralize","Choke+1","Caltrops","Underhanded Strike","Toxin Wave","Caltrops","Bane","After Image","Underhanded Strike","infinitespire:Neurotoxin","CurseOfTheBell","Dagger Spray+1","ReplayTheSpireMod:Scrap Shanks","Calculated Gamble+1","Quick Slash+1","Bite","Bite","Bite","Bite","Bite","J.A.X.+1","Poisoned Stab","Dagger Throw","Cloak And Dagger"],"relics":["Snecko Heart","Basket Of Snakes","Old Coin","infinitespire:Golems Mask","infinitespire:BottledMercury","Calling Bell","Bag of Marbles","infinitespire:EmpoweringShard","Ginger","Lee\u0027s Waffle","TungstenRod","ReplayFunnel","Pantograph","Letter Opener"],"acts_visited":["Exordium","TheCity"],"potions_floor_usage":[8,8,8,14,16,21,29],"damage_taken":[{"damage":4,"enemies":"Small Slimes","floor":1,"turns":3},{"damage":0,"enemies":"2 Louse","floor":3,"turns":2},{"damage":0,"enemies":"Cultist","floor":7,"turns":3},{"damage":18,"enemies":"Lagavulin","floor":8,"turns":4},{"damage":25,"enemies":"Gremlin Nob","floor":10,"turns":4},{"damage":9,"enemies":"Blue Slaver","floor":11,"turns":2},{"damage":6,"enemies":"Looter","floor":12,"turns":2},{"damage":2,"enemies":"2 Fungi Beasts","floor":14,"turns":3},{"damage":7,"enemies":"Fading Forest","floor":16,"turns":11},{"damage":36,"enemies":"Spheric Guardian","floor":18,"turns":5},{"damage":7,"enemies":"2 Thieves","floor":21,"turns":3},{"damage":30,"enemies":"Slavers","floor":28,"turns":5},{"damage":30,"enemies":"Snake Plant","floor":29,"turns":2},{"damage":13,"enemies":"Sentry and Sphere","floor":30,"turns":4},{"damage":14,"enemies":"Centurion and Healer","floor":31,"turns":1}],"seed_played":"-8571190667709990684","potions_obtained":[{"floor":3,"key":"SteroidPotion"},{"floor":5,"key":"BlessingOfTheForge"},{"floor":5,"key":"CultistPotion"},{"floor":12,"key":"Swift Potion"},{"floor":14,"key":"Toxic Potion"},{"floor":16,"key":"SteroidPotion"},{"floor":28,"key":"Regen Potion"}],"is_trial":false,"path_per_floor":["M","?","M","?","?","R","M","E","T","E","M","M","?","M","R","B",null,"M","?","$","M","?","R","?","R","T","T","E","M","M","M"],"character_chosen":"THE_SILENT","items_purchased":["Lee\u0027s Waffle","TungstenRod","ReplayTheSpireMod:Scrap Shanks","Calculated Gamble"],"campfire_rested":1,"item_purchase_floors":[20,20,20,20],"current_hp_per_floor":[66,66,66,66,66,66,66,48,48,23,14,8,8,6,27,20,70,34,34,77,70,53,53,53,53,53,53,31,18,9,0,0],"gold":274,"neow_bonus":"BOSS_RELIC","is_daily":false,"chose_seed":false,"campfire_upgraded":3,"win_rate":0.0,"timestamp":1612803735,"path_taken":["M","?","M","?","?","R","?","E","T","E","M","M","?","M","R","BOSS","M","?","$","M","?","R","?","R","T","?","E","M","M","M"],"items_purchased_type":["Relic","Relic","Card","Card"],"build_version":"2020-12-22","purchased_purges":0,"victory":false,"max_hp_per_floor":[70,70,70,70,70,70,70,70,70,70,70,70,70,70,70,70,70,70,70,77,77,53,53,53,53,53,53,53,53,53,53,53],"card_choices":[{"not_picked":["Backflip","Deflect"],"picked":"Choke","floor":1},{"not_picked":["Flying Knee","Masterful Stab"],"picked":"Caltrops","floor":3},{"not_picked":["Quick Slash","Flechettes"],"picked":"Underhanded Strike","floor":7},{"not_picked":["ReplayTheSpireMod:Exploit Weakness","ReplayTheSpireMod:Speed Training"],"picked":"Toxin Wave","floor":8},{"not_picked":["Concentrate","Flechettes"],"picked":"Caltrops","floor":10},{"not_picked":["Acrobatics","Underhanded Strike"],"picked":"Bane","floor":11},{"not_picked":["Hidden Blade","Acrobatics"],"picked":"After Image","floor":12},{"not_picked":["Deflect","Concentrate"],"picked":"Underhanded Strike","floor":14},{"not_picked":["ReplayTheSpireMod:From All Sides","Poison Darts"],"picked":"infinitespire:Neurotoxin","floor":16},{"not_picked":["Bouncing Flask","Hidden Blade+1"],"picked":"Dagger Spray+1","floor":18},{"not_picked":["Slice","Blur"],"picked":"Quick Slash+1","floor":21},{"not_picked":["ReplayTheSpireMod:Shiv Toss+1","Predator"],"picked":"Poisoned Stab","floor":28},{"not_picked":["Deflect","Hidden Blade"],"picked":"Dagger Throw","floor":29},{"not_picked":["Sucker Punch","Poisoned Stab"],"picked":"Cloak And Dagger","floor":30}],"player_experience":291131,"relics_obtained":[{"floor":4,"key":"Basket Of Snakes"},{"floor":8,"key":"Old Coin"},{"floor":9,"key":"infinitespire:Golems Mask"},{"floor":10,"key":"infinitespire:BottledMercury"},{"floor":17,"key":"Bag of Marbles"},{"floor":17,"key":"infinitespire:EmpoweringShard"},{"floor":17,"key":"Ginger"},{"floor":26,"key":"ReplayFunnel"},{"floor":27,"key":"Pantograph"},{"floor":28,"key":"Letter Opener"}],"event_choices":[{"damage_healed":0,"gold_gain":0,"player_choice":"Leave","damage_taken":0,"max_hp_gain":0,"max_hp_loss":0,"event_name":"The Cleric","floor":2,"gold_loss":0},{"damage_healed":0,"gold_gain":0,"player_choice":"Got Potions","damage_taken":0,"max_hp_gain":0,"max_hp_loss":0,"event_name":"Lab","floor":5,"gold_loss":0},{"damage_healed":0,"gold_gain":52,"player_choice":"Gained Gold","damage_taken":0,"max_hp_gain":0,"max_hp_loss":0,"event_name":"Golden Wing","floor":13,"gold_loss":0},{"damage_healed":0,"gold_gain":0,"player_choice":"Ignored","damage_taken":0,"max_hp_gain":0,"max_hp_loss":0,"event_name":"Beggar","floor":19,"gold_loss":0},{"damage_healed":0,"gold_gain":0,"player_choice":"Became a vampire","damage_taken":0,"max_hp_gain":0,"max_hp_loss":24,"event_name":"Vampires","floor":22,"gold_loss":0,"cards_obtained":["Bite","Bite","Bite","Bite","Bite"]},{"damage_healed":0,"gold_gain":0,"player_choice":"Obtain J.A.X.","damage_taken":0,"max_hp_gain":0,"max_hp_loss":0,"event_name":"Drug Dealer","floor":24,"gold_loss":0,"cards_obtained":["J.A.X."]}],"is_beta":false,"boss_relics":[{"not_picked":["Busted Crown","Runic Dome"],"picked":"Calling Bell"}],"items_purged_floors":[],"is_endless":false,"potions_floor_spawned":[3,7,12,14,16,28],"killed_by":"Centurion and Healer","ascension_level":2}}