{"host":"zwezhz46a5cjkxff","time":1612778373,"event":{"mods":["AchievementEnabler","BaseMod","Colored Map","Colored Powertips","DeckTracker","Minty Spire (QoL Compilation)","Permanent Neow","Quick Restart","Rare Cards Sparkle","Relic Stats","StSLib","SuperFastMode"],"gold_per_floor":[109,128,128,145,157,157,171,171,194,48,81,94,108,124,124,228,228,245,245,256,268,143,170,185,217,217,217,227,227,127,146,146,146,146],"floor_reached":33,"language":"ENG","playtime":1308,"items_purged":["Defend_B","Strike_B"],"score":350,"play_id":"4a903d9a-fbb1-4393-b59f-1fc086e1876e","local_time":"20210208035933","is_ascension_mode":true,"campfire_choices":[{"floor":6,"key":"RECALL"},{"data":"Dualcast","floor":8,"key":"SMITH"},{"data":"Glacier","floor":15,"key":"SMITH"},{"floor":27,"key":"REST"},{"data":"Capacitor","floor":32,"key":"SMITH"}],"circlet_count":0,"master_deck":["Strike_B","Strike_B","Strike_B","Defend_B","Defend_B","Defend_B","Zap+1","Dualcast+1","CurseOfTheBell","Glacier+1","Cold Snap","Glacier","Coolheaded","Capacitor+1","Barrage","Ball Lightning","Blizzard","Loop"],"relics":["Calling Bell","MealTicket","Kunai","Thread and Needle","Pen Nib","Bronze Scales","Happy Flower","Black Star","FaceOfCleric","Strawberry","FossilizedHelix","Nunchaku","Vajra"],"acts_visited":["Exordium","TheCity"],"potions_floor_usage":[5,12,16,16,23,33],"damage_taken":[{"damage":7,"enemies":"Cultist","floor":1,"turns":5},{"damage":0,"enemies":"Jaw Worm","floor":2,"turns":4},{"damage":0,"enemies":"2 Louse","floor":4,"turns":4},{"damage":0,"enemies":"Gremlin Gang","floor":5,"turns":6},{"damage":15,"enemies":"Lots of Slimes","floor":7,"turns":4},{"damage":0,"enemies":"Lagavulin","floor":11,"turns":9},{"damage":5,"enemies":"Exordium Thugs","floor":12,"turns":3},{"damage":0,"enemies":"Large Slime","floor":13,"turns":6},{"damage":6,"enemies":"2 Fungi Beasts","floor":14,"turns":4},{"damage":8,"enemies":"Hexaghost","floor":16,"turns":12},{"damage":20,"enemies":"Chosen","floor":18,"turns":7},{"damage":14,"enemies":"Spheric Guardian","floor":20,"turns":6},{"damage":1,"enemies":"Shelled Parasite and Fungi","floor":21,"turns":10},{"damage":64,"enemies":"Slavers","floor":23,"turns":8},{"damage":4,"enemies":"Centurion and Healer","floor":24,"turns":8},{"damage":7,"enemies":"Book of Stabbing","floor":25,"turns":8},{"damage":0,"enemies":"Cultist and Chosen","floor":28,"turns":7},{"damage":8,"enemies":"Snake Plant","floor":31,"turns":6},{"damage":50,"enemies":"Collector","floor":33,"turns":10}],"seed_played":"2834640290833281569","potions_obtained":[{"floor":2,"key":"SkillPotion"},{"floor":5,"key":"SteroidPotion"},{"floor":7,"key":"Explosive Potion"},{"floor":12,"key":"PotionOfCapacity"},{"floor":13,"key":"EssenceOfSteel"},{"floor":18,"key":"Ancient Potion"},{"floor":21,"key":"Regen Potion"},{"floor":31,"key":"EssenceOfDarkness"}],"is_trial":false,"path_per_floor":["M","M","?","M","M","R","M","R","T","$","E","M","M","M","R","B",null,"M","?","M","M","$","E","M","E","T","R","M","?","$","M","R","B"],"character_chosen":"DEFECT","items_purchased":["Bronze Scales","Barrage"],"campfire_rested":1,"item_purchase_floors":[10,22],"current_hp_per_floor":[68,68,68,68,68,68,53,53,53,68,68,63,63,57,57,49,75,55,55,42,42,57,16,13,7,7,33,34,34,49,42,42,0,0],"gold":146,"neow_bonus":"BOSS_RELIC","is_daily":false,"chose_seed":false,"campfire_upgraded":3,"win_rate":0.0,"timestamp":1612778373,"path_taken":["M","M","?","M","M","R","?","R","T","$","E","M","M","M","R","BOSS","M","?","M","M","$","E","?","E","T","R","M","?","?","M","R","BOSS"],"items_purchased_type":["Relic","Card"],"build_version":"2020-12-22","purchased_purges":2,"victory":false,"max_hp_per_floor":[75,75,75,75,75,75,75,75,75,75,75,75,75,75,75,75,75,75,75,76,77,77,85,86,87,87,87,88,88,88,89,89,89,89],"relic_stats":{"Nunchaku":[2],"Happy Flower":[31],"FaceOfCleric":7,"counters":[19,126],"Bronze Scales":[378],"MealTicket":45,"Pen Nib":[14],"Black Star":2,"Kunai":[15],"obtain_stats":[{"Happy Flower":11,"Vajra":25,"Thread and Needle":0,"Pen Nib":9,"Calling Bell":0,"Nunchaku":25,"FaceOfCleric":19,"Bronze Scales":10,"Strawberry":23,"MealTicket":0,"Black Star":17,"Kunai":0,"Cracked Core":0,"FossilizedHelix":23},{"Happy Flower":6,"Vajra":16,"Thread and Needle":0,"Pen Nib":5,"Calling Bell":0,"Nunchaku":16,"FaceOfCleric":11,"Bronze Scales":5,"Strawberry":14,"MealTicket":0,"Black Star":10,"Kunai":0,"Cracked Core":0,"FossilizedHelix":14},{"Happy Flower":32,"Vajra":104,"Thread and Needle":0,"Pen Nib":23,"Calling Bell":0,"Nunchaku":104,"FaceOfCleric":64,"Bronze Scales":23,"Strawberry":88,"MealTicket":0,"Black Star":57,"Kunai":0,"Cracked Core":0,"FossilizedHelix":88}]},"card_choices":[{"not_picked":["Melter","Redo","Steam Power"],"picked":"SKIP","floor":1},{"not_picked":["Coolheaded","Rebound"],"picked":"Glacier","floor":2},{"not_picked":["Leap","Barrage"],"picked":"Cold Snap","floor":4},{"not_picked":["Gash","Rebound","Go for the Eyes"],"picked":"SKIP","floor":5},{"not_picked":["Rebound","Redo"],"picked":"Glacier","floor":7},{"not_picked":["Multi-Cast","Rip and Tear","Rebound"],"picked":"SKIP","floor":11},{"not_picked":["Doom and Gloom","Leap","Force Field"],"picked":"SKIP","floor":12},{"not_picked":["Sweeping Beam","Lockon","Conserve Battery"],"picked":"SKIP","floor":13},{"not_picked":["Redo","Turbo","Leap"],"picked":"SKIP","floor":14},{"not_picked":["Compile Driver+1","Conserve Battery"],"picked":"Coolheaded","floor":18},{"not_picked":["Go for the Eyes","Leap"],"picked":"Capacitor","floor":20},{"not_picked":["Rebound","Stack","Sweeping Beam"],"picked":"SKIP","floor":21},{"not_picked":["Go for the Eyes+1","Compile Driver"],"picked":"Ball Lightning","floor":23},{"not_picked":["Redo","Sweeping Beam"],"picked":"Blizzard","floor":24},{"not_picked":["Force Field","Redo","Compile Driver+1"],"picked":"SKIP","floor":25},{"not_picked":["Barrage","Cold Snap","Hello World+1"],"picked":"SKIP","floor":28},{"not_picked":["Compile Driver","Go for the Eyes","Lockon"],"picked":"SKIP","floor":31}],"player_experience":81701,"relics_obtained":[{"floor":0,"key":"MealTicket"},{"floor":0,"key":"Kunai"},{"floor":0,"key":"Thread and Needle"},{"floor":9,"key":"Pen Nib"},{"floor":11,"key":"Happy Flower"},{"floor":23,"key":"Strawberry"},{"floor":23,"key":"FossilizedHelix"},{"floor":25,"key":"Nunchaku"},{"floor":25,"key":"Vajra"}],"event_choices":[{"damage_healed":0,"gold_gain":0,"player_choice":"Upgraded","damage_taken":0,"max_hp_gain":0,"max_hp_loss":0,"event_name":"Upgrade Shrine","floor":3,"gold_loss":0,"cards_upgraded":["Zap"]},{"damage_healed":0,"gold_gain":0,"player_choice":"Trade","damage_taken":0,"relics_obtained":["FaceOfCleric"],"max_hp_gain":0,"max_hp_loss":0,"event_name":"FaceTrader","floor":19,"gold_loss":0},{"damage_healed":0,"gold_gain":0,"player_choice":"Read","damage_taken":0,"max_hp_gain":0,"max_hp_loss":0,"event_name":"The Library","floor":29,"gold_loss":0,"cards_obtained":["Loop"]}],"is_beta":false,"boss_relics":[{"not_picked":["Empty Cage","Tiny House"],"picked":"Black Star"}],"items_purged_floors":[22,30],"is_endless":false,"potions_floor_spawned":[2,5,7,12,13,18,21,31],"killed_by":"Collector","ascension_level":2}}