{"host":"8lgo2trwv2o0qyml","time":1612812276,"event":{"mods":["BaseMod","Colored Map","Colored Powertips","DeckTracker","Highlight Path","Hubris","Infinite Spire","Minty Spire (QoL Compilation)","Quick Restart","Random Character Button","Relic Sorter","Replay The Spire","StSLib","SuperFastMode","Synergy Search"],"gold_per_floor":[117,292,319,331,331,331,342,342,366,366,366,71,96,114,114,128,128],"floor_reached":16,"playtime":736,"items_purged":[],"score":148,"play_id":"766f97d4-b3d9-4f5d-b810-e55ddfe630b2","local_time":"20210208142436","is_ascension_mode":false,"campfire_choices":[{"data":"Tantrum","floor":6,"key":"SMITH"},{"data":"FollowUp","floor":8,"key":"SMITH"},{"data":"EmptyBody","floor":10,"key":"SMITH"},{"floor":15,"key":"REST"}],"circlet_count":0,"master_deck":["Defend_P","Defend_P","Defend_P","Eruption","Vigilance","EmptyBody+1","Tantrum+1","FollowUp+1","infinitespire:Starlight","InnerPeace+1","Adaptation","BowlingBash","BowlingBash"],"relics":["Kintsugi","Omamori","hubris:TenFootPole","Strange Spoon","infinitespire:Midas Blood"],"acts_visited":["Exordium"],"potions_floor_usage":[13],"damage_taken":[{"damage":15,"enemies":"Jaw Worm","floor":1,"turns":5},{"damage":15,"enemies":"Small Slimes","floor":4,"turns":8},{"damage":0,"enemies":"2 Louse","floor":7,"turns":3},{"damage":21,"enemies":"Gremlin Nob","floor":13,"turns":4},{"damage":35,"enemies":"Exordium Wildlife","floor":14,"turns":4},{"damage":69,"enemies":"The Guardian","floor":16,"turns":12}],"seed_played":"-1359731780056549348","potions_obtained":[{"floor":4,"key":"Weak Potion"}],"is_trial":false,"path_per_floor":["M","?","T","M","?","R","M","R","T","R","?","$","E","M","R","B"],"character_chosen":"WATCHER","items_purchased":["Strange Spoon","InnerPeace+1","Adaptation"],"campfire_rested":1,"item_purchase_floors":[12,12,12],"current_hp_per_floor":[57,57,57,42,42,42,42,42,42,42,42,42,31,6,27,0,0],"gold":128,"neow_bonus":"BOSS_RELIC","is_daily":false,"chose_seed":false,"campfire_upgraded":3,"win_rate":0.0,"timestamp":1612812276,"path_taken":["M","?","?","M","?","R","M","R","T","R","?","$","E","M","R","BOSS"],"items_purchased_type":["Relic","Card","Card"],"build_version":"2020-12-22","purchased_purges":0,"victory":false,"max_hp_per_floor":[72,72,72,72,72,72,72,72,72,72,72,72,72,72,72,72,72],"card_choices":[{"not_picked":["ClearTheMind","Evaluate"],"picked":"EmptyBody","floor":1},{"not_picked":["Replay:ManipulateFuture","Consecrate"],"picked":"Tantrum","floor":4},{"not_picked":["Replay:BluntJabs","PathToVictory"],"picked":"FollowUp","floor":7},{"not_picked":["infinitespire:Punishment","infinitespire:Fortify"],"picked":"infinitespire:Starlight","floor":11},{"not_picked":["EmptyMind","Crescendo"],"picked":"BowlingBash","floor":13},{"not_picked":["Nirvana","EmptyBody"],"picked":"BowlingBash","floor":14}],"player_experience":125454,"relics_obtained":[{"floor":3,"key":"Omamori"},{"floor":9,"key":"hubris:TenFootPole"},{"floor":13,"key":"infinitespire:Midas Blood"}],"event_choices":[{"damage_healed":0,"gold_gain":175,"player_choice":"AGREE","damage_taken":0,"max_hp_gain":0,"max_hp_loss":0,"event_name":"Liars Game","floor":2,"gold_loss":0,"cards_obtained":["Doubt"]},{"cards_removed":["Doubt"],"damage_healed":0,"gold_gain":0,"player_choice":"Forget","damage_taken":0,"max_hp_gain":0,"max_hp_loss":0,"event_name":"Living Wall","floor":5,"gold_loss":0}],"is_beta":false,"boss_relics":[],"items_purged_floors":[],"is_endless":false,"potions_floor_spawned":[4],"killed_by":"The Guardian","ascension_level":0}}