{"host":"sad04l3m69qtnhom","time":1612783406,"event":{"mods":["AchievementEnabler","BaseMod","Colored Map","Colored Powertips","DeckTracker","Highlight Path","Minty Spire (QoL Compilation)","Permanent Neow","Quick Restart","SuperFastMode","everything is the same but u backflip on backflip"],"gold_per_floor":[116,116,41,41,54,81,91,91,91,116,16,16,16,26,26,125,125,136,136,136,152,72,72,107,107,155,155,155],"floor_reached":27,"language":"KOR","playtime":4016,"items_purged":["Regret","Strike_B"],"score":308,"play_id":"4406b3b6-159e-4f07-8a1b-12445efa1ae5","local_time":"20210208202326","is_ascension_mode":true,"campfire_choices":[{"floor":12,"key":"REST"},{"data":"Doom and Gloom","floor":15,"key":"SMITH"},{"data":"Echo Form","floor":23,"key":"SMITH"},{"data":"Dualcast","floor":25,"key":"SMITH"}],"circlet_count":0,"master_deck":["Strike_B","Strike_B","Defend_B","Defend_B+1","Defend_B+1","Zap","Dualcast+1","Echo Form+1","Rainbow+1","Loop+1","Heatsinks+1","Doom and Gloom+1","Redo+1","Buffer+1","Lockon+1","Redo+1","Double Energy+1","Self Repair+1","Capacitor+1"],"relics":["Symbiotic Virus","Frozen Egg 2","Anchor","Toxic Egg 2","Bird Faced Urn","Nuclear Battery","Nloth\u0027s Gift","Omamori","War Paint"],"acts_visited":["Exordium","TheCity"],"potions_floor_usage":[6,6,6,10,14,16,16],"damage_taken":[{"damage":7,"enemies":"Jaw Worm","floor":1,"turns":3},{"damage":7,"enemies":"Small Slimes","floor":5,"turns":2},{"damage":13,"enemies":"Gremlin Nob","floor":6,"turns":3},{"damage":0,"enemies":"2 Louse","floor":7,"turns":1},{"damage":26,"enemies":"3 Sentries","floor":10,"turns":4},{"damage":0,"enemies":"2 Fungi Beasts","floor":14,"turns":3},{"damage":34,"enemies":"The Guardian","floor":16,"turns":8},{"damage":0,"enemies":"Spheric Guardian","floor":18,"turns":3},{"damage":12,"enemies":"3 Byrds","floor":21,"turns":4},{"damage":19,"enemies":"Slavers","floor":24,"turns":4},{"damage":75,"enemies":"Book of Stabbing","floor":27,"turns":6}],"seed_played":"-1786083862392468720","potions_obtained":[{"floor":1,"key":"EntropicBrew"},{"floor":6,"key":"PowerPotion"},{"floor":7,"key":"DuplicationPotion"},{"floor":10,"key":"PotionOfCapacity"}],"is_trial":false,"path_per_floor":["M","?","$","?","M","E","M","?","T","E","$","R","?","M","R","B",null,"M","?","?","M","$","R","E","R","T","E"],"character_chosen":"DEFECT","items_purchased":["Self Repair+1"],"campfire_rested":1,"item_purchase_floors":[22],"current_hp_per_floor":[61,61,61,54,47,34,34,34,34,8,8,29,26,30,30,6,56,64,64,64,56,56,56,57,57,57,0,0],"gold":155,"neow_bonus":"TRANSFORM_TWO_CARDS","is_daily":false,"chose_seed":false,"campfire_upgraded":3,"win_rate":0.0,"timestamp":1612783406,"path_taken":["M","?","$","?","M","E","M","?","T","E","?","R","?","M","R","BOSS","M","?","?","?","$","R","E","R","T","E"],"items_purchased_type":["Card"],"build_version":"2020-12-22","purchased_purges":2,"victory":false,"max_hp_per_floor":[75,75,75,72,72,72,72,72,72,72,72,72,72,72,72,72,72,72,72,72,72,72,72,72,72,72,72,72],"card_choices":[{"not_picked":["Go for the Eyes","Glacier","Hologram"],"picked":"SKIP","floor":1},{"not_picked":["Go for the Eyes","Sweeping Beam","Hologram"],"picked":"SKIP","floor":5},{"not_picked":["Go for the Eyes","Multi-Cast"],"picked":"Loop+1","floor":6},{"not_picked":["Hologram","Beam Cell"],"picked":"Heatsinks+1","floor":7},{"not_picked":["Echo Form+1","Compile Driver"],"picked":"Doom and Gloom","floor":10},{"not_picked":["Conserve Battery+1","Lockon"],"picked":"Redo+1","floor":14},{"not_picked":["Machine Learning+1","Thunder Strike"],"picked":"Buffer+1","floor":16},{"not_picked":["Steam Power+1","Gash+1"],"picked":"Lockon+1","floor":18},{"not_picked":["Streamline","Conserve Battery+1"],"picked":"Double Energy+1","floor":21},{"not_picked":["All For One","Steam Power+1"],"picked":"Capacitor+1","floor":24}],"player_experience":269732,"relics_obtained":[{"floor":6,"key":"Frozen Egg 2"},{"floor":9,"key":"Anchor"},{"floor":10,"key":"Toxic Egg 2"},{"floor":24,"key":"Omamori"},{"floor":26,"key":"War Paint"}],"event_choices":[{"damage_healed":0,"gold_gain":0,"player_choice":"Box","damage_taken":0,"relics_obtained":["Symbiotic Virus"],"max_hp_gain":0,"max_hp_loss":0,"event_name":"Big Fish","floor":2,"gold_loss":0,"cards_obtained":["Regret"]},{"cards_removed":["Parasite"],"damage_healed":0,"gold_gain":0,"player_choice":"Card Removal","damage_taken":7,"max_hp_gain":0,"max_hp_loss":0,"event_name":"Golden Wing","floor":4,"gold_loss":0},{"damage_healed":0,"gold_gain":0,"player_choice":"Grow","damage_taken":0,"max_hp_gain":0,"max_hp_loss":0,"event_name":"Living Wall","floor":8,"gold_loss":0,"cards_upgraded":["Rainbow"]},{"damage_healed":0,"gold_gain":0,"player_choice":"Success","damage_taken":3,"relics_obtained":["Bird Faced Urn"],"max_hp_gain":0,"max_hp_loss":0,"event_name":"Scrap Ooze","floor":13,"gold_loss":0},{"damage_healed":0,"gold_gain":0,"player_choice":"Read","damage_taken":0,"max_hp_gain":0,"max_hp_loss":0,"event_name":"The Library","floor":19,"gold_loss":0,"cards_obtained":["Redo"]},{"damage_healed":0,"gold_gain":0,"player_choice":"Traded Relic","damage_taken":0,"relics_obtained":["Nloth\u0027s Gift"],"max_hp_gain":0,"max_hp_loss":0,"event_name":"N\u0027loth","floor":20,"relics_lost":["Cracked Core"],"gold_loss":0}],"is_beta":false,"boss_relics":[{"not_picked":["Empty Cage","FrozenCore"],"picked":"Nuclear Battery"}],"items_purged_floors":[3,11],"is_endless":false,"potions_floor_spawned":[1,6,7,10],"killed_by":"Book of Stabbing","ascension_level":6}}