{"host":"mo324zvkdr1xwprd","time":1612804790,"event":{"mods":["BaseMod","Better Note","BetterRewards","Hermit","Highlight Path","Hubris","Minty Spire (QoL Compilation)","Quick Restart","Rare Cards Sparkle","Shop Mod","StSLib","The Cursed","The Hierophant"],"gold_per_floor":[118,133,152,162,233,263,288,314,338,338,357,43,43,63,63,186,186,210,125,125,12,12,53,53,66,147,147,147,160,194,207,207,331,331,356,377,395,408,408,446,446,462,462,462,496,96,96,139,139,139,139,139,41,80,80],"floor_reached":56,"language":"ENG","playtime":4424,"items_purged":[],"score":1594,"play_id":"976620d0-057a-47a3-b192-32f8aad4f3ac","local_time":"20210208171950","is_ascension_mode":true,"campfire_choices":[{"floor":10.0,"key":"REST"},{"floor":15.0,"key":"RECALL"},{"floor":24.0,"key":"REST"},{"data":"Adrenaline","floor":28.0,"key":"SMITH"},{"data":"Adrenaline","floor":32.0,"key":"SMITH"},{"data":"Terror","floor":41.0,"key":"SMITH"},{"data":"Apotheosis","floor":49.0,"key":"SMITH"},{"data":"Adrenaline","floor":52.0,"key":"SMITH"}],"circlet_count":0,"master_deck":["Strike_G","Strike_G","Strike_G","Strike_G","Strike_G","Defend_G","Defend_G","Defend_G","Defend_G","Defend_G","Survivor+1","Neutralize","Flying Knee","Crippling Poison","Noxious Fumes","Acrobatics","Poisoned Stab","Cloak And Dagger","Masterful Stab","Deflect","Adrenaline+1","Noxious Fumes","Dagger Throw","Prepared+1","Noxious Fumes","Adrenaline+1","Prepared+1","Terror+1","Endless Agony","Cloak And Dagger","Catalyst","Blade Dance","Calculated Gamble+1","Noxious Fumes","Adrenaline+1","Bane+1","Blur+1","Masterful Stab+1","Flying Knee","Slice+1","Corpse Explosion","Enlightenment","Violence","Discovery","Quick Slash+1","Apotheosis+1","Slice","Noxious Fumes","Masterful Stab","Blade Dance+1","Footwork","PiercingWail","Flying Knee+1"],"relics":["Ring of the Snake","HornCleat","Orichalcum","Odd Mushroom","Eternal Feather","Ancient Tea Set","Golden Idol","WristBlade","Unceasing Top","Enchiridion","hubris:Spice","Bottled Lightning","hubris:GrandSneckoEye","hubris:Icosahedron","War Paint","Dream Catcher","Strawberry"],"acts_visited":["Exordium","TheCity","TheBeyond","TheEnding"],"potions_floor_usage":[55,55],"damage_taken":[{"damage":0.0,"enemies":"Cultist","floor":1.0,"turns":4.0},{"damage":0.0,"enemies":"Small Slimes","floor":2.0,"turns":4.0},{"damage":3.0,"enemies":"2 Louse","floor":3.0,"turns":3.0},{"damage":3.0,"enemies":"2 Fungi Beasts","floor":4.0,"turns":5.0},{"damage":24.0,"enemies":"Gremlin Nob","floor":6.0,"turns":5.0},{"damage":10.0,"enemies":"The Mushroom Lair","floor":7.0,"turns":4.0},{"damage":3.0,"enemies":"3 Sentries","floor":8.0,"turns":8.0},{"damage":0.0,"enemies":"Large Slime","floor":11.0,"turns":4.0},{"damage":0.0,"enemies":"Exordium Wildlife","floor":14.0,"turns":2.0},{"damage":2.0,"enemies":"The Guardian","floor":16.0,"turns":8.0},{"damage":6.0,"enemies":"Shell Parasite","floor":18.0,"turns":5.0},{"damage":46.0,"enemies":"Book of Stabbing","floor":23.0,"turns":7.0},{"damage":0.0,"enemies":"Spheric Guardian","floor":25.0,"turns":3.0},{"damage":0.0,"enemies":"3 Cultists","floor":29.0,"turns":5.0},{"damage":1.0,"enemies":"Gremlin Leader","floor":30.0,"turns":4.0},{"damage":3.0,"enemies":"Centurion and Healer","floor":31.0,"turns":4.0},{"damage":19.0,"enemies":"Collector","floor":33.0,"turns":6.0},{"damage":7.0,"enemies":"3 Darklings","floor":35.0,"turns":4.0},{"damage":0.0,"enemies":"Orb Walker","floor":36.0,"turns":2.0},{"damage":13.0,"enemies":"Maw","floor":37.0,"turns":6.0},{"damage":1.0,"enemies":"Sphere and 2 Shapes","floor":38.0,"turns":3.0},{"damage":0.0,"enemies":"Nemesis","floor":40.0,"turns":4.0},{"damage":1.0,"enemies":"4 Shapes","floor":42.0,"turns":2.0},{"damage":0.0,"enemies":"Reptomancer","floor":45.0,"turns":3.0},{"damage":19.0,"enemies":"Nemesis","floor":48.0,"turns":3.0},{"damage":26.0,"enemies":"Donu and Deca","floor":50.0,"turns":5.0},{"damage":5.0,"enemies":"Shield and Spear","floor":54.0,"turns":2.0},{"damage":78,"enemies":"The Heart","floor":55,"turns":9}],"seed_played":"7596618430190521417","potions_obtained":[{"floor":2.0,"key":"Poison Potion"},{"floor":4.0,"key":"Energy Potion"},{"floor":7.0,"key":"BlessingOfTheForge"},{"floor":11.0,"key":"Dexterity Potion"},{"floor":18.0,"key":"Swift Potion"},{"floor":29.0,"key":"BlessingOfTheForge"},{"floor":30.0,"key":"Weak Potion"},{"floor":36.0,"key":"FairyPotion"},{"floor":38.0,"key":"ColorlessPotion"},{"floor":40.0,"key":"PowerPotion"},{"floor":45.0,"key":"Strength Potion"}],"is_trial":false,"path_per_floor":["M","M","M","M","T","E","?","E","T","R","M","$","?","M","R","B",null,"M","?","?","$","$","E","R","M","T","?","R","M","E","M","R","B",null,"M","M","M","M","?","E","R","M","T","?","E","$","T","E","R","B",null,"R","$","E","B",null],"character_chosen":"THE_SILENT","items_purchased":["Adrenaline","Noxious Fumes","Dagger Throw","Prepared","Terror","Endless Agony","Apotheosis","Slice","Noxious Fumes","Masterful Stab","BlessingOfTheForge","Footwork","PiercingWail"],"campfire_rested":2,"item_purchase_floors":[12,12,12,12,21,21,46,46,46,46,46,53,53],"current_hp_per_floor":[77,77,74,71,71,47,37,34,34,66,66,66,47,47,62,60,77,71,71,55,55,55,17,60,60,68,68,86,86,85,82,93,74,93,86,86,73,72,72,72,93,92,92,82,82,82,82,63,93,67,93,93,93,95,17],"gold":80,"neow_bonus":"TEN_PERCENT_HP_BONUS","is_daily":false,"chose_seed":false,"campfire_upgraded":5,"win_rate":0.0,"timestamp":1612804790,"path_taken":["M","M","M","M","?","E","?","E","T","R","M","$","?","M","R","BOSS","M","?","?","?","$","E","R","?","T","?","R","M","E","M","R","BOSS","M","M","M","M","?","E","R","M","T","?","E","$","?","E","R","BOSS","R","$","E","BOSS"],"items_purchased_type":["Card","Card","Card","Card","Card","Card","Card","Card","Card","Card","Potion","Card","Card"],"build_version":"2020-12-22","purchased_purges":0,"victory":true,"max_hp_per_floor":[77,77,77,77,77,77,77,77,77,77,77,77,77,77,77,77,77,77,77,77,77,77,85,85,85,93,93,93,93,93,93,93,93,93,93,93,93,93,93,93,93,93,93,93,93,93,93,93,93,93,93,93,93,100,100],"card_choices":[{"not_picked":["Calculated Gamble","Quick Slash"],"picked":"Flying Knee","floor":1.0},{"not_picked":["Quick Slash","Underhanded Strike"],"picked":"Crippling Poison","floor":2.0},{"not_picked":["Acrobatics","hubris:TrickCloak"],"picked":"Noxious Fumes","floor":3.0},{"not_picked":["Concentrate","Underhanded Strike"],"picked":"Acrobatics","floor":4.0},{"not_picked":["Tools of the Trade","Blade Dance"],"picked":"Poisoned Stab","floor":6.0},{"not_picked":["Sucker Punch","Dagger Throw"],"picked":"Cloak And Dagger","floor":7.0},{"not_picked":["Dagger Spray","Prepared"],"picked":"Masterful Stab","floor":8.0},{"not_picked":["Sucker Punch","Tactician"],"picked":"Deflect","floor":11.0},{"not_picked":["Blade Dance","Bane"],"picked":"Noxious Fumes","floor":14.0},{"not_picked":["Phantasmal Killer","Grand Finale"],"picked":"Adrenaline","floor":16.0},{"not_picked":["Sucker Punch+1","Bane"],"picked":"Prepared+1","floor":18.0},{"not_picked":["Tools of the Trade","hubris:Counter+1"],"picked":"Cloak And Dagger","floor":23.0},{"not_picked":["Bouncing Flask","Deflect+1"],"picked":"Catalyst","floor":25.0},{"not_picked":["Calculated Gamble","Quick Slash"],"picked":"Blade Dance","floor":29.0},{"not_picked":["Calculated Gamble+1","hubris:SpiceAddiction","All Out Attack"],"picked":"SKIP","floor":30.0},{"not_picked":["hubris:SpiceAddiction","All Out Attack"],"picked":"Calculated Gamble+1","floor":30.0},{"not_picked":["Cloak And Dagger","Backflip"],"picked":"Noxious Fumes","floor":31.0},{"not_picked":["Doppelganger","hubris:SpiceAddiction"],"picked":"Adrenaline","floor":33.0},{"not_picked":["Skewer+1","Dodge and Roll"],"picked":"Bane+1","floor":35.0},{"not_picked":["Dagger Throw+1","Skewer+1"],"picked":"Blur+1","floor":36.0},{"not_picked":["Underhanded Strike","Terror+1"],"picked":"Masterful Stab+1","floor":37.0},{"not_picked":["Sucker Punch","Quick Slash+1"],"picked":"Flying Knee","floor":38.0},{"not_picked":["hubris:SlightOfHand","Poisoned Stab"],"picked":"Slice+1","floor":40.0},{"not_picked":["Slice+1","Outmaneuver+1"],"picked":"Corpse Explosion","floor":42.0},{"not_picked":["Forethought","PanicButton"],"picked":"Enlightenment","floor":44.0},{"not_picked":["Jack Of All Trades","Forethought"],"picked":"Violence","floor":44.0},{"not_picked":["Secret Weapon","Finesse"],"picked":"Discovery","floor":44.0},{"not_picked":["Dagger Throw","hubris:SpiceAddiction"],"picked":"Quick Slash+1","floor":45.0},{"not_picked":["Skewer+1","Leg Sweep"],"picked":"Blade Dance+1","floor":48.0},{"not_picked":["hubris:SpiceAddiction","Predator+1"],"picked":"Flying Knee+1","floor":54.0}],"player_experience":547880,"relics_obtained":[{"floor":5.0,"key":"HornCleat"},{"floor":6.0,"key":"Orichalcum"},{"floor":7.0,"key":"Odd Mushroom"},{"floor":8.0,"key":"Eternal Feather"},{"floor":9.0,"key":"Ancient Tea Set"},{"floor":20.0,"key":"Enchiridion"},{"floor":23.0,"key":"hubris:Spice"},{"floor":26.0,"key":"hubris:Spice"},{"floor":30.0,"key":"Bottled Lightning"},{"floor":40.0,"key":"War Paint"},{"floor":48.0,"key":"Dream Catcher"},{"floor":54.0,"key":"Strawberry"}],"event_choices":[{"damage_healed":0.0,"max_hp_gain":0.0,"max_hp_loss":0.0,"gold_gain":0.0,"event_name":"Mushrooms","player_choice":"Fought Mushrooms","floor":7.0,"gold_loss":0.0,"damage_taken":0.0},{"damage_healed":0.0,"max_hp_gain":0.0,"max_hp_loss":0.0,"gold_gain":0.0,"event_name":"Golden Idol","player_choice":"Take Damage","floor":13.0,"gold_loss":0.0,"damage_taken":19.0,"relics_obtained":["Golden Idol"]},{"damage_healed":0.0,"max_hp_gain":0.0,"max_hp_loss":0.0,"gold_gain":0.0,"event_name":"Addict","player_choice":"Obtained Relic","floor":19.0,"gold_loss":85.0,"damage_taken":0.0,"relics_obtained":["Unceasing Top"]},{"damage_healed":0.0,"max_hp_gain":0.0,"max_hp_loss":0.0,"gold_gain":0.0,"event_name":"Cursed Tome","player_choice":"Obtained Book","floor":20.0,"gold_loss":0.0,"damage_taken":16.0},{"damage_healed":0.0,"max_hp_gain":0.0,"max_hp_loss":0.0,"gold_gain":0.0,"event_name":"Ghosts","player_choice":"Ignored","floor":27.0,"gold_loss":0.0,"damage_taken":0.0},{"damage_healed":0.0,"max_hp_gain":0.0,"max_hp_loss":0.0,"gold_gain":0.0,"event_name":"SensoryStone","player_choice":"Memory 3","floor":44.0,"gold_loss":0.0,"damage_taken":10.0}],"is_beta":false,"boss_relics":[{"not_picked":["Pandora\u0027s Box","Busted Crown"],"picked":"WristBlade"},{"not_picked":["hubris:Spice","hubris:TerracottaHorce"],"picked":"hubris:GrandSneckoEye"}],"items_purged_floors":[],"is_endless":false,"potions_floor_spawned":[2,4,7,11,18,29,30,36,38,40,45],"ascension_level":3}}