{"host":"1a9bbjeis3rg03b1","time":1612775846,"event":{"mods":["Act Like it!","BaseMod","Gensokyo","Googly Eyes","Mimic Mod","Minty Spire (QoL Compilation)","Morshu Shopkeeper","Reliquary","StSLib","The Administrix","The Jungle","The Servant 0.9.4","Wide Potions","everything is the same but u backflip on backflip"],"gold_per_floor":[19,19,31,31,50,77,90,108,140,240,240,255,255,22,22,125,125,135,235,271,271,290,290,308,325,325,359,377,394,274,303,303,303,303],"floor_reached":33,"language":"ENG","playtime":4560,"items_purged":[],"score":316,"play_id":"926a647a-e2cf-4bb3-a3a0-c77d989cd0db","local_time":"20210208021726","is_ascension_mode":false,"campfire_choices":[{"floor":13.0,"key":"REST"},{"data":"DoubleEdge","floor":15.0,"key":"SMITH"},{"floor":23,"key":"RECALL"},{"floor":32,"key":"REST"}],"circlet_count":0,"master_deck":["Strike_S","Strike_S","Strike_S","Strike_S","Defend_S","Defend_S","Defend_S","Defend_S","KidneyShot","BottledTime","Potential","Unruled","Unruled","DoubleEdge+1","ShatteredReality","Potential","Clumsy","Alleviate","LightFlow","SoulSculpture+1","Advance+1","Spin","TimeWarp","Carnage","Replace+1","Rearm+1","Deny","Alleviate"],"relics":["Uniform","PocketWatch","Gensokyo:Justice","Vajra","Nunchaku","Gensokyo:NagashiBinaDoll","Toolbox","reliquary:RedCape","Darkstone Periapt","FossilizedHelix","Gambling Chip","reliquary:Buckler","reliquary:Sideboard","Gensokyo:SpiderMask","Art of War"],"acts_visited":["Exordium","Gensokyo:Gensokyo"],"potions_floor_usage":[20,28,33,33],"damage_taken":[{"damage":12.0,"enemies":"Gensokyo:Python","floor":1.0,"turns":4.0},{"damage":0.0,"enemies":"Gensokyo:3_Fairies","floor":3.0,"turns":3.0},{"damage":5.0,"enemies":"Gensokyo:Gryphon","floor":5.0,"turns":3.0},{"damage":17.0,"enemies":"Gensokyo:Aya","floor":6.0,"turns":6.0},{"damage":0.0,"enemies":"Gensokyo:LivingMonolith","floor":7.0,"turns":2.0},{"damage":8.0,"enemies":"Gensokyo:3_Kodama","floor":8.0,"turns":2.0},{"damage":1.0,"enemies":"Gensokyo:VengefulSpirit","floor":9.0,"turns":4.0},{"damage":0.0,"enemies":"Gensokyo:VengefulSpirit","floor":12.0,"turns":2.0},{"damage":46.0,"enemies":"Gensokyo:Yukari","floor":16.0,"turns":8.0},{"damage":0,"enemies":"Gensokyo:CosmicMonolith","floor":18,"turns":2},{"damage":8,"enemies":"Gensokyo:CosmicMonolith","floor":19,"turns":5},{"damage":0,"enemies":"Gensokyo:3_Dogs","floor":20,"turns":2},{"damage":3,"enemies":"Gensokyo:Wraith","floor":22,"turns":3},{"damage":0,"enemies":"Gensokyo:Mirror_and_Dog","floor":24,"turns":3},{"damage":12,"enemies":"Gensokyo:3_Gloops","floor":25,"turns":3},{"damage":42,"enemies":"Gensokyo:Tenshi","floor":27,"turns":2},{"damage":0,"enemies":"Gensokyo:Wraith","floor":28,"turns":1},{"damage":0,"enemies":"Gensokyo:Chomper_and_Gloop","floor":29,"turns":2},{"damage":0,"enemies":"Gensokyo:Reisen","floor":31,"turns":1},{"damage":85,"enemies":"Gensokyo:Eternal_Rivals","floor":33,"turns":7}],"seed_played":"3935512565983668404","potions_obtained":[{"floor":1.0,"key":"Energy Potion"},{"floor":3.0,"key":"Swift Potion"},{"floor":7.0,"key":"AttackPotion"},{"floor":12.0,"key":"Regen Potion"},{"floor":18,"key":"SmokeBomb"},{"floor":19,"key":"Fire Potion"},{"floor":28,"key":"SneckoOil"},{"floor":29,"key":"LiquidBronze"}],"is_trial":false,"path_per_floor":["M","?","M","?","M","E","M","M","MIM","?","?","M","R","COS","R","B",null,"M","?","M","?","M","R","M","M","T","E","M","M","?","E","R","B"],"character_chosen":"THE_SERVANT","items_purchased":[],"campfire_rested":2,"item_purchase_floors":[],"current_hp_per_floor":[53,53,53,59,54,37,37,29,28,28,28,28,49,49,49,18,71,71,63,63,63,60,60,60,48,48,6,6,6,6,6,27,0,0],"gold":303,"neow_bonus":"ONE_RARE_RELIC","is_daily":false,"chose_seed":false,"campfire_upgraded":1,"win_rate":0.0,"timestamp":1612775846,"path_taken":["M","?","?","?","M","E","M","M","MIM","?","?","M","R","COS","R","BOSS","M","?","M","?","M","R","?","M","T","E","M","M","?","E","R","BOSS"],"items_purchased_type":[],"build_version":"2020-12-22","purchased_purges":0,"victory":false,"max_hp_per_floor":[65,65,65,71,71,71,71,71,71,71,71,71,71,71,71,71,71,71,71,71,71,71,71,71,71,71,71,71,71,71,71,71,71,71],"card_choices":[{"not_picked":["Contraction","GearUp"],"picked":"BottledTime","floor":1.0},{"not_picked":["ReturningBlade","ShatteredReality"],"picked":"Potential","floor":3.0},{"not_picked":["Barrier","ShatteredReality"],"picked":"Unruled","floor":5.0},{"not_picked":["Revamp","Shuttle"],"picked":"Unruled","floor":6.0},{"not_picked":["RealityMarble","Alleviate"],"picked":"DoubleEdge","floor":7.0},{"not_picked":["FastForward","Rewind"],"picked":"ShatteredReality","floor":8.0},{"not_picked":["FanOfKnives","Unruled"],"picked":"Potential","floor":9.0},{"not_picked":["Sabotage","Ricochet"],"picked":"Alleviate","floor":12.0},{"not_picked":["FloweringNight","MurderousAura"],"picked":"LightFlow","floor":16.0},{"not_picked":["FloweringNight+1","Duplication+1"],"picked":"SoulSculpture+1","floor":16.0},{"not_picked":["Unruled","ShiftingGears+1"],"picked":"Advance","floor":18},{"not_picked":["Alleviate","Starlight+1"],"picked":"Spin","floor":19},{"not_picked":["Rewind","Collapse+1"],"picked":"TimeWarp","floor":20},{"not_picked":["InstantArmor","Barrier+1"],"picked":"Replace","floor":22},{"not_picked":["FanOfKnives","Hightail+1"],"picked":"Rearm+1","floor":24},{"not_picked":["GearUp","Hightail"],"picked":"Deny","floor":25},{"not_picked":["Shuttle+1","StarChef"],"picked":"Read+1","floor":27},{"not_picked":["Revamp","Gouge"],"picked":"Alleviate","floor":28},{"not_picked":["Luminosity","Revamp+1"],"picked":"Rearm","floor":29},{"not_picked":["Deny","Spin"],"picked":"Unruled","floor":31}],"player_experience":640380,"relics_obtained":[{"floor":6.0,"key":"Vajra"},{"floor":9.0,"key":"Nunchaku"},{"floor":19,"key":"FossilizedHelix"},{"floor":19,"key":"Gambling Chip"},{"floor":26,"key":"reliquary:Buckler"},{"floor":27,"key":"reliquary:Sideboard"},{"floor":31,"key":"Art of War"}],"event_choices":[],"is_beta":false,"boss_relics":[{"not_picked":["SacredBark","Ectoplasm"],"picked":"reliquary:RedCape"}],"items_purged_floors":[],"is_endless":false,"potions_floor_spawned":[1,3,7,12,18,19,27,28,29],"killed_by":"Gensokyo:Eternal_Rivals","ascension_level":0}}