{"host":"je4rgfex33y123xe","time":1612748660,"event":{"mods":["BaseMod","Minty Spire (QoL Compilation)","StSLib"],"gold_per_floor":[111,127,144,157,172,172,191,223,235,322,366,398,410,441,453,561,573,603,530,17,17,28,28,53,66,66,66,76,76,94,123,123,228,228,244,257,257,276,103,135,135,135,215,227,247,247,272,272,272,272],"floor_reached":51,"language":"ENG","playtime":12917,"items_purged":["Strike_G"],"score":889,"play_id":"0e907b05-6e43-4c3b-95d0-24c0ce1c8c8d","local_time":"20210207194420","is_ascension_mode":true,"campfire_choices":[{"data":"Neutralize","floor":6,"key":"SMITH"},{"data":"Crippling Poison","floor":13,"key":"SMITH"},{"floor":15,"key":"REST"},{"data":"After Image","floor":23,"key":"SMITH"},{"floor":27,"key":"REST"},{"data":"Blade Dance","floor":29,"key":"SMITH"},{"data":"Blade Dance","floor":32,"key":"SMITH"},{"data":"Blur","floor":42,"key":"SMITH"},{"data":"Footwork","floor":46,"key":"SMITH"},{"data":"Dash","floor":49,"key":"SMITH"}],"circlet_count":0,"master_deck":["Strike_G","Strike_G","Defend_G","Defend_G","Defend_G","Defend_G","Defend_G","Survivor","Neutralize+1","Infinite Blades","Blade Dance+1","Dagger Spray","Blade Dance+1","Blur+1","Crippling Poison+1","Dash+1","Blur+1","PiercingWail+1","After Image+1","Dagger Spray+1","Footwork+1","Leg Sweep+1","Cloak And Dagger+1","Accuracy+1","PiercingWail+1","Noxious Fumes+1","Burst+1","Cloak And Dagger+1","Calculated Gamble+1","Backflip+1","Deadly Poison+1","Dodge and Roll+1"],"relics":["Ring of the Snake","MawBank","Toxic Egg 2","Centennial Puzzle","SlaversCollar","Eternal Feather","Pantograph","ClockworkSouvenir","HornCleat","InkBottle","Tiny Chest","WristBlade","Gremlin Horn","Mummified Hand"],"acts_visited":["Exordium","TheCity","TheBeyond"],"potions_floor_usage":[8,11,16,16,30,31],"damage_taken":[{"damage":0,"enemies":"Cultist","floor":1,"turns":4},{"damage":2,"enemies":"Jaw Worm","floor":2,"turns":5},{"damage":0,"enemies":"2 Louse","floor":3,"turns":2},{"damage":0,"enemies":"Exordium Wildlife","floor":4,"turns":4},{"damage":6,"enemies":"Looter","floor":5,"turns":3},{"damage":0,"enemies":"Blue Slaver","floor":7,"turns":3},{"damage":10,"enemies":"Lagavulin","floor":8,"turns":5},{"damage":17,"enemies":"Gremlin Nob","floor":11,"turns":4},{"damage":3,"enemies":"Lots of Slimes","floor":12,"turns":3},{"damage":4,"enemies":"2 Fungi Beasts","floor":14,"turns":3},{"damage":39,"enemies":"Slime Boss","floor":16,"turns":12},{"damage":1,"enemies":"3 Byrds","floor":18,"turns":4},{"damage":0,"enemies":"Chosen","floor":22,"turns":6},{"damage":39,"enemies":"Slavers","floor":24,"turns":4},{"damage":21,"enemies":"Centurion and Healer","floor":25,"turns":11},{"damage":0,"enemies":"Snecko","floor":28,"turns":7},{"damage":14,"enemies":"Snake Plant","floor":30,"turns":8},{"damage":1,"enemies":"Gremlin Leader","floor":31,"turns":6},{"damage":16,"enemies":"Collector","floor":33,"turns":8},{"damage":5,"enemies":"Orb Walker","floor":35,"turns":4},{"damage":24,"enemies":"3 Shapes","floor":36,"turns":5},{"damage":14,"enemies":"Sphere and 2 Shapes","floor":38,"turns":9},{"damage":2,"enemies":"Reptomancer","floor":40,"turns":5},{"damage":23,"enemies":"4 Shapes","floor":44,"turns":5},{"damage":0,"enemies":"Spire Growth","floor":45,"turns":4},{"damage":1,"enemies":"Nemesis","floor":47,"turns":5},{"damage":8,"enemies":"Awakened One","floor":50,"turns":16}],"seed_played":"-1263047181613641028","potions_obtained":[{"floor":3,"key":"DuplicationPotion"},{"floor":5,"key":"Strength Potion"},{"floor":7,"key":"Regen Potion"},{"floor":12,"key":"BlessingOfTheForge"},{"floor":16,"key":"Weak Potion"},{"floor":22,"key":"FearPotion"},{"floor":28,"key":"SteroidPotion"},{"floor":30,"key":"Weak Potion"},{"floor":31,"key":"BlessingOfTheForge"}],"is_trial":false,"path_per_floor":["M","M","M","M","M","R","M","E","T","?","E","M","R","M","R","B",null,"M","?","$","?","M","R","E","M","T","R","M","R","M","E","R","B",null,"M","M","?","M","$","E","$","R","T","M","M","R","E","?","R","B",null],"character_chosen":"THE_SILENT","items_purchased":["Pantograph","Footwork","ClockworkSouvenir","Leg Sweep+1","Backflip+1","Deadly Poison+1"],"campfire_rested":2,"item_purchase_floors":[20,20,20,20,39,39],"current_hp_per_floor":[70,68,68,68,62,62,62,52,52,41,24,21,21,17,38,14,56,55,55,55,55,55,70,31,10,10,46,46,61,47,46,61,54,66,61,37,37,23,23,21,21,39,39,16,16,34,33,33,51,62],"gold":272,"neow_bonus":"TRANSFORM_CARD","is_daily":false,"chose_seed":false,"campfire_upgraded":8,"win_rate":0.0,"timestamp":1612748660,"path_taken":["M","M","?","M","M","R","?","E","T","?","E","M","R","M","R","BOSS","M","?","$","?","M","R","E","M","T","R","M","R","?","E","R","BOSS","M","M","?","M","$","E","$","R","T","M","M","R","E","?","R","BOSS"],"items_purchased_type":["Relic","Card","Relic","Card","Card","Card"],"build_version":"2020-12-22","purchased_purges":1,"victory":true,"max_hp_per_floor":[70,70,70,70,70,70,70,70,70,70,70,70,70,70,70,70,70,70,70,70,70,70,70,70,70,70,70,70,70,70,70,70,70,70,70,70,70,70,70,70,70,70,70,70,70,70,70,70,70,70],"card_choices":[{"not_picked":["Sucker Punch","Endless Agony"],"picked":"Blade Dance","floor":1},{"not_picked":["Riddle With Holes","Skewer"],"picked":"Dagger Spray","floor":2},{"not_picked":["Flying Knee","Outmaneuver","Endless Agony"],"picked":"SKIP","floor":3},{"not_picked":["Deadly Poison","Dagger Spray"],"picked":"Blade Dance","floor":4},{"not_picked":["Poisoned Stab","Dagger Throw"],"picked":"Blur","floor":5},{"not_picked":["Eviscerate","Flying Knee","Underhanded Strike"],"picked":"SKIP","floor":7},{"not_picked":["Unload","All Out Attack"],"picked":"Crippling Poison","floor":8},{"not_picked":["Skewer","Dodge and Roll+1"],"picked":"Dash","floor":11},{"not_picked":["Backflip+1","Infinite Blades"],"picked":"Blur+1","floor":12},{"not_picked":["Slice","Deflect+1"],"picked":"PiercingWail+1","floor":14},{"not_picked":["Night Terror+1","Grand Finale"],"picked":"After Image","floor":16},{"not_picked":["Infinite Blades+1","Masterful Stab"],"picked":"Dagger Spray+1","floor":18},{"not_picked":["Reflex+1","Acrobatics+1"],"picked":"Cloak And Dagger+1","floor":22},{"not_picked":["Blade Dance+1","Prepared+1"],"picked":"Accuracy+1","floor":24},{"not_picked":["Dagger Throw","Poisoned Stab","Flying Knee"],"picked":"SKIP","floor":25},{"not_picked":["Poisoned Stab","Bane"],"picked":"PiercingWail+1","floor":28},{"not_picked":["Bane","Footwork"],"picked":"Noxious Fumes+1","floor":30},{"not_picked":["Reflex+1","Grand Finale","Slice"],"picked":"SKIP","floor":31},{"not_picked":["Die Die Die","Tools of the Trade"],"picked":"Burst+1","floor":33},{"not_picked":["Infinite Blades","Bane+1"],"picked":"Cloak And Dagger+1","floor":35},{"not_picked":["Slice","Underhanded Strike","Footwork"],"picked":"SKIP","floor":36},{"not_picked":["Sucker Punch+1","Outmaneuver+1"],"picked":"Calculated Gamble+1","floor":38},{"not_picked":["Endless Agony+1","Well Laid Plans+1","Setup+1"],"picked":"SKIP","floor":40},{"not_picked":["Dodge and Roll+1","PiercingWail+1","Slice"],"picked":"SKIP","floor":44},{"not_picked":["Dagger Spray+1","All Out Attack","Bouncing Flask+1"],"picked":"SKIP","floor":45},{"not_picked":["All Out Attack","Backstab"],"picked":"Dodge and Roll+1","floor":47}],"player_experience":378807,"relics_obtained":[{"floor":8,"key":"MawBank"},{"floor":9,"key":"Toxic Egg 2"},{"floor":11,"key":"Centennial Puzzle"},{"floor":24,"key":"HornCleat"},{"floor":26,"key":"InkBottle"},{"floor":31,"key":"Tiny Chest"},{"floor":40,"key":"Gremlin Horn"},{"floor":47,"key":"Mummified Hand"}],"event_choices":[{"damage_healed":0,"gold_gain":75,"player_choice":"Gather Gold","damage_taken":11,"max_hp_gain":0,"max_hp_loss":0,"event_name":"World of Goop","floor":10,"gold_loss":0},{"damage_healed":0,"gold_gain":0,"player_choice":"Obtained Relic","damage_taken":0,"relics_obtained":["Eternal Feather"],"max_hp_gain":0,"max_hp_loss":0,"event_name":"Addict","floor":19,"gold_loss":85},{"damage_healed":0,"gold_gain":0,"player_choice":"Read","damage_taken":0,"max_hp_gain":0,"max_hp_loss":0,"event_name":"The Library","floor":21,"gold_loss":0,"cards_obtained":["Noxious Fumes"]},{"cards_removed":["Noxious Fumes"],"damage_healed":0,"gold_gain":0,"player_choice":"Removed Power","damage_taken":0,"max_hp_gain":0,"max_hp_loss":0,"event_name":"Falling","floor":37,"gold_loss":0},{"cards_removed":["Strike_G"],"damage_healed":0,"gold_gain":0,"player_choice":"Card Removal","damage_taken":0,"max_hp_gain":0,"max_hp_loss":0,"event_name":"Wheel of Change","floor":48,"gold_loss":0}],"is_beta":false,"boss_relics":[{"not_picked":["Ring of the Serpent","HoveringKite"],"picked":"SlaversCollar"},{"not_picked":["Pandora\u0027s Box","Runic Dome"],"picked":"WristBlade"}],"items_purged_floors":[39],"is_endless":false,"potions_floor_spawned":[3,5,7,12,16,22,28,30,31,35,38],"ascension_level":5}}