{"host":"s24sb66hw4a4sfft","time":1612750857,"event":{"mods":["AchievementEnabler","BaseMod","Colored Map","Colored Powertips","Googly Eyes","Hermit","Hubris","Minty Spire (QoL Compilation)","Quick Restart","Shop Mod","StSLib"],"gold_per_floor":[109,121,134,134,134,160,179,214,264,264,5,24,24,40,40,119,119,133,48,67,43,53,53,66,66,66],"floor_reached":25,"language":"ENG","playtime":971,"items_purged":[],"score":355,"play_id":"c6704264-8ee9-47ad-9ac7-376660f486f8","local_time":"20210207212057","is_ascension_mode":true,"campfire_choices":[{"floor":15.0,"key":"REST"},{"floor":23.0,"key":"REST"}],"circlet_count":0,"master_deck":["AscendersBane","Strike_G","Strike_G","Strike_G","Strike_G","Strike_G","Defend_G","Defend_G","Defend_G+1","Defend_G","Defend_G","Survivor","Neutralize","Adrenaline+1","Masterful Stab","Phantasmal Killer","CurseOfTheBell","Bouncing Flask+1","Slice","Prepared","hubris:DuctTapeCard","Poisoned Stab"],"relics":["Ring of the Snake","NeowsBlessing","Kunai","hubris:Towel","Bag of Preparation","FossilizedHelix","Akabeko","hubris:DuctTape","White Beast Statue","Calling Bell","hubris:ToyBattleship","Matryoshka","hubris:Zylophone","hubris:AstralHammer"],"acts_visited":["Exordium","TheCity"],"potions_floor_usage":[25],"damage_taken":[{"damage":0.0,"enemies":"Cultist","floor":1.0,"turns":1.0},{"damage":0.0,"enemies":"2 Louse","floor":2.0,"turns":1.0},{"damage":0.0,"enemies":"Small Slimes","floor":3.0,"turns":1.0},{"damage":33.0,"enemies":"3 Sentries","floor":6.0,"turns":10.0},{"damage":1.0,"enemies":"Blue Slaver","floor":7.0,"turns":3.0},{"damage":7.0,"enemies":"Lagavulin","floor":8.0,"turns":4.0},{"damage":0.0,"enemies":"Exordium Thugs","floor":12.0,"turns":1.0},{"damage":0.0,"enemies":"3 Louse","floor":14.0,"turns":3.0},{"damage":16.0,"enemies":"Slime Boss","floor":16.0,"turns":11.0},{"damage":0.0,"enemies":"Spheric Guardian","floor":18.0,"turns":3.0},{"damage":6.0,"enemies":"Chosen","floor":20.0,"turns":3.0},{"damage":0.0,"enemies":"Centurion and Healer","floor":22.0,"turns":3.0},{"damage":0,"enemies":"Snecko","floor":24,"turns":3},{"damage":10,"enemies":"Gremlin Leader","floor":25,"turns":4}],"seed_played":"-8957443858577868722","potions_obtained":[{"floor":3.0,"key":"Fire Potion"},{"floor":7.0,"key":"EntropicBrew"},{"floor":8.0,"key":"ColorlessPotion"},{"floor":14.0,"key":"BlessingOfTheForge"},{"floor":16.0,"key":"Poison Potion"},{"floor":18.0,"key":"LiquidBronze"},{"floor":20.0,"key":"Block Potion"},{"floor":22.0,"key":"Dexterity Potion"}],"is_trial":false,"path_per_floor":["M","M","M","?","?","E","M","E","T","?","$","M","?","M","R","B",null,"M","?","M","$","M","R","M","E"],"character_chosen":"THE_SILENT","items_purchased":["hubris:DuctTape","Slice"],"campfire_rested":2,"item_purchase_floors":[11,21],"current_hp_per_floor":[63,63,63,60,60,27,26,19,19,5,5,5,5,5,26,10,55,55,55,49,49,49,70,70,60,60],"gold":66,"neow_bonus":"THREE_ENEMY_KILL","is_daily":false,"chose_seed":false,"campfire_upgraded":0,"win_rate":0.0,"timestamp":1612750857,"path_taken":["M","M","?","?","?","E","M","E","T","?","?","M","?","M","R","BOSS","M","?","M","$","M","R","M","E"],"items_purchased_type":["Relic","Card"],"build_version":"2020-12-22","purchased_purges":0,"victory":false,"max_hp_per_floor":[70,70,70,70,70,70,70,70,70,70,70,70,70,70,70,70,70,70,70,70,70,70,70,70,70,70],"card_choices":[{"not_picked":["Cloak And Dagger","Heel Hook"],"picked":"Dagger Spray","floor":1.0},{"not_picked":["Noxious Fumes","Quick Slash"],"picked":"Poisoned Stab","floor":2.0},{"not_picked":["Bane","hubris:Counter"],"picked":"Adrenaline","floor":3.0},{"not_picked":["Underhanded Strike","PiercingWail","Finisher"],"picked":"SKIP","floor":6.0},{"not_picked":["Eviscerate","Prepared"],"picked":"Slice","floor":7.0},{"not_picked":["Deadly Poison","Dagger Throw"],"picked":"Masterful Stab","floor":8.0},{"not_picked":["Bullet Time","Backflip","Infinite Blades"],"picked":"SKIP","floor":12.0},{"not_picked":["Escape Plan","Flechettes","Caltrops"],"picked":"SKIP","floor":14.0},{"not_picked":["Burst","After Image"],"picked":"Phantasmal Killer","floor":16.0},{"not_picked":["Dagger Throw","Dodge and Roll"],"picked":"Bouncing Flask+1","floor":18.0},{"not_picked":["Endless Agony","hubris:TrickCloak","Crippling Poison"],"picked":"SKIP","floor":20.0},{"not_picked":["Endless Agony","hubris:TrickCloak","Crippling Poison"],"picked":"SKIP","floor":20.0},{"not_picked":["Underhanded Strike","Choke"],"picked":"Prepared","floor":22.0},{"not_picked":["Deflect","Crippling Poison+1"],"picked":"Poisoned Stab","floor":24}],"player_experience":587746,"relics_obtained":[{"floor":6.0,"key":"Bag of Preparation"},{"floor":8.0,"key":"FossilizedHelix"},{"floor":9.0,"key":"Akabeko"},{"floor":17.0,"key":"hubris:ToyBattleship"},{"floor":17.0,"key":"Matryoshka"},{"floor":17.0,"key":"hubris:Zylophone"}],"event_choices":[{"damage_healed":0.0,"max_hp_gain":0.0,"max_hp_loss":0.0,"gold_gain":0.0,"event_name":"Scrap Ooze","player_choice":"Success","floor":4.0,"gold_loss":0.0,"damage_taken":3.0,"relics_obtained":["Kunai"]},{"damage_healed":0.0,"max_hp_gain":0.0,"max_hp_loss":0.0,"gold_gain":0.0,"event_name":"Shining Light","player_choice":"Entered Light","floor":10.0,"gold_loss":0.0,"damage_taken":14.0,"cards_upgraded":["Adrenaline","Defend_G"]},{"cards_removed":["Slice"],"damage_healed":0.0,"max_hp_gain":0.0,"max_hp_loss":0.0,"gold_gain":0.0,"event_name":"WeMeetAgain","player_choice":"Gave Card","floor":13.0,"gold_loss":0.0,"damage_taken":0.0,"relics_obtained":["White Beast Statue"]},{"damage_healed":0.0,"max_hp_gain":0.0,"max_hp_loss":0.0,"gold_gain":0.0,"event_name":"Addict","player_choice":"Obtained Relic","floor":19.0,"gold_loss":85.0,"damage_taken":0.0,"relics_obtained":["hubris:AstralHammer"]}],"is_beta":false,"boss_relics":[{"not_picked":["Snecko Eye","hubris:GrandSneckoEye"],"picked":"Calling Bell"}],"items_purged_floors":[],"is_endless":false,"potions_floor_spawned":[3,7,8,14,16,18,20,22,24],"killed_by":"Gremlin Leader","ascension_level":13}}