{"host":"0luxfixkkfk9wck3","time":1612763407,"event":{"mods":["BaseMod","DeckTracker","Downfall","Highlight Path","Minty Spire (QoL Compilation)","StSLib"],"gold_per_floor":[199,218,218,218,229,255,278,278,292,33,33,48,48,61,72,176,176,176,193,205,290,290,300,324,224,234,251,279,20,20,20,31,129,129,129,142,155,15,25,25,49,65,115,115,115,115,115,5,18,18],"floor_reached":51,"language":"ENG","playtime":8810,"items_purged":["bronze:Strike","Shame","bronze:Defend","bronze:Defend"],"score":1029,"play_id":"c83b095a-e046-41d4-8243-88bb6e7b53bc","local_time":"20210207235007","is_ascension_mode":true,"campfire_choices":[{"data":"bronze:Replicate","floor":1,"key":"SMITH"},{"floor":8,"key":"REST"},{"floor":13,"key":"REST"},{"floor":18,"key":"RECALL"},{"floor":25,"key":"REST"},{"floor":35,"key":"REST"},{"floor":40,"key":"REST"},{"data":"1","floor":45,"key":"LIFT"},{"data":"2","floor":47,"key":"LIFT"}],"circlet_count":0,"master_deck":["bronze:Defend","bronze:Replicate+1","bronze:Goto","bronze:BronzeOrb","bronze:Constructor","bronze:ItsAFeature","bronze:ChosenStrike","bronze:Shield","Apotheosis","bronze:InfiniteLoop","bronze:Backtrace","bronze:Mutator","bronze:Frontload","bronze:Flail","bronze:MaxOutput","bronze:Frontload","bronze:Format","bronze:ChildClass+1","bronze:Verify","bronze:Invalidate+1","bronze:Turbo+1","bronze:Boost+1","bronze:Branch+1"],"relics":["bronze:BronzeCore","Guardian:PocketSentry","Lantern","Fusion Hammer","Bronze Scales","downfall:HeartBlessingRed","Ginger","hexamod:BolsterEngine","MutagenicStrength","expansioncontent:StudyCardRelic","Happy Flower","Girya","Guardian:GemstoneGun"],"acts_visited":["Exordium","TheCity","TheBeyond"],"potions_floor_usage":[16],"damage_taken":[{"damage":6,"enemies":"Jaw Worm","floor":2,"turns":4},{"damage":0,"enemies":"2 Louse","floor":5,"turns":3},{"damage":47,"enemies":"Gremlin Nob","floor":6,"turns":5},{"damage":0,"enemies":"Small Slimes","floor":9,"turns":3},{"damage":0,"enemies":"downfall:FleeingMerchant","floor":10,"turns":4},{"damage":1,"enemies":"Exordium Wildlife","floor":12,"turns":4},{"damage":5,"enemies":"Red Slaver","floor":14,"turns":2},{"damage":0,"enemies":"Blue Slaver","floor":15,"turns":3},{"damage":11,"enemies":"IC_STATUS_ARCHETYPE","floor":16,"turns":10},{"damage":0,"enemies":"Shell Parasite","floor":19,"turns":2},{"damage":0,"enemies":"Centurion and Healer","floor":20,"turns":4},{"damage":2,"enemies":"Cultist and Chosen","floor":23,"turns":5},{"damage":0,"enemies":"3 Cultists","floor":26,"turns":4},{"damage":1,"enemies":"Snake Plant","floor":27,"turns":3},{"damage":0,"enemies":"Gremlin Leader","floor":28,"turns":4},{"damage":10,"enemies":"downfall:FleeingMerchant","floor":29,"turns":4},{"damage":0,"enemies":"Sentry and Sphere","floor":32,"turns":3},{"damage":0,"enemies":"WA_ARCHETYPE_CALM","floor":33,"turns":5},{"damage":0,"enemies":"3 Shapes","floor":36,"turns":3},{"damage":0,"enemies":"Orb Walker","floor":37,"turns":2},{"damage":0,"enemies":"downfall:FleeingMerchant","floor":38,"turns":4},{"damage":4,"enemies":"Writhing Mass","floor":39,"turns":4},{"damage":0,"enemies":"Jaw Worm Horde","floor":42,"turns":2},{"damage":4,"enemies":"Jaw Worm Horde","floor":43,"turns":3},{"damage":0,"enemies":"downfall:FleeingMerchant","floor":48,"turns":1},{"damage":0,"enemies":"Spire Growth","floor":49,"turns":2},{"damage":3,"enemies":"SI_POISON_ARCHETYPE","floor":50,"turns":4}],"seed_played":"2213150071223681009","potions_obtained":[{"floor":2,"key":"Energy Potion"},{"floor":5,"key":"bronze:FreeFunctionsPotion"},{"floor":9,"key":"Fire Potion"},{"floor":16,"key":"Block Potion"},{"floor":23,"key":"Fire Potion"},{"floor":27,"key":"PowerPotion"}],"is_trial":false,"path_per_floor":["R","M","?","?","M","E","T","R","M","$","?","M","R","M","M","B",null,"R","M","M","?","?","M","T","R","M","M","E","$","?","?","M","B",null,"R","M","M","$","M","R","T","M","?","?","R","?","R","$","M","B",null],"character_chosen":"THE_AUTOMATON","items_purchased":["Apotheosis","hexamod:BolsterEngine","Guardian:GemstoneGun"],"campfire_rested":5,"item_purchase_floors":[10,29,48],"current_hp_per_floor":[63,57,57,57,57,10,10,31,31,31,6,5,26,21,21,10,55,55,55,55,41,41,39,39,60,60,59,59,49,49,49,49,49,65,70,70,70,70,66,70,70,70,66,66,66,66,66,66,66,63],"gold":18,"neow_bonus":"HUNDRED_GOLD","is_daily":false,"chose_seed":false,"campfire_upgraded":1,"win_rate":0.0,"timestamp":1612763407,"path_taken":["R","M","?","?","M","E","T","R","M","$","?","M","R","M","M","BOSS","R","M","M","?","?","?","T","R","M","M","E","$","?","?","M","BOSS","R","M","M","$","M","R","T","M","?","?","R","?","R","$","M","BOSS"],"items_purchased_type":["Card","Relic","Relic"],"build_version":"2020-12-22","purchased_purges":4,"victory":true,"max_hp_per_floor":[70,70,70,70,70,70,70,70,70,70,70,70,70,70,70,70,70,70,70,70,70,70,70,70,70,70,70,70,70,70,70,70,70,70,70,70,70,70,70,70,70,70,70,70,70,70,70,70,70,70],"card_choices":[{"not_picked":["bronze:Separator","bronze:Repair"],"picked":"bronze:BronzeOrb","floor":2},{"not_picked":["bronze:BuggyMess","bronze:Deprecate","bronze:Refactor"],"picked":"SKIP","floor":5},{"not_picked":["bronze:Shell","bronze:AlphaBuild"],"picked":"bronze:ItsAFeature","floor":6},{"not_picked":["bronze:Optimize","bronze:DelayedGuard"],"picked":"bronze:ChosenStrike","floor":9},{"not_picked":["bronze:Overheat","bronze:Constructor"],"picked":"bronze:Shield","floor":10},{"not_picked":["bronze:WildBeam","bronze:Separator"],"picked":"bronze:InfiniteLoop","floor":12},{"not_picked":["bronze:FineTuning","bronze:Shield","bronze:Overheat"],"picked":"SKIP","floor":14},{"not_picked":["bronze:ChosenStrike","bronze:Shell"],"picked":"bronze:Backtrace","floor":15},{"not_picked":["bronze:BurnOut","bronze:CleanCode"],"picked":"bronze:Mutator","floor":16},{"not_picked":["bronze:Overheat","bronze:BugBarrage"],"picked":"bronze:Frontload","floor":19},{"not_picked":["bronze:WhirlingStrike","bronze:ChosenStrike"],"picked":"bronze:Flail","floor":20},{"not_picked":["bronze:DelayedGuard","bronze:InfiniteBeams+1"],"picked":"bronze:MaxOutput","floor":23},{"not_picked":["bronze:BitShift","bronze:Separator"],"picked":"bronze:Frontload","floor":26},{"not_picked":["bronze:Deprecate","bronze:Optimize","bronze:InfiniteLoop"],"picked":"SKIP","floor":27},{"not_picked":["bronze:Overheat","bronze:Return"],"picked":"bronze:Format","floor":28},{"not_picked":["bronze:CutThrough","bronze:BugBarrage","bronze:HyperBeam"],"picked":"SKIP","floor":29},{"not_picked":["bronze:BitShift","bronze:BronzeArmor+1"],"picked":"bronze:ChildClass+1","floor":32},{"not_picked":["bronze:Format","bronze:Library"],"picked":"bronze:Verify","floor":33},{"not_picked":["bronze:FineTuning+1","bronze:ClassDefault"],"picked":"bronze:Invalidate+1","floor":36},{"not_picked":["bronze:BitShift","bronze:DelayedSlice+1","bronze:Shield"],"picked":"SKIP","floor":37},{"not_picked":["bronze:ItsAFeature","bronze:Separator"],"picked":"bronze:Turbo+1","floor":38},{"not_picked":["bronze:Frontload","bronze:CutThrough","bronze:WhirlingStrike+1"],"picked":"SKIP","floor":39},{"not_picked":["bronze:MaxOutput","bronze:DelayedGuard+1"],"picked":"bronze:Boost+1","floor":42},{"not_picked":["bronze:SpaghettiCode","bronze:CutThrough"],"picked":"bronze:Branch+1","floor":43},{"not_picked":["bronze:Separator","bronze:BitShift+1","bronze:ShipIt"],"picked":"SKIP","floor":48},{"not_picked":["bronze:Frontload","bronze:Constructor+1","bronze:Branch"],"picked":"SKIP","floor":49}],"player_experience":11624581,"relics_obtained":[{"floor":6,"key":"Guardian:PocketSentry"},{"floor":7,"key":"Lantern"},{"floor":24,"key":"Bronze Scales"},{"floor":28,"key":"Ginger"},{"floor":41,"key":"Happy Flower"},{"floor":43,"key":"Girya"}],"event_choices":[{"damage_healed":0,"gold_gain":0,"player_choice":"Fled","damage_taken":25,"max_hp_gain":0,"max_hp_loss":0,"event_name":"Scrap Ooze","floor":11,"gold_loss":0},{"damage_healed":0,"gold_gain":0,"player_choice":"Inject Mutagens","damage_taken":0,"relics_obtained":["MutagenicStrength"],"max_hp_gain":0,"max_hp_loss":0,"event_name":"Drug Dealer","floor":30,"gold_loss":0},{"damage_healed":0,"gold_gain":0,"player_choice":"Ignored","damage_taken":0,"max_hp_gain":0,"max_hp_loss":0,"event_name":"Ghosts","floor":31,"gold_loss":0},{"damage_healed":0,"gold_gain":0,"player_choice":"Ignored","damage_taken":0,"max_hp_gain":0,"max_hp_loss":0,"event_name":"Mysterious Sphere","floor":44,"gold_loss":0}],"is_beta":false,"boss_relics":[{"not_picked":["Empty Cage","SlaversCollar"],"picked":"Fusion Hammer"},{"not_picked":["Snecko Eye","SacredBark"],"picked":"expansioncontent:StudyCardRelic"}],"items_purged_floors":[10,29,38,48],"is_endless":false,"potions_floor_spawned":[2,5,9,16,23,27,32,37,43,49],"ascension_level":7}}