{"host":"soyfmymeou4emntr","time":1612755793,"event":{"mods":["BaseMod","Minty Spire (QoL Compilation)","Permanent Neow","Relic Sorter","Relic Stats","StSLib"],"gold_per_floor":[119,269,75,95,109,141,39,74,74,94,108,108,133,150,150,224,224,234,234,234,254,97,97,123,138,162,194,213,248,258,278,278,351,351,364,384,178,230,243,243,273,288,288,288,288,288,302,1,1,1,1,1],"floor_reached":51,"language":"ENG","playtime":6381,"items_purged":["Doubt","Well Laid Plans","Underhanded Strike"],"score":1543,"play_id":"b6a178da-7287-46b0-9718-7baae8d219d9","local_time":"20210207204313","is_ascension_mode":true,"campfire_choices":[{"floor":12.0,"key":"REST"},{"data":"Phantasmal Killer","floor":15.0,"key":"SMITH"},{"data":"Venomology","floor":23.0,"key":"SMITH"},{"floor":32,"key":"REST"},{"floor":40,"key":"RECALL"},{"floor":44,"key":"REST"},{"floor":49,"key":"REST"}],"circlet_count":0,"master_deck":["AscendersBane","Defend_G","Defend_G","Defend_G","Defend_G","Defend_G","Survivor","Neutralize","Dagger Spray","Footwork","Backstab","Predator","Slice","Sucker Punch","Phantasmal Killer+1","Backflip","Outmaneuver","Venomology+1","Blade Dance","Bite","Bite","Bite","Bite","Bite","Finisher","Blade Dance","Choke+1","After Image","Cloak And Dagger","Blade Dance","A Thousand Cuts","Calculated Gamble","Flechettes","Accuracy","Flechettes+1","Bandage Up","Cloak And Dagger+1","Terror"],"relics":["Ring of the Snake","Potion Belt","Ornamental Fan","Pear","Ice Cream","Runic Pyramid","Bottled Flame","Bag of Preparation","Strawberry","Bottled Lightning","Fusion Hammer","Mango","Lantern","Membership Card","Anchor"],"acts_visited":["Exordium","TheCity","TheBeyond"],"potions_floor_usage":[29,30,31,33,33,35,36,38,38,41,41,41,42,47,50,50,50,50,50,50,50,51,51],"damage_taken":[{"damage":0.0,"enemies":"Small Slimes","floor":1.0,"turns":6.0},{"damage":0.0,"enemies":"2 Louse","floor":4.0,"turns":2.0},{"damage":2.0,"enemies":"Jaw Worm","floor":5.0,"turns":4.0},{"damage":24.0,"enemies":"Gremlin Nob","floor":6.0,"turns":4.0},{"damage":13.0,"enemies":"Lagavulin","floor":8.0,"turns":7.0},{"damage":6.0,"enemies":"Lots of Slimes","floor":10.0,"turns":4.0},{"damage":0.0,"enemies":"2 Fungi Beasts","floor":11.0,"turns":2.0},{"damage":0.0,"enemies":"Gremlin Nob","floor":13.0,"turns":2.0},{"damage":6.0,"enemies":"Looter","floor":14.0,"turns":2.0},{"damage":28.0,"enemies":"Slime Boss","floor":16.0,"turns":6.0},{"damage":16.0,"enemies":"Shell Parasite","floor":18.0,"turns":2.0},{"damage":15.0,"enemies":"3 Byrds","floor":21.0,"turns":5.0},{"damage":10.0,"enemies":"Slavers","floor":24.0,"turns":4.0},{"damage":8.0,"enemies":"Shelled Parasite and Fungi","floor":25.0,"turns":5.0},{"damage":5.0,"enemies":"Book of Stabbing","floor":27.0,"turns":2.0},{"damage":10.0,"enemies":"Sentry and Sphere","floor":28.0,"turns":6.0},{"damage":16,"enemies":"Slavers","floor":29,"turns":4},{"damage":9,"enemies":"Cultist and Chosen","floor":30,"turns":6},{"damage":0,"enemies":"Centurion and Healer","floor":31,"turns":4},{"damage":48,"enemies":"Champ","floor":33,"turns":8},{"damage":20,"enemies":"3 Shapes","floor":35,"turns":8},{"damage":0,"enemies":"3 Darklings","floor":36,"turns":5},{"damage":16,"enemies":"2 Orb Walkers","floor":38,"turns":4},{"damage":24,"enemies":"Sphere and 2 Shapes","floor":39,"turns":5},{"damage":41,"enemies":"Reptomancer","floor":41,"turns":7},{"damage":31,"enemies":"Writhing Mass","floor":42,"turns":5},{"damage":24,"enemies":"3 Darklings","floor":47,"turns":5},{"damage":50,"enemies":"Awakened One","floor":50,"turns":12},{"damage":36,"enemies":"Donu and Deca","floor":51,"turns":4}],"seed_played":"-5358898783407050067","potions_obtained":[{"floor":1.0,"key":"BlessingOfTheForge"},{"floor":5.0,"key":"Weak Potion"},{"floor":6.0,"key":"PowerPotion"},{"floor":10.0,"key":"FearPotion"},{"floor":16.0,"key":"EssenceOfSteel"},{"floor":18.0,"key":"Swift Potion"},{"floor":24.0,"key":"EntropicBrew"},{"floor":29,"key":"LiquidMemories"},{"floor":33,"key":"Dexterity Potion"},{"floor":35,"key":"CunningPotion"},{"floor":36,"key":"DuplicationPotion"},{"floor":42,"key":"BlessingOfTheForge"},{"floor":47,"key":"EssenceOfSteel"}],"is_trial":false,"path_per_floor":["M","?","$","M","M","E","$","E","T","M","M","R","E","M","R","B",null,"M","?","?","M","$","R","E","M","T","E","M","E","M","M","R","B",null,"M","M","$","?","M","R","E","M","T","R","?","?","M","$","R","B","B"],"character_chosen":"THE_SILENT","items_purchased":["Footwork","Backstab","Well Laid Plans","Sucker Punch","Blade Dance","Accuracy","Membership Card","Anchor","Terror"],"campfire_rested":4,"item_purchase_floors":[3,3,7,7,22,37,48,48,48],"current_hp_per_floor":[59,59,59,59,57,33,33,22,32,28,30,52,54,50,50,24,63,49,64,64,59,59,59,57,53,53,57,57,41,40,46,70,46,74,64,72,72,76,60,60,29,8,8,37,37,37,25,25,54,23,0,0],"gold":1,"neow_bonus":"RANDOM_COMMON_RELIC","is_daily":false,"chose_seed":false,"campfire_upgraded":2,"win_rate":0.0,"timestamp":1612755793,"path_taken":["M","?","$","M","M","E","$","E","T","M","M","R","E","M","R","BOSS","M","?","?","M","$","R","E","M","T","E","?","E","M","?","R","BOSS","M","M","$","?","M","R","E","M","T","R","?","?","M","?","R","BOSS","BOSS"],"items_purchased_type":["Card","Card","Card","Card","Card","Card","Relic","Relic","Card"],"build_version":"2020-12-22","purchased_purges":3,"victory":false,"max_hp_per_floor":[66,66,66,66,66,66,66,66,76,76,76,76,76,76,76,76,76,76,76,76,76,76,76,76,76,76,83,83,83,83,83,83,83,83,83,83,83,97,97,97,97,97,97,97,97,97,97,97,97,97,97,97],"relic_stats":{"counters":[29,140],"Ornamental Fan":[356],"Bag of Preparation":[30],"obtain_stats":[{"Potion Belt":0,"Ice Cream":13,"Lantern":41,"Pear":9,"Mango":38,"Bag of Preparation":26,"Blood Vial":6,"Bottled Flame":24,"Anchor":48,"Ornamental Fan":8,"Strawberry":27,"Fusion Hammer":34,"Bottled Lightning":29,"Membership Card":48,"Ring of the Snake":0,"Runic Pyramid":17},{"Potion Belt":0,"Ice Cream":8,"Lantern":25,"Pear":5,"Mango":23,"Bag of Preparation":14,"Blood Vial":4,"Bottled Flame":13,"Anchor":27,"Ornamental Fan":5,"Strawberry":15,"Fusion Hammer":20,"Bottled Lightning":17,"Membership Card":27,"Ring of the Snake":0,"Runic Pyramid":10},{"Potion Belt":0,"Ice Cream":31,"Lantern":114,"Pear":23,"Mango":102,"Bag of Preparation":55,"Blood Vial":16,"Bottled Flame":50,"Anchor":124,"Ornamental Fan":23,"Strawberry":57,"Fusion Hammer":85,"Bottled Lightning":67,"Membership Card":124,"Ring of the Snake":0,"Runic Pyramid":39}],"Ring of the Snake":[58]},"card_choices":[{"not_picked":["Predator","Noxious Fumes"],"picked":"Dagger Spray","floor":1.0},{"not_picked":["Acrobatics","Slice"],"picked":"Predator","floor":4.0},{"not_picked":["Deflect","Choke"],"picked":"Underhanded Strike","floor":5.0},{"not_picked":["Flechettes","Dodge and Roll"],"picked":"Slice","floor":6.0},{"not_picked":["Outmaneuver","Backflip"],"picked":"Phantasmal Killer","floor":8.0},{"not_picked":["Bane","Dagger Spray","Poisoned Stab"],"picked":"SKIP","floor":10.0},{"not_picked":["Concentrate","Underhanded Strike"],"picked":"Backflip","floor":11.0},{"not_picked":["Flechettes","Backflip"],"picked":"Outmaneuver","floor":13.0},{"not_picked":["Infinite Blades","Prepared","Quick Slash"],"picked":"SKIP","floor":14.0},{"not_picked":["Bullet Time","Grand Finale"],"picked":"Venomology","floor":16.0},{"not_picked":["Flying Knee","Predator+1"],"picked":"Blade Dance","floor":18.0},{"not_picked":["Slice","Flying Knee"],"picked":"Finisher","floor":21.0},{"not_picked":["Dagger Spray","Underhanded Strike+1"],"picked":"Choke+1","floor":24.0},{"not_picked":["Heel Hook","Underhanded Strike+1","Poisoned Stab"],"picked":"SKIP","floor":25.0},{"not_picked":["Distraction","Crippling Poison+1"],"picked":"After Image","floor":27.0},{"not_picked":["Flying Knee","Dagger Spray","Prepared"],"picked":"SKIP","floor":28.0},{"not_picked":["Quick Slash","Leg Sweep"],"picked":"Cloak And Dagger","floor":29},{"not_picked":["Bane","Quick Slash"],"picked":"Blade Dance","floor":30},{"not_picked":["PiercingWail","Backflip","Dagger Spray"],"picked":"SKIP","floor":31},{"not_picked":["Corpse Explosion","Grand Finale"],"picked":"A Thousand Cuts","floor":33},{"not_picked":["Blade Dance","Deadly Poison"],"picked":"Calculated Gamble","floor":35},{"not_picked":["Poisoned Stab","Crippling Poison"],"picked":"Flechettes","floor":36},{"not_picked":["Quick Slash","Outmaneuver","Poisoned Stab"],"picked":"SKIP","floor":39},{"not_picked":["Blur","Acrobatics"],"picked":"Flechettes+1","floor":41},{"not_picked":["Predator","Flying Knee"],"picked":"Caltrops","floor":42},{"not_picked":["PanicButton","Master of Strategy"],"picked":"Bandage Up","floor":46},{"not_picked":["Blur","Blade Dance"],"picked":"Cloak And Dagger+1","floor":47}],"player_experience":3114928,"relics_obtained":[{"floor":6.0,"key":"Blood Vial"},{"floor":8.0,"key":"Ornamental Fan"},{"floor":9.0,"key":"Pear"},{"floor":13.0,"key":"Ice Cream"},{"floor":24.0,"key":"Bottled Flame"},{"floor":26.0,"key":"Bag of Preparation"},{"floor":27.0,"key":"Strawberry"},{"floor":29,"key":"Bottled Lightning"},{"floor":38,"key":"Mango"},{"floor":41,"key":"Lantern"}],"event_choices":[{"damage_healed":0.0,"max_hp_gain":0.0,"max_hp_loss":0.0,"gold_gain":150.0,"event_name":"Liars Game","player_choice":"AGREE","floor":2.0,"gold_loss":0.0,"damage_taken":0.0,"cards_obtained":["Doubt"]},{"damage_healed":15.0,"max_hp_gain":0.0,"max_hp_loss":0.0,"gold_gain":0.0,"event_name":"The Library","player_choice":"Heal","floor":19.0,"gold_loss":0.0,"damage_taken":0.0},{"damage_healed":0.0,"max_hp_gain":0.0,"max_hp_loss":0.0,"gold_gain":0.0,"event_name":"Vampires","player_choice":"Became a vampire (Vial)","floor":20.0,"relics_lost":["Blood Vial"],"gold_loss":0.0,"damage_taken":0.0,"cards_obtained":["Bite","Bite","Bite","Bite","Bite"]},{"damage_healed":0,"gold_gain":0,"player_choice":"Fight","damage_taken":0,"max_hp_gain":0,"max_hp_loss":0,"event_name":"Mysterious Sphere","floor":38,"gold_loss":0},{"cards_removed":["Caltrops"],"damage_healed":0,"gold_gain":0,"player_choice":"Removed Power","damage_taken":0,"max_hp_gain":0,"max_hp_loss":0,"event_name":"Falling","floor":45,"gold_loss":0},{"damage_healed":0,"gold_gain":0,"player_choice":"Memory 1","damage_taken":0,"max_hp_gain":0,"max_hp_loss":0,"event_name":"SensoryStone","floor":46,"gold_loss":0}],"is_beta":false,"boss_relics":[{"not_picked":["Calling Bell","Empty Cage"],"picked":"Runic Pyramid"},{"not_picked":["Runic Dome","Snecko Eye"],"picked":"Fusion Hammer"}],"items_purged_floors":[3,22,37],"is_endless":false,"potions_floor_spawned":[1,5,6,10,16,18,24,29,31,33,35,36,39,42,47],"killed_by":"Donu and Deca","ascension_level":20}}