{"host":"ypzb5vvnu9f3ii1t","time":1612795885,"event":{"mods":["AchievementEnabler","BaseMod","Colored Map","DeckTracker","Keyboard Shortcuts","Minty Spire (QoL Compilation)","Permanent Neow","Quick Restart","SuperFastMode"],"gold_per_floor":[117,117,117,135,135,164,164,197,197,197,48,123,157,157,157,252,252,268,268,268,178,194,194,208,238,308,324,324,324,224,149,149,250,250,267,282,282,282,297,328,328,328,405,405,415,442,442,456,456,456,456,456,309,338,338],"floor_reached":56,"language":"KOR","playtime":2225,"items_purged":["Defend_P","Strike_P"],"score":1550,"play_id":"4dbdc7e9-8cfa-4b47-aaa8-3997fa7349fe","local_time":"20210208235125","is_ascension_mode":true,"campfire_choices":[{"data":"Eruption","floor":7.0,"key":"SMITH"},{"floor":10.0,"key":"REST"},{"data":"Defend_P","floor":15.0,"key":"PURGE"},{"data":"MentalFortress","floor":23.0,"key":"SMITH"},{"floor":32.0,"key":"REST"},{"data":"Defend_P","floor":41,"key":"PURGE"},{"floor":44,"key":"RECALL"},{"floor":49,"key":"REST"},{"data":"Vigilance","floor":52,"key":"PURGE"}],"circlet_count":0,"master_deck":["Eruption+1","MentalFortress+1","Scrawl","FearNoEvil+1","InnerPeace","TalkToTheHand+1","MentalFortress+1","Vault+1","Adaptation+1","Madness","Madness"],"relics":["PureWater","NeowsBlessing","Peace Pipe","Vajra","Bag of Preparation","Eternal Feather","Incense Burner","Damaru","Blue Candle","MutagenicStrength","VioletLotus","Dream Catcher","CeramicFish","Bronze Scales","Art of War"],"acts_visited":["Exordium","TheCity","TheBeyond","TheEnding"],"potions_floor_usage":[55,55,55],"damage_taken":[{"damage":0.0,"enemies":"2 Louse","floor":1.0,"turns":2.0},{"damage":0.0,"enemies":"Cultist","floor":4.0,"turns":1.0},{"damage":0.0,"enemies":"Gremlin Nob","floor":6.0,"turns":1.0},{"damage":19.0,"enemies":"Lagavulin","floor":8.0,"turns":5.0},{"damage":0.0,"enemies":"Gremlin Nob","floor":13.0,"turns":2.0},{"damage":31.0,"enemies":"The Guardian","floor":16.0,"turns":11.0},{"damage":20.0,"enemies":"Shell Parasite","floor":18.0,"turns":4.0},{"damage":0.0,"enemies":"Spheric Guardian","floor":22.0,"turns":3.0},{"damage":0.0,"enemies":"Snake Plant","floor":24.0,"turns":2.0},{"damage":5.0,"enemies":"Book of Stabbing","floor":25.0,"turns":5.0},{"damage":7.0,"enemies":"Snecko","floor":27.0,"turns":5.0},{"damage":0.0,"enemies":"Sentry and Sphere","floor":28.0,"turns":1.0},{"damage":8,"enemies":"Champ","floor":33,"turns":10},{"damage":10,"enemies":"3 Shapes","floor":35,"turns":4},{"damage":0,"enemies":"3 Darklings","floor":36,"turns":1},{"damage":0,"enemies":"Transient","floor":39,"turns":5},{"damage":0,"enemies":"Giant Head","floor":40,"turns":2},{"damage":6,"enemies":"4 Shapes","floor":45,"turns":3},{"damage":0,"enemies":"Nemesis","floor":46,"turns":2},{"damage":0,"enemies":"Writhing Mass","floor":48,"turns":2},{"damage":0,"enemies":"Donu and Deca","floor":50,"turns":3},{"damage":0,"enemies":"Shield and Spear","floor":54,"turns":2},{"damage":74,"enemies":"The Heart","floor":55,"turns":6}],"seed_played":"-2202713308180364029","potions_obtained":[{"floor":1.0,"key":"ColorlessPotion"},{"floor":6.0,"key":"Explosive Potion"},{"floor":8.0,"key":"SpeedPotion"},{"floor":18.0,"key":"GamblersBrew"},{"floor":25.0,"key":"SmokeBomb"},{"floor":35,"key":"Fire Potion"},{"floor":45,"key":"PowerPotion"}],"is_trial":false,"path_per_floor":["M","?","?","M","T","E","R","E","T","R","$","?","E","?","R","B",null,"M","?","?","?","M","R","M","E","T","M","M","?","$","?","R","B",null,"M","M","?","?","M","E","R","?","T","R","M","E","?","M","R","B",null,"R","$","E","B",null],"character_chosen":"WATCHER","items_purchased":["MentalFortress","Bronze Scales"],"campfire_rested":3,"item_purchase_floors":[11,53],"current_hp_per_floor":[72,65,65,65,65,65,65,46,46,70,70,59,59,64,67,36,77,57,57,57,57,57,60,60,55,55,48,48,48,48,48,74,66,77,67,67,67,67,67,67,73,63,63,69,63,63,63,63,77,77,77,77,77,77,3],"gold":338,"neow_bonus":"THREE_ENEMY_KILL","is_daily":false,"chose_seed":false,"campfire_upgraded":2,"win_rate":0.0,"timestamp":1612795885,"path_taken":["M","?","?","?","?","E","R","E","T","R","$","?","E","?","R","BOSS","M","?","?","?","M","R","?","E","T","M","?","?","$","?","R","BOSS","M","M","?","?","?","E","R","?","T","R","M","E","?","M","R","BOSS","R","$","E","BOSS"],"items_purchased_type":["Card","Relic"],"build_version":"2020-12-22","purchased_purges":2,"victory":true,"max_hp_per_floor":[72,72,72,72,72,72,72,72,72,72,72,72,72,77,77,77,77,77,77,77,77,77,77,77,77,77,77,77,77,77,77,77,77,77,77,77,77,77,77,77,77,77,77,77,77,77,77,77,77,77,77,77,77,77,77],"card_choices":[{"not_picked":["Conclude","Prostrate","ClearTheMind"],"picked":"SKIP","floor":1.0},{"not_picked":["Vengeance","FollowUp","Consecrate"],"picked":"SKIP","floor":4.0},{"not_picked":["JustLucky","FlyingSleeves","SashWhip"],"picked":"SKIP","floor":6.0},{"not_picked":["Study","Consecrate","FlurryOfBlows"],"picked":"SKIP","floor":8.0},{"not_picked":["Consecrate","DevaForm","Sanctity"],"picked":"SKIP","floor":13.0},{"not_picked":["Establishment","SpiritShield"],"picked":"Scrawl","floor":16.0},{"not_picked":["ThirdEye","CutThroughFate","EmptyBody"],"picked":"SKIP","floor":18.0},{"not_picked":["CutThroughFate","Halt","ClearTheMind"],"picked":"SKIP","floor":22.0},{"not_picked":["Crescendo","BowlingBash"],"picked":"InnerPeace","floor":24.0},{"not_picked":["LessonLearned","EmptyBody"],"picked":"TalkToTheHand+1","floor":25.0},{"not_picked":["JustLucky+1","FlurryOfBlows"],"picked":"MentalFortress","floor":27.0},{"not_picked":["MasterReality","Brilliance"],"picked":"Vault","floor":33},{"not_picked":["SashWhip","Evaluate"],"picked":"Adaptation+1","floor":35},{"not_picked":["PathToVictory+1","FollowUp+1","Weave+1"],"picked":"SKIP","floor":36},{"not_picked":["Fasting2+1","Halt","Indignation"],"picked":"SKIP","floor":39},{"not_picked":["ForeignInfluence+1","Omniscience","TalkToTheHand+1"],"picked":"SKIP","floor":40},{"not_picked":["FlurryOfBlows","CutThroughFate+1","SashWhip+1"],"picked":"SKIP","floor":45},{"not_picked":["CarveReality+1","Scrawl","Weave"],"picked":"SKIP","floor":46},{"not_picked":["CrushJoints+1","EmptyBody","EmptyFist"],"picked":"SKIP","floor":48},{"not_picked":["Conclude","FollowUp","Weave"],"picked":"SKIP","floor":54}],"player_experience":194753,"relics_obtained":[{"floor":5.0,"key":"Peace Pipe"},{"floor":6.0,"key":"Vajra"},{"floor":8.0,"key":"Bag of Preparation"},{"floor":9.0,"key":"Eternal Feather"},{"floor":13.0,"key":"Incense Burner"},{"floor":25.0,"key":"Damaru"},{"floor":26.0,"key":"Blue Candle"},{"floor":40,"key":"Dream Catcher"},{"floor":46,"key":"CeramicFish"},{"floor":54,"key":"Art of War"}],"event_choices":[{"cards_removed":["Strike_P"],"damage_healed":0.0,"max_hp_gain":0.0,"max_hp_loss":0.0,"gold_gain":0.0,"event_name":"Golden Wing","player_choice":"Card Removal","floor":2.0,"gold_loss":0.0,"damage_taken":7.0},{"cards_removed":["Defend_P"],"damage_healed":0.0,"max_hp_gain":0.0,"max_hp_loss":0.0,"gold_gain":0.0,"event_name":"Purifier","player_choice":"Purged","floor":3.0,"gold_loss":0.0,"damage_taken":0.0},{"damage_healed":0.0,"max_hp_gain":0.0,"max_hp_loss":0.0,"gold_gain":75.0,"event_name":"World of Goop","player_choice":"Gather Gold","floor":12.0,"gold_loss":0.0,"damage_taken":11.0},{"damage_healed":0.0,"max_hp_gain":5.0,"max_hp_loss":0.0,"gold_gain":0.0,"event_name":"Big Fish","player_choice":"Donut","floor":14.0,"gold_loss":0.0,"damage_taken":0.0},{"damage_healed":0.0,"max_hp_gain":0.0,"max_hp_loss":0.0,"gold_gain":0.0,"event_name":"The Library","player_choice":"Read","floor":19.0,"gold_loss":0.0,"damage_taken":0.0,"cards_obtained":["FearNoEvil"]},{"damage_healed":0.0,"max_hp_gain":0.0,"max_hp_loss":0.0,"gold_gain":0.0,"event_name":"Ghosts","player_choice":"Ignored","floor":20.0,"gold_loss":0.0,"damage_taken":0.0},{"cards_removed":["Strike_P"],"damage_healed":0.0,"max_hp_gain":0.0,"max_hp_loss":0.0,"gold_gain":0.0,"event_name":"Designer","player_choice":"Upgrade and Remove","floor":21.0,"gold_loss":90.0,"damage_taken":0.0,"cards_upgraded":["FearNoEvil"]},{"damage_healed":0.0,"max_hp_gain":0.0,"max_hp_loss":0.0,"gold_gain":0.0,"event_name":"Drug Dealer","player_choice":"Inject Mutagens","floor":29.0,"gold_loss":0.0,"damage_taken":0.0,"relics_obtained":["MutagenicStrength"]},{"cards_removed":["Strike_P"],"damage_healed":0.0,"max_hp_gain":0.0,"max_hp_loss":0.0,"gold_gain":0.0,"event_name":"Beggar","player_choice":"Gave Gold","floor":31.0,"gold_loss":75.0,"damage_taken":0.0},{"damage_healed":0,"gold_gain":0,"player_choice":"Ignored","damage_taken":0,"max_hp_gain":0,"max_hp_loss":0,"event_name":"Mysterious Sphere","floor":37,"gold_loss":0},{"damage_healed":0,"gold_gain":0,"player_choice":"Upgraded","damage_taken":0,"max_hp_gain":0,"max_hp_loss":0,"event_name":"Upgrade Shrine","floor":38,"gold_loss":0,"cards_upgraded":["MentalFortress"]},{"damage_healed":0,"gold_gain":0,"player_choice":"Embrace Madness","damage_taken":10,"max_hp_gain":0,"max_hp_loss":0,"event_name":"Winding Halls","floor":42,"gold_loss":0,"cards_obtained":["Madness","Madness"]},{"damage_healed":0,"gold_gain":0,"player_choice":"Forge","damage_taken":0,"max_hp_gain":0,"max_hp_loss":0,"event_name":"Accursed Blacksmith","floor":47,"gold_loss":0,"cards_upgraded":["Vault"]}],"is_beta":false,"boss_relics":[{"not_picked":["Busted Crown","Ectoplasm","Coffee Dripper"]},{"not_picked":["Snecko Eye","HolyWater"],"picked":"VioletLotus"}],"items_purged_floors":[11,30],"is_endless":false,"potions_floor_spawned":[1,6,8,18,25,28,35,45,46],"ascension_level":2}}