{"host":"hnfelxnirsihwvcb","time":1612821589,"event":{"mods":["BaseMod","Colored Map","DeckTracker","Highlight Path","Minty Spire (QoL Compilation)","Quick Restart","Relic Sorter","Relic Stats","Shop Mod","StSLib","SuperFastMode"],"gold_per_floor":[118,43,96,112,131,131,144,319,319,319,344,344,359,372,372,477,477,492,442,442,452,466,466,478,478,502,502,602,617,617,629,629,726,726,745,758,776,796,796,796,811,811,811,824,824,671,671,671,671,671],"floor_reached":51,"language":"ENG","playtime":1727,"items_purged":["Cloak And Dagger"],"score":1001,"play_id":"d1827c5b-0836-4f6e-acfc-ea91d46f317b","local_time":"20210208225949","daily_mods":["SealedDeck","Vintage","Binary"],"is_ascension_mode":false,"campfire_choices":[{"data":"Accuracy","floor":6,"key":"SMITH"},{"data":"Doubt","floor":10,"key":"PURGE"},{"data":"Deadly Poison","floor":12,"key":"PURGE"},{"data":"Blade Dance","floor":15,"key":"SMITH"},{"data":"Catalyst","floor":23,"key":"PURGE"},{"data":"Deadly Poison","floor":25,"key":"SMITH"},{"data":"Deadly Poison+1","floor":27,"key":"PURGE"},{"data":"Cloak And Dagger","floor":30,"key":"PURGE"},{"data":"Accuracy","floor":32,"key":"SMITH"},{"data":"Blade Dance+1","floor":40,"key":"PURGE"},{"data":"Endless Agony","floor":42,"key":"SMITH"},{"floor":45,"key":"REST"},{"floor":49,"key":"REST"}],"circlet_count":0,"master_deck":["Endless Agony+1","Deflect+1","Accuracy+1","Blade Dance+1","Accuracy+1"],"relics":["Unceasing Top","Busted Crown","Kunai","Smiling Mask","Peace Pipe","Ginger","FossilizedHelix","CaptainsWheel","Bronze Scales","Ornamental Fan","HornCleat","WristBlade","Omamori","Nunchaku","Snake Skull","Blood Vial","Boot","Strawberry","Calling Bell","War Paint","StrikeDummy","Du-Vu Doll","Bottled Lightning","Orichalcum","Question Card","Centennial Puzzle","Happy Flower","Tingsha","Lantern","Juzu Bracelet"],"acts_visited":["Exordium","TheCity","TheBeyond"],"potions_floor_usage":[50,50,50],"damage_taken":[{"damage":0,"enemies":"Cultist","floor":1,"turns":2},{"damage":0,"enemies":"2 Louse","floor":4,"turns":2},{"damage":0,"enemies":"Small Slimes","floor":5,"turns":2},{"damage":4,"enemies":"Looter","floor":7,"turns":2},{"damage":0,"enemies":"Lagavulin","floor":11,"turns":3},{"damage":0,"enemies":"Lots of Slimes","floor":13,"turns":1},{"damage":0,"enemies":"Gremlin Gang","floor":14,"turns":2},{"damage":0,"enemies":"Slime Boss","floor":16,"turns":4},{"damage":0,"enemies":"Shell Parasite","floor":18,"turns":2},{"damage":0,"enemies":"Spheric Guardian","floor":21,"turns":1},{"damage":0,"enemies":"Chosen and Byrds","floor":22,"turns":2},{"damage":0,"enemies":"Centurion and Healer","floor":24,"turns":2},{"damage":0,"enemies":"Shelled Parasite and Fungi","floor":29,"turns":1},{"damage":0,"enemies":"Snake Plant","floor":31,"turns":2},{"damage":0,"enemies":"Automaton","floor":33,"turns":2},{"damage":0,"enemies":"3 Darklings","floor":35,"turns":1},{"damage":0,"enemies":"3 Shapes","floor":36,"turns":1},{"damage":0,"enemies":"3 Darklings","floor":37,"turns":2},{"damage":0,"enemies":"Spire Growth","floor":38,"turns":2},{"damage":0,"enemies":"Sphere and 2 Shapes","floor":41,"turns":2},{"damage":0,"enemies":"Writhing Mass","floor":44,"turns":2},{"damage":0,"enemies":"Awakened One","floor":50,"turns":2}],"seed_played":"9177326944341787177","potions_obtained":[{"floor":7,"key":"LiquidBronze"},{"floor":11,"key":"Ancient Potion"},{"floor":22,"key":"DuplicationPotion"}],"is_trial":true,"path_per_floor":["M","$","T","M","M","R","M","?","T","R","E","R","M","M","R","B",null,"M","$","?","M","M","R","M","R","T","R","?","M","R","M","R","B",null,"M","M","M","M","?","R","M","R","T","M","R","$","?","?","R","B",null],"character_chosen":"THE_SILENT","items_purchased":["Infinite Blades","Juzu Bracelet"],"campfire_rested":2,"item_purchase_floors":[2,46],"current_hp_per_floor":[70,70,70,70,70,70,66,66,66,66,66,66,66,66,66,66,70,70,70,70,70,70,70,70,70,70,70,70,70,70,77,77,77,77,77,77,77,77,77,77,77,77,77,77,77,77,77,77,77,77],"gold":671,"neow_bonus":"","is_daily":false,"chose_seed":false,"campfire_upgraded":5,"win_rate":0.0,"timestamp":1612821589,"path_taken":["M","$","?","M","?","R","M","?","T","R","E","R","M","M","R","BOSS","M","$","?","M","M","R","M","R","T","R","?","M","R","M","R","BOSS","M","?","M","M","?","R","M","R","T","M","R","$","?","?","R","BOSS"],"items_purchased_type":["Card","Relic"],"build_version":"2020-12-22","purchased_purges":1,"victory":true,"max_hp_per_floor":[70,70,70,70,70,70,70,70,70,70,70,70,70,70,70,70,70,70,70,70,70,70,70,70,70,70,70,70,70,70,77,77,77,77,77,77,77,77,77,77,77,77,77,77,77,77,77,77,77,77],"relic_stats":{"Happy Flower":[1],"counters":[22,42],"Tingsha":[0],"Snake Skull":[0],"Juzu Bracelet":2,"Ginger":[0],"War Paint":["Blade Dance","Deflect"],"Orichalcum":[0],"Smiling Mask":25,"Boot":[10],"Question Card":0,"Peace Pipe":10,"Blood Vial":0,"Nunchaku":[16],"Centennial Puzzle":[0],"Busted Crown":8,"Ornamental Fan":[256],"Bronze Scales":[44],"Kunai":[74],"obtain_stats":[{"Lantern":44,"Snake Skull":24,"Juzu Bracelet":46,"Ginger":5,"Smiling Mask":3,"Boot":29,"Blood Vial":26,"Nunchaku":22,"Centennial Puzzle":38,"HornCleat":14,"WristBlade":17,"Strawberry":31,"Kunai":1,"Happy Flower":41,"Tingsha":43,"Omamori":21,"War Paint":34,"Orichalcum":36,"Question Card":37,"Peace Pipe":4,"Calling Bell":34,"Du-Vu Doll":34,"CaptainsWheel":9,"Busted Crown":0,"Ornamental Fan":13,"Bronze Scales":11,"Bottled Lightning":35,"StrikeDummy":34,"Unceasing Top":0,"FossilizedHelix":7},{"Lantern":21,"Snake Skull":12,"Juzu Bracelet":21,"Ginger":3,"Smiling Mask":1,"Boot":13,"Blood Vial":12,"Nunchaku":11,"Centennial Puzzle":19,"HornCleat":7,"WristBlade":8,"Strawberry":14,"Kunai":1,"Happy Flower":20,"Tingsha":20,"Omamori":10,"War Paint":15,"Orichalcum":17,"Question Card":18,"Peace Pipe":2,"Calling Bell":15,"Du-Vu Doll":15,"CaptainsWheel":4,"Busted Crown":0,"Ornamental Fan":6,"Bronze Scales":5,"Bottled Lightning":16,"StrikeDummy":15,"Unceasing Top":0,"FossilizedHelix":4},{"Lantern":40,"Snake Skull":25,"Juzu Bracelet":40,"Ginger":6,"Smiling Mask":2,"Boot":26,"Blood Vial":25,"Nunchaku":23,"Centennial Puzzle":36,"HornCleat":14,"WristBlade":18,"Strawberry":28,"Kunai":2,"Happy Flower":38,"Tingsha":38,"Omamori":21,"War Paint":30,"Orichalcum":32,"Question Card":34,"Peace Pipe":4,"Calling Bell":30,"Du-Vu Doll":30,"CaptainsWheel":8,"Busted Crown":0,"Ornamental Fan":12,"Bronze Scales":11,"Bottled Lightning":31,"StrikeDummy":30,"Unceasing Top":0,"FossilizedHelix":8}],"Unceasing Top":[58]},"card_choices":[],"player_experience":852013,"relics_obtained":[{"floor":1,"key":"Kunai"},{"floor":3,"key":"Smiling Mask"},{"floor":4,"key":"Peace Pipe"},{"floor":5,"key":"Ginger"},{"floor":7,"key":"FossilizedHelix"},{"floor":9,"key":"CaptainsWheel"},{"floor":11,"key":"Bronze Scales"},{"floor":13,"key":"Ornamental Fan"},{"floor":14,"key":"HornCleat"},{"floor":21,"key":"Omamori"},{"floor":22,"key":"Nunchaku"},{"floor":24,"key":"Snake Skull"},{"floor":26,"key":"Blood Vial"},{"floor":29,"key":"Boot"},{"floor":31,"key":"Strawberry"},{"floor":34,"key":"War Paint"},{"floor":34,"key":"StrikeDummy"},{"floor":34,"key":"Du-Vu Doll"},{"floor":35,"key":"Bottled Lightning"},{"floor":36,"key":"Orichalcum"},{"floor":37,"key":"Question Card"},{"floor":38,"key":"Centennial Puzzle"},{"floor":41,"key":"Happy Flower"},{"floor":43,"key":"Tingsha"},{"floor":44,"key":"Lantern"}],"event_choices":[{"damage_healed":0,"gold_gain":175,"player_choice":"AGREE","damage_taken":0,"max_hp_gain":0,"max_hp_loss":0,"event_name":"Liars Game","floor":8,"gold_loss":0,"cards_obtained":["Doubt"]},{"damage_healed":0,"gold_gain":0,"player_choice":"Read","damage_taken":0,"max_hp_gain":0,"max_hp_loss":0,"event_name":"The Library","floor":20,"gold_loss":0,"cards_obtained":["Accuracy"]},{"damage_healed":0,"gold_gain":100,"player_choice":"Pray","damage_taken":0,"max_hp_gain":0,"max_hp_loss":0,"event_name":"Golden Shrine","floor":28,"gold_loss":0},{"cards_removed":["Infinite Blades"],"damage_healed":0,"gold_gain":0,"player_choice":"Purged","damage_taken":0,"max_hp_gain":0,"max_hp_loss":0,"event_name":"Purifier","floor":39,"gold_loss":0},{"damage_healed":0,"gold_gain":0,"player_choice":"Bought 0 Potions","damage_taken":0,"max_hp_gain":0,"max_hp_loss":0,"event_name":"The Woman in Blue","floor":47,"gold_loss":0},{"damage_healed":0,"gold_gain":0,"player_choice":"Ignored","damage_taken":0,"max_hp_gain":0,"max_hp_loss":0,"event_name":"Transmorgrifier","floor":48,"gold_loss":0}],"is_beta":false,"boss_relics":[{"not_picked":["Ectoplasm","Fusion Hammer"],"picked":"WristBlade"},{"not_picked":["Snecko Eye","Coffee Dripper"],"picked":"Calling Bell"}],"items_purged_floors":[19],"is_endless":false,"potions_floor_spawned":[7,11,22,24,38,41],"ascension_level":0}}