{"host":"rq7gz685gkaokql0","time":1612742617,"event":{"mods":["BaseMod","Hubris","Infinite Spire","Minty Spire (QoL Compilation)","Replay The Spire","StSLib"],"gold_per_floor":[119,205,36,36,107,140,152,152,175,187,200,211,239,251,251,251,251],"floor_reached":16,"language":"ENG","playtime":321,"items_purged":[],"score":274,"play_id":"b3efa6a8-1e36-41fc-9cd7-75aa6d622c7c","local_time":"20210207140337","is_ascension_mode":true,"campfire_choices":[{"data":"Noxious Fumes","floor":8.0,"key":"SMITH"},{"data":"Envenom","floor":15.0,"key":"SMITH"}],"circlet_count":0,"master_deck":["AscendersBane","Strike_G","Strike_G","Strike_G","Strike_G","Strike_G","Defend_G","Defend_G","Defend_G","Defend_G","Defend_G","Survivor","Neutralize","Noxious Fumes+1","Bane","Cloak And Dagger","Deadly Poison","Deadly Poison","All Out Attack","Envenom+1","Slice","Prepared","Dagger Spray"],"relics":["Ring of the Snake","NeowsBlessing","Anchor","Sling","Meat on the Bone","Garlic","Replay:Mystery Machine","Replay:Wax Seal"],"acts_visited":["Exordium"],"potions_floor_usage":[],"damage_taken":[{"damage":0.0,"enemies":"Small Slimes","floor":1.0,"turns":2.0},{"damage":0.0,"enemies":"3 Sentries","floor":6.0,"turns":1.0},{"damage":0.0,"enemies":"Jaw Worm","floor":7.0,"turns":1.0},{"damage":0.0,"enemies":"Cultist","floor":10.0,"turns":3.0},{"damage":2.0,"enemies":"Exordium Thugs","floor":11.0,"turns":3.0},{"damage":0.0,"enemies":"Exordium Wildlife","floor":12.0,"turns":2.0},{"damage":12.0,"enemies":"Gremlin Nob","floor":13.0,"turns":3.0},{"damage":4.0,"enemies":"Looter","floor":14.0,"turns":3.0},{"damage":40,"enemies":"The Guardian","floor":16,"turns":5}],"seed_played":"6617260720139908914","potions_obtained":[{"floor":1.0,"key":"Ancient Potion"},{"floor":7.0,"key":"Milkshake"},{"floor":12.0,"key":"CultistPotion"},{"floor":13.0,"key":"Ancient Potion"}],"is_trial":false,"path_per_floor":["M","?","$","$","T","E","M","R","T","M","M","M","E","M","R","B"],"character_chosen":"THE_SILENT","items_purchased":["Sling"],"campfire_rested":0,"item_purchase_floors":[3],"current_hp_per_floor":[59,33,33,33,33,45,45,45,45,45,43,43,43,39,39,0,0],"gold":251,"neow_bonus":"THREE_ENEMY_KILL","is_daily":false,"chose_seed":false,"campfire_upgraded":2,"win_rate":0.0,"timestamp":1612742617,"path_taken":["M","?","?","$","?","E","M","R","T","M","?","M","E","M","R","BOSS"],"items_purchased_type":["Relic"],"build_version":"2020-12-22","purchased_purges":0,"victory":false,"max_hp_per_floor":[66,66,66,66,66,66,66,66,66,66,66,66,66,66,66,66,66],"card_choices":[{"not_picked":["Fluid Movement","Outmaneuver"],"picked":"Noxious Fumes","floor":1.0},{"not_picked":["Hidden Blade","Outmaneuver"],"picked":"Bane","floor":2.0},{"not_picked":["Deflect","Concentrate"],"picked":"Cloak And Dagger","floor":2.0},{"not_picked":["Backstab","Heel Hook"],"picked":"Deadly Poison","floor":6.0},{"not_picked":["Hidden Blade","Cloak And Dagger"],"picked":"Deadly Poison","floor":7.0},{"not_picked":["Quick Slash","Reflex"],"picked":"All Out Attack","floor":10.0},{"not_picked":["Prepared","Terror"],"picked":"Envenom","floor":11.0},{"not_picked":["Dodge and Roll","Endless Agony"],"picked":"Slice","floor":12.0},{"not_picked":["Acrobatics","ReplayTheSpireMod:Shiv Toss"],"picked":"Prepared","floor":13.0},{"not_picked":["Poisoned Stab","Slice"],"picked":"Dagger Spray","floor":14.0}],"player_experience":1265269,"relics_obtained":[{"floor":2.0,"key":"Anchor"},{"floor":5.0,"key":"Meat on the Bone"},{"floor":6.0,"key":"Garlic"},{"floor":9.0,"key":"Replay:Mystery Machine"},{"floor":13.0,"key":"Replay:Wax Seal"}],"event_choices":[],"is_beta":false,"boss_relics":[],"items_purged_floors":[],"is_endless":false,"potions_floor_spawned":[1,7,12,13],"killed_by":"The Guardian","ascension_level":20}}