{"host":"d2y4rmbezebiv8aj","time":1612761616,"event":{"mods":["AchievementEnabler","BaseMod","Bestiary","BetterRewards","Colored Map","Colored Powertips","Custom Start","Highlight Path","Minty Spire (QoL Compilation)","Quick Restart","Rare Cards Sparkle","Relic Sorter","Relic Stats","Shop Mod","Slay-I","StSLib","SuperFastMode"],"gold_per_floor":[118,118,137,137,62,62,89,89,114,145,161,161,193,268,268,345,345,362,362,362,375,421,448,410,435,483,513,527,527,562,580,580,658,658,670,681,4,4,4,30,30,59,59,78,130,143,159,174,174,174],"floor_reached":51,"language":"DEU","playtime":2597,"items_purged":["Pain"],"score":2008,"play_id":"21ee044c-6a02-4dc8-b96a-4ba2c4e787ca","local_time":"20210208062016","is_ascension_mode":true,"campfire_choices":[{"floor":6,"key":"REST"},{"data":"Accuracy","floor":8,"key":"SMITH"},{"data":"Blade Dance","floor":12,"key":"SMITH"},{"floor":15,"key":"REST"},{"data":"Footwork","floor":29,"key":"SMITH"},{"data":"Tools of the Trade","floor":32,"key":"SMITH"},{"data":"Apotheosis","floor":41,"key":"SMITH"},{"floor":49,"key":"REST"}],"circlet_count":0,"master_deck":["AscendersBane","Strike_G","Strike_G","Strike_G","Strike_G","Strike_G","Defend_G","Defend_G","Defend_G","Defend_G","Defend_G","Survivor","Neutralize","Noxious Fumes","Bandage Up+1","Accuracy+1","Cloak And Dagger","Blade Dance+1","Backflip+1","Masterful Stab","Escape Plan","Quick Slash","All Out Attack","Tools of the Trade","Masterful Stab","Tools of the Trade+1","Footwork+1","After Image","Noxious Fumes","Apotheosis+1","Backstab","After Image","Dark Shackles","Dramatic Entrance","Madness","Madness","Backstab+1","PiercingWail","Footwork+1","Die Die Die"],"relics":["Ring of the Snake","Sling","PreservedInsect","Oddly Smooth Stone","Happy Flower","WarpedTongs","Tiny Chest","Pen Nib","Lantern","Bag of Marbles","Black Star","Vajra","Nunchaku","Dream Catcher","War Paint","InkBottle","Centennial Puzzle","Ancient Tea Set","Ginger","Regal Pillow","The Courier","SlaversCollar","Blood Vial","Lee\u0027s Waffle","Question Card","Art of War","Omamori","Toy Ornithopter","Bronze Scales","MealTicket"],"acts_visited":["Exordium","TheCity","TheBeyond"],"potions_floor_usage":[10,25,33,50,50],"damage_taken":[{"damage":0,"enemies":"Cultist","floor":1,"turns":4},{"damage":11,"enemies":"Jaw Worm","floor":3,"turns":4},{"damage":10,"enemies":"3 Sentries","floor":7,"turns":4},{"damage":0,"enemies":"Lagavulin","floor":10,"turns":4},{"damage":0,"enemies":"Small Slimes","floor":11,"turns":2},{"damage":5,"enemies":"3 Sentries","floor":13,"turns":4},{"damage":10,"enemies":"Slime Boss","floor":16,"turns":8},{"damage":0,"enemies":"3 Byrds","floor":18,"turns":4},{"damage":5,"enemies":"Spheric Guardian","floor":21,"turns":3},{"damage":0,"enemies":"Gremlin Leader","floor":23,"turns":2},{"damage":2,"enemies":"Book of Stabbing","floor":25,"turns":4},{"damage":0,"enemies":"Gremlin Leader","floor":27,"turns":3},{"damage":12,"enemies":"Snake Plant","floor":28,"turns":3},{"damage":9,"enemies":"Slavers","floor":30,"turns":3},{"damage":0,"enemies":"3 Cultists","floor":31,"turns":4},{"damage":3,"enemies":"Automaton","floor":33,"turns":8},{"damage":2,"enemies":"3 Shapes","floor":35,"turns":6},{"damage":5,"enemies":"Orb Walker","floor":36,"turns":4},{"damage":0,"enemies":"Reptomancer","floor":40,"turns":1},{"damage":0,"enemies":"Nemesis","floor":42,"turns":3},{"damage":0,"enemies":"Sphere and 2 Shapes","floor":44,"turns":3},{"damage":10,"enemies":"Writhing Mass","floor":46,"turns":6},{"damage":24,"enemies":"Spire Growth","floor":47,"turns":5},{"damage":0,"enemies":"3 Darklings","floor":48,"turns":1},{"damage":38,"enemies":"Donu and Deca","floor":50,"turns":11}],"seed_played":"-8503414269093944648","potions_obtained":[{"floor":1,"key":"PowerPotion"},{"floor":3,"key":"SkillPotion"},{"floor":10,"key":"DistilledChaos"},{"floor":25,"key":"GhostInAJar"},{"floor":33,"key":"Explosive Potion"},{"floor":42,"key":"Dexterity Potion"}],"is_trial":false,"path_per_floor":["M","?","M","?","$","R","E","R","T","E","M","R","E","?","R","B",null,"M","?","?","M","T","E","$","E","T","E","M","R","E","M","R","B",null,"M","M","$","?","?","E","R","E","T","M","T","M","M","M","R","B",null],"character_chosen":"THE_SILENT","items_purchased":["Sling","PreservedInsect","Oddly Smooth Stone","Noxious Fumes","Bandage Up","Happy Flower","Accuracy","Cloak And Dagger","Blade Dance","Footwork","Apotheosis","Backstab","After Image","Blood Vial","Lee\u0027s Waffle","Dark Shackles","Dramatic Entrance"],"campfire_rested":3,"item_purchase_floors":[0,0,0,0,0,0,0,0,0,24,37,37,37,37,37,37,37],"current_hp_per_floor":[35,35,30,30,30,49,45,45,45,51,51,51,52,41,60,54,63,63,63,63,64,64,64,64,66,66,66,54,54,51,57,57,60,65,64,59,73,73,60,62,62,70,70,72,72,63,47,49,73,41],"gold":174,"neow_bonus":"","is_daily":false,"chose_seed":false,"campfire_upgraded":5,"win_rate":0.0,"timestamp":1612761616,"path_taken":["M","?","?","?","$","R","E","R","T","E","M","R","E","?","R","BOSS","M","?","?","M","?","E","$","E","T","E","?","R","E","M","R","BOSS","M","M","$","?","?","E","R","E","T","M","?","M","?","M","R","BOSS"],"items_purchased_type":["Relic","Relic","Relic","Card","Card","Relic","Card","Card","Card","Card","Card","Card","Card","Relic","Relic","Card","Card"],"build_version":"2020-12-22","purchased_purges":1,"victory":true,"max_hp_per_floor":[66,66,66,66,66,66,66,66,66,66,66,66,66,66,66,66,66,66,66,66,66,66,66,66,66,66,66,66,66,66,66,66,66,66,66,66,73,73,73,73,73,73,73,73,73,73,73,73,73,73],"relic_stats":{"Regal Pillow":40,"Lee\u0027s Waffle":14,"Happy Flower":[68],"counters":[122,508],"PreservedInsect":835,"Pen Nib":[30],"Ginger":[5],"War Paint":["Backflip","Bandage Up"],"Question Card":6,"WarpedTongs":[84],"Blood Vial":11,"Nunchaku":[22],"Dream Catcher":1,"Centennial Puzzle":[24],"Bronze Scales":[56],"Tiny Chest":2,"MealTicket":103,"Black Star":9,"Art of War":[2],"obtain_stats":[{"Gremlin Horn":25,"Vajra":22,"Ginger":36,"Bottled Tornado":13,"Sling":0,"Blood Vial":31,"Sozu":34,"Centennial Puzzle":11,"HornCleat":19,"DollysMirror":37,"Philosopher\u0027s Stone":17,"MealTicket":0,"HandDrill":39,"Kunai":21,"Toxic Egg 2":12,"Pear":29,"Happy Flower":0,"Oddly Smooth Stone":7,"Eternal Feather":0,"Pen Nib":27,"War Paint":5,"Question Card":40,"WarpedTongs":2,"SlaversCollar":34,"Bottled Flame":43,"Shuriken":0,"Bird Faced Urn":0,"Bronze Scales":43,"Molten Egg 2":26,"Black Star":34,"Meat on the Bone":28,"Pocketwatch":46,"Darkstone Periapt":6,"Regal Pillow":4,"Lantern":10,"Singing Bowl":37,"Snake Skull":11,"Ancient Tea Set":25,"Nunchaku":23,"Dream Catcher":23,"WristBlade":34,"Mummified Hand":9,"Ninja Scroll":23,"Tiny Chest":7,"Red Mask":30,"InkBottle":26,"Ring of the Snake":0,"Lee\u0027s Waffle":37,"NeowsBlessing":0,"The Courier":10,"PreservedInsect":22,"Omamori":30,"Frozen Egg 2":26,"Orichalcum":43,"Mercury Hourglass":9,"Turnip":40,"Bag of Marbles":9,"Art of War":26,"Toy Ornithopter":6,"FossilizedHelix":45},{"Gremlin Horn":83,"Vajra":106,"Ginger":42,"Bottled Tornado":27,"Sling":19,"Blood Vial":63,"Sozu":64,"Centennial Puzzle":26,"HornCleat":30,"DollysMirror":65,"Philosopher\u0027s Stone":10,"MealTicket":48,"HandDrill":43,"Kunai":13,"Toxic Egg 2":54,"Pear":61,"Happy Flower":69,"Oddly Smooth Stone":25,"Eternal Feather":19,"Pen Nib":60,"War Paint":2,"Question Card":116,"WarpedTongs":98,"SlaversCollar":113,"Bottled Flame":44,"Shuriken":69,"Bird Faced Urn":48,"Bronze Scales":117,"Molten Egg 2":59,"Black Star":40,"Meat on the Bone":85,"Pocketwatch":94,"Darkstone Periapt":25,"Regal Pillow":72,"Lantern":101,"Singing Bowl":65,"Snake Skull":7,"Ancient Tea Set":83,"Nunchaku":107,"Dream Catcher":107,"WristBlade":87,"Mummified Hand":5,"Ninja Scroll":33,"Tiny Chest":100,"Red Mask":62,"InkBottle":15,"Ring of the Snake":0,"Lee\u0027s Waffle":115,"NeowsBlessing":0,"The Courier":53,"PreservedInsect":59,"Omamori":38,"Frozen Egg 2":83,"Orichalcum":92,"Mercury Hourglass":75,"Turnip":66,"Bag of Marbles":25,"Art of War":34,"Toy Ornithopter":3,"FossilizedHelix":93},{"Gremlin Horn":354,"Vajra":441,"Ginger":171,"Bottled Tornado":106,"Sling":78,"Blood Vial":270,"Sozu":279,"Centennial Puzzle":102,"HornCleat":126,"DollysMirror":282,"Philosopher\u0027s Stone":35,"MealTicket":202,"HandDrill":176,"Kunai":47,"Toxic Egg 2":228,"Pear":263,"Happy Flower":302,"Oddly Smooth Stone":101,"Eternal Feather":78,"Pen Nib":258,"War Paint":2,"Question Card":479,"WarpedTongs":408,"SlaversCollar":468,"Bottled Flame":182,"Shuriken":302,"Bird Faced Urn":202,"Bronze Scales":482,"Molten Egg 2":257,"Black Star":164,"Meat on the Bone":361,"Pocketwatch":390,"Darkstone Periapt":101,"Regal Pillow":312,"Lantern":420,"Singing Bowl":282,"Snake Skull":21,"Ancient Tea Set":354,"Nunchaku":443,"Dream Catcher":443,"WristBlade":369,"Mummified Hand":11,"Ninja Scroll":136,"Tiny Chest":416,"Red Mask":264,"InkBottle":56,"Ring of the Snake":0,"Lee\u0027s Waffle":478,"NeowsBlessing":0,"The Courier":223,"PreservedInsect":257,"Omamori":154,"Frozen Egg 2":354,"Orichalcum":384,"Mercury Hourglass":323,"Turnip":287,"Bag of Marbles":101,"Art of War":138,"Toy Ornithopter":3,"FossilizedHelix":387}],"InkBottle":[39],"Toy Ornithopter":42,"Ring of the Snake":[243]},"card_choices":[{"not_picked":["Choke","Underhanded Strike"],"picked":"Backflip","floor":1},{"not_picked":["Cloak And Dagger","Deflect"],"picked":"Masterful Stab","floor":3},{"not_picked":["Acrobatics","Wraith Form v2"],"picked":"Escape Plan","floor":7},{"not_picked":["Catalyst","Concentrate","Well Laid Plans"],"picked":"SKIP","floor":10},{"not_picked":["Bane","Leg Sweep"],"picked":"Quick Slash","floor":11},{"not_picked":["Outmaneuver","Bullet Time"],"picked":"All Out Attack","floor":13},{"not_picked":["Burst","Doppelganger"],"picked":"Tools of the Trade","floor":16},{"not_picked":["Dodge and Roll","Quick Slash","Deflect"],"picked":"SKIP","floor":18},{"not_picked":["Outmaneuver","Quick Slash"],"picked":"Masterful Stab","floor":21},{"not_picked":["Setup","Blade Dance"],"picked":"Tools of the Trade","floor":23},{"not_picked":["Endless Agony","Well Laid Plans","Deadly Poison"],"picked":"SKIP","floor":25},{"not_picked":["Dagger Throw","Outmaneuver"],"picked":"Infinite Blades","floor":27},{"not_picked":["Caltrops","Outmaneuver","Eviscerate"],"picked":"SKIP","floor":28},{"not_picked":["Dagger Spray","Flechettes","Catalyst"],"picked":"SKIP","floor":30},{"not_picked":["Dodge and Roll","Infinite Blades","Predator"],"picked":"SKIP","floor":31},{"not_picked":["Envenom","Unload"],"picked":"After Image","floor":33},{"not_picked":["Bane","Concentrate"],"picked":"Noxious Fumes","floor":35},{"not_picked":["Prepared","Dodge and Roll","Deflect"],"picked":"SKIP","floor":36},{"not_picked":["Riddle With Holes+1","Setup"],"picked":"Backstab+1","floor":40},{"not_picked":["Poisoned Stab","Caltrops","Unload","Masterful Stab"],"picked":"SKIP","floor":42},{"not_picked":["Poisoned Stab","Catalyst","Quick Slash+1"],"picked":"PiercingWail","floor":44},{"not_picked":["Eviscerate","PiercingWail","Tactician"],"picked":"Footwork+1","floor":46},{"not_picked":["Poisoned Stab","Backflip","Sucker Punch","Cloak And Dagger"],"picked":"SKIP","floor":47},{"not_picked":["Backflip","Underhanded Strike+1","Flying Knee+1"],"picked":"Die Die Die","floor":48}],"player_experience":418713,"relics_obtained":[{"floor":7,"key":"Tiny Chest"},{"floor":9,"key":"Pen Nib"},{"floor":10,"key":"Lantern"},{"floor":13,"key":"Bag of Marbles"},{"floor":22,"key":"Vajra"},{"floor":23,"key":"Nunchaku"},{"floor":23,"key":"Dream Catcher"},{"floor":25,"key":"War Paint"},{"floor":25,"key":"InkBottle"},{"floor":26,"key":"Centennial Puzzle"},{"floor":27,"key":"Ancient Tea Set"},{"floor":27,"key":"Ginger"},{"floor":30,"key":"Regal Pillow"},{"floor":30,"key":"The Courier"},{"floor":40,"key":"Question Card"},{"floor":40,"key":"Art of War"},{"floor":42,"key":"Omamori"},{"floor":42,"key":"Toy Ornithopter"},{"floor":43,"key":"Bronze Scales"},{"floor":45,"key":"MealTicket"}],"event_choices":[{"damage_healed":0,"gold_gain":0,"player_choice":"Rummage","damage_taken":0,"relics_obtained":["WarpedTongs"],"max_hp_gain":0,"max_hp_loss":0,"event_name":"Accursed Blacksmith","floor":2,"gold_loss":0,"cards_obtained":["Pain"]},{"damage_healed":0,"gold_gain":0,"player_choice":"Ignored","damage_taken":0,"max_hp_gain":0,"max_hp_loss":0,"event_name":"Shining Light","floor":4,"gold_loss":0},{"damage_healed":0,"gold_gain":75,"player_choice":"Gather Gold","damage_taken":11,"max_hp_gain":0,"max_hp_loss":0,"event_name":"World of Goop","floor":14,"gold_loss":0},{"damage_healed":0,"gold_gain":0,"player_choice":"Ignored","damage_taken":0,"max_hp_gain":0,"max_hp_loss":0,"event_name":"Vampires","floor":19,"gold_loss":0},{"damage_healed":0,"gold_gain":0,"player_choice":"Ignored","damage_taken":0,"max_hp_gain":0,"max_hp_loss":0,"event_name":"Ghosts","floor":20,"gold_loss":0},{"cards_removed":["Infinite Blades"],"damage_healed":0,"gold_gain":0,"player_choice":"Removed Power","damage_taken":0,"max_hp_gain":0,"max_hp_loss":0,"event_name":"Falling","floor":38,"gold_loss":0},{"damage_healed":0,"gold_gain":0,"player_choice":"Embrace Madness","damage_taken":13,"max_hp_gain":0,"max_hp_loss":0,"event_name":"Winding Halls","floor":39,"gold_loss":0,"cards_obtained":["Madness","Madness"]}],"is_beta":false,"boss_relics":[{"not_picked":["Calling Bell","Pandora\u0027s Box"],"picked":"Black Star"},{"not_picked":["Ring of the Serpent","HoveringKite"],"picked":"SlaversCollar"}],"items_purged_floors":[5],"is_endless":false,"potions_floor_spawned":[1,3,10,11,21,25,31,33,42,46,47],"ascension_level":15}}