{"host":"hpdezpg731xgox4e","time":1612754235,"event":{"mods":["2.2 Compatiblity","Aspiration","BaseMod","Downfall","GifTheSpireLib","Minty Spire (QoL Compilation)","Shop Mod","StSLib"],"gold_per_floor":[99,111,211,32,32,182,182,193,193,54,54,67,67,81,101,197,197,197,214,214,227,227,227,227,11,31,49,49,69,69,69,84,189,189,189,204,204,204,222,222,271,290,290,308,323,333,333,348,365,365,365,365],"floor_reached":50,"language":"ENG","playtime":21590,"items_purged":["bronze:Strike","downfall:Icky","Decay"],"score":538,"play_id":"2da3c10c-4344-41e2-8ac1-2c8561c3092e","local_time":"20210207221715","is_ascension_mode":false,"campfire_choices":[{"data":"bronze:Replicate","floor":1.0,"key":"SMITH"},{"data":"bronze:InfiniteLoop","floor":9.0,"key":"SMITH"},{"data":"bronze:CloningBeam","floor":13.0,"key":"SMITH"},{"data":"bronze:SpaghettiCode","floor":18.0,"key":"SMITH"},{"data":"bronze:Terminator","floor":23.0,"key":"SMITH"},{"floor":30.0,"key":"REST"},{"data":"bronze:Terminator","floor":35.0,"key":"SMITH"},{"floor":43.0,"key":"REST"},{"floor":47.0,"key":"REST"}],"circlet_count":0,"master_deck":["bronze:Defend","bronze:Replicate+1","bronze:Goto","bronze:Turbo","bronze:InfiniteLoop+1","bronze:Invalidate","bronze:Branch","bronze:CloningBeam+1","bronze:Separator","bronze:ChosenStrike","bronze:Terminator+1","bronze:Constructor","bronze:SpaghettiCode+1","bronze:Optimize+1","bronze:ForLoop","bronze:Constructor+1","bronze:Separator","bronze:Terminator+1","bronze:Turbo","bronze:FollowUp","expansioncontent:AwakenDeath","bronze:ChosenStrike","bronze:Shield","bronze:Turbo","bronze:Break","Prostrate","downfall:Haunted","downfall:Haunted","downfall:Haunted","downfall:Haunted","Alpha","bronze:Constructor+1","bronze:Constructor+1","bronze:Iterate+1","bronze:Break","TalkToTheHand+1"],"relics":["bronze:BronzeCore","Empty Cage","aspiration:SeaSaltIceCream","Gremlin Horn","Torii","downfall:RedIOU","aspiration:WatcherSkillbook","Du-Vu Doll","aspiration:Lifesprig"],"acts_visited":["Exordium","TheCity","TheBeyond"],"potions_floor_usage":[50,50,50],"damage_taken":[{"damage":1.0,"enemies":"Jaw Worm","floor":2.0,"turns":3.0},{"damage":0.0,"enemies":"downfall:FleeingMerchant","floor":4.0,"turns":4.0},{"damage":0.0,"enemies":"2 Louse","floor":8.0,"turns":1.0},{"damage":7.0,"enemies":"downfall:FleeingMerchant","floor":10.0,"turns":4.0},{"damage":0.0,"enemies":"Small Slimes","floor":12.0,"turns":1.0},{"damage":2.0,"enemies":"Exordium Thugs","floor":14.0,"turns":2.0},{"damage":0.0,"enemies":"2 Fungi Beasts","floor":15.0,"turns":2.0},{"damage":47.0,"enemies":"DF_ARCHETYPE_STREAMLINE","floor":16.0,"turns":7.0},{"damage":2.0,"enemies":"Chosen","floor":19.0,"turns":3.0},{"damage":15.0,"enemies":"3 Cultists","floor":21.0,"turns":3.0},{"damage":22.0,"enemies":"downfall:FleeingMerchant","floor":25.0,"turns":4.0},{"damage":37.0,"enemies":"Centurion and Healer","floor":26.0,"turns":7.0},{"damage":20.0,"enemies":"Shelled Parasite and Fungi","floor":27.0,"turns":5.0},{"damage":8.0,"enemies":"Snake Plant","floor":29.0,"turns":4.0},{"damage":1.0,"enemies":"Centurion and Healer","floor":32.0,"turns":3.0},{"damage":57.0,"enemies":"IC_MUSHROOM_ARCHETYPE","floor":33.0,"turns":8.0},{"damage":0.0,"enemies":"3 Shapes","floor":36.0,"turns":1.0},{"damage":33.0,"enemies":"3 Darklings","floor":39.0,"turns":4.0},{"damage":0.0,"enemies":"Jaw Worm Horde","floor":42.0,"turns":3.0},{"damage":11.0,"enemies":"Transient","floor":44.0,"turns":5.0},{"damage":0.0,"enemies":"4 Shapes","floor":45.0,"turns":4.0},{"damage":34.0,"enemies":"Spire Growth","floor":46.0,"turns":4.0},{"damage":8.0,"enemies":"3 Darklings","floor":48.0,"turns":3.0},{"damage":1.0,"enemies":"4 Shapes","floor":49.0,"turns":1.0},{"damage":26,"enemies":"WA_ARCHETYPE_DIVINITY","floor":50,"turns":7}],"seed_played":"-1588045253513891769","potions_obtained":[{"floor":12.0,"key":"bronze:BuildAFunctionPotion"},{"floor":14.0,"key":"FearPotion"},{"floor":15.0,"key":"bronze:FreeFunctionsPotion"},{"floor":16.0,"key":"Weak Potion"},{"floor":21.0,"key":"CultistPotion"},{"floor":32.0,"key":"EntropicBrew"},{"floor":33.0,"key":"Energy Potion"},{"floor":36.0,"key":"LiquidMemories"},{"floor":44.0,"key":"Guardian:BlockOnCardUsePotion"},{"floor":48.0,"key":"Energy Potion"},{"floor":49.0,"key":"Block Potion"}],"is_trial":false,"path_per_floor":["R","M","?","$","?","?","T","M","R","$","?","M","R","M","M","B",null,"R","M","?","M","?","R","T","$","M","M","$","M","R","?","M","B",null,"R","M","?","?","M","?","T","M","R","M","M","M","R","M","M","B"],"character_chosen":"THE_AUTOMATON","items_purchased":["bronze:InfiniteBeams","bronze:Invalidate","bronze:Separator","Torii","bronze:FollowUp","expansioncontent:AwakenDeath"],"campfire_rested":3,"item_purchase_floors":[4,4,10,25,25,25],"current_hp_per_floor":[63,62,62,62,62,62,62,62,62,55,55,55,55,53,53,6,63,63,61,61,46,46,46,46,24,20,20,20,12,30,30,29,3,63,63,63,63,63,30,35,35,35,55,44,44,10,30,22,21,0,0,0],"gold":365,"neow_bonus":"REMOVE_TWO","is_daily":false,"chose_seed":false,"campfire_upgraded":6,"win_rate":0.0,"timestamp":1612754235,"path_taken":["R","M","?","$","?","?","T","M","R","?","?","?","R","M","M","BOSS","R","M","?","M","?","R","T","$","M","?","$","M","R","?","M","BOSS","R","M","?","?","M","?","T","M","R","M","M","M","R","M","M","BOSS"],"items_purchased_type":["Card","Card","Card","Relic","Card","Card"],"build_version":"2020-12-22","purchased_purges":3,"victory":false,"max_hp_per_floor":[63,63,63,63,63,63,63,63,63,63,63,63,63,63,63,63,63,63,63,63,63,63,63,63,63,63,63,63,63,63,63,63,63,63,63,63,63,63,63,68,68,68,68,68,68,68,68,68,68,68,68,68],"card_choices":[{"not_picked":["bronze:Invalidate","bronze:DelayedGuard"],"picked":"bronze:Turbo","floor":2.0},{"not_picked":["bronze:ChildClass","bronze:Overheat"],"picked":"bronze:InfiniteLoop","floor":4.0},{"not_picked":["bronze:Invalidate","bronze:Overheat"],"picked":"bronze:Branch","floor":8.0},{"not_picked":["bronze:Shield","bronze:Deprecate"],"picked":"bronze:CloningBeam","floor":10.0},{"not_picked":["bronze:ChosenStrike","bronze:Frontload"],"picked":"bronze:Terminator","floor":12.0},{"not_picked":["bronze:BugBarrage","bronze:Overheat","bronze:FineTuning"],"picked":"SKIP","floor":14.0},{"not_picked":["bronze:Shield","bronze:Overheat"],"picked":"bronze:Constructor","floor":15.0},{"not_picked":["bronze:Virus","bronze:Mutator"],"picked":"bronze:SpaghettiCode","floor":16.0},{"not_picked":["bronze:ItsAFeature+1","bronze:Invalidate"],"picked":"bronze:Optimize+1","floor":19.0},{"not_picked":["bronze:CutThrough","bronze:BronzeArmor"],"picked":"bronze:Constructor+1","floor":21.0},{"not_picked":["bronze:Separator","bronze:Repulsor+1"],"picked":"bronze:Turbo","floor":25.0},{"not_picked":["bronze:Invalidate","bronze:Iterate"],"picked":"bronze:ChosenStrike","floor":26.0},{"not_picked":["bronze:Deprecate","bronze:NullPointer"],"picked":"bronze:Shield","floor":27.0},{"not_picked":["bronze:BuggyMess+1","bronze:CutThrough"],"picked":"bronze:Turbo","floor":29.0},{"not_picked":["bronze:BuggyMess","bronze:Repulsor","bronze:CutThrough"],"picked":"SKIP","floor":32.0},{"not_picked":["bronze:CleanCode","bronze:Format"],"picked":"bronze:Break","floor":33.0},{"not_picked":["Consecrate","CrushJoints","bronze:FineTuning+1"],"picked":"Prostrate","floor":36.0},{"not_picked":["bronze:Overheat+1","FlyingSleeves+1","Sanctity","bronze:DelayedSlice"],"picked":"SKIP","floor":39.0},{"not_picked":["Protect+1","Consecrate","WaveOfTheHand"],"picked":"bronze:Constructor+1","floor":42.0},{"not_picked":["bronze:WhirlingStrike+1","JustLucky","EmptyBody","CarveReality+1"],"picked":"SKIP","floor":44.0},{"not_picked":["bronze:ClassDefault+1","bronze:WhirlingStrike+1","bronze:ForLoop+1"],"picked":"bronze:Constructor+1","floor":45.0},{"not_picked":["bronze:Overheat+1","Halt+1","Crescendo"],"picked":"bronze:Iterate+1","floor":46.0},{"not_picked":["bronze:BitShift","CutThroughFate","bronze:NullPointer+1"],"picked":"bronze:Break","floor":48.0},{"not_picked":["bronze:Branch+1","bronze:Shield","bronze:FineTuning+1"],"picked":"TalkToTheHand+1","floor":49.0}],"player_experience":61059,"relics_obtained":[{"floor":7.0,"key":"aspiration:StickyExplosives_weak"},{"floor":24.0,"key":"aspiration:SeaSaltIceCream"},{"floor":41.0,"key":"aspiration:Lifesprig"}],"event_choices":[{"cards_removed":["bronze:Strike"],"damage_healed":0.0,"max_hp_gain":0.0,"max_hp_loss":0.0,"gold_gain":0.0,"event_name":"The Cleric","player_choice":"Card Removal","floor":5.0,"gold_loss":0.0,"damage_taken":0.0},{"damage_healed":0.0,"max_hp_gain":0.0,"max_hp_loss":0.0,"gold_gain":0.0,"event_name":"The Library","player_choice":"Read","floor":20.0,"gold_loss":0.0,"damage_taken":0.0,"cards_obtained":["bronze:ForLoop"]},{"cards_removed":["bronze:InfiniteBeams"],"damage_healed":0.0,"max_hp_gain":0.0,"max_hp_loss":0.0,"gold_gain":0.0,"event_name":"Falling","player_choice":"Removed Power","floor":37.0,"gold_loss":0.0,"damage_taken":0.0},{"damage_healed":0.0,"max_hp_gain":0.0,"max_hp_loss":0.0,"gold_gain":0.0,"event_name":"Mysterious Sphere","player_choice":"Ignored","floor":38.0,"gold_loss":0.0,"damage_taken":0.0}],"is_beta":false,"boss_relics":[{"not_picked":["Fusion Hammer","Runic Pyramid"],"picked":"Empty Cage"},{"not_picked":["aspiration:RunicSpoon","Black Star"],"picked":"aspiration:WatcherSkillbook"}],"items_purged_floors":[4,10,25],"is_endless":false,"potions_floor_spawned":[12,14,15,16,21,26,27,32,33,36,44,48,49],"killed_by":"WA_ARCHETYPE_DIVINITY","ascension_level":0}}