{"host":"je4rgfex33y123xe","time":1612751785,"event":{"mods":["BaseMod","Minty Spire (QoL Compilation)","StSLib"],"gold_per_floor":[113,113,32,32,49,49,82,95,95,124,140,140,140,203,203,303,303,313,323,373,338,388,420,505,505,557,607,625,625,638,652,652,749,749,760,810,824,539,549,549,565,565,589,589,600,613,663,713,713,713,713,713,207,207,207],"floor_reached":54,"language":"ENG","playtime":2257,"items_purged":["Zap","Writhe"],"score":940,"play_id":"394dbce9-3916-42cc-a8db-fc837652fc59","local_time":"20210207203625","is_ascension_mode":true,"campfire_choices":[{"data":"Cold Snap","floor":6.0,"key":"SMITH"},{"floor":15.0,"key":"REST"},{"floor":25,"key":"REST"},{"data":"Capacitor","floor":29,"key":"SMITH"},{"data":"Dualcast","floor":32,"key":"SMITH"},{"floor":40,"key":"REST"},{"data":"Echo Form","floor":42,"key":"SMITH"},{"floor":44,"key":"RECALL"},{"floor":49,"key":"REST"},{"data":"Gash","floor":52,"key":"SMITH"}],"circlet_count":0,"master_deck":["Defend_B","Defend_B","Defend_B","Defend_B","Dualcast+1","Gash+1","Capacitor+1","Cold Snap+1","White Noise+1","Genetic Algorithm+1","Beam Cell+1","Gash+1","Electrodynamics","Gash+1","Redo+1","Compile Driver+1","Scrape+1","Cold Snap+1","Gash+1","Beam Cell+1","Redo+1","Ball Lightning+1","Echo Form+1","Steam+1","Gash+1","Steam+1","Go for the Eyes+1","Gash+1","Stack+1","Tempest+1","Metamorphosis+1"],"relics":["FrozenCore","Toxic Egg 2","Matryoshka","Molten Egg 2","SsserpentHead","Juzu Bracelet","Blood Vial","Red Mask","Oddly Smooth Stone","Art of War","Runic Pyramid","Membership Card","Bronze Scales","Orichalcum","ClockworkSouvenir","Nunchaku","Bottled Lightning"],"acts_visited":["Exordium","TheCity","TheBeyond","TheEnding"],"potions_floor_usage":[23,24,33,39,50,50,50],"damage_taken":[{"damage":1.0,"enemies":"2 Louse","floor":1.0,"turns":2.0},{"damage":1.0,"enemies":"Cultist","floor":5.0,"turns":3.0},{"damage":34.0,"enemies":"Lagavulin","floor":7.0,"turns":7.0},{"damage":0.0,"enemies":"Small Slimes","floor":8.0,"turns":3.0},{"damage":37.0,"enemies":"Gremlin Nob","floor":10.0,"turns":5.0},{"damage":3.0,"enemies":"Red Slaver","floor":11.0,"turns":3.0},{"damage":0.0,"enemies":"Looter","floor":14.0,"turns":2.0},{"damage":0.0,"enemies":"Slime Boss","floor":16.0,"turns":6.0},{"damage":12.0,"enemies":"2 Thieves","floor":18.0,"turns":4.0},{"damage":18.0,"enemies":"Spheric Guardian","floor":19.0,"turns":4.0},{"damage":28,"enemies":"Slavers","floor":23,"turns":3},{"damage":0,"enemies":"Masked Bandits","floor":24,"turns":3},{"damage":0,"enemies":"Chosen and Byrds","floor":28,"turns":4},{"damage":10,"enemies":"Shelled Parasite and Fungi","floor":30,"turns":4},{"damage":12,"enemies":"Centurion and Healer","floor":31,"turns":4},{"damage":15,"enemies":"Champ","floor":33,"turns":7},{"damage":11,"enemies":"Orb Walker","floor":35,"turns":3},{"damage":38,"enemies":"3 Darklings","floor":37,"turns":4},{"damage":21,"enemies":"Writhing Mass","floor":39,"turns":5},{"damage":0,"enemies":"4 Shapes","floor":41,"turns":5},{"damage":32,"enemies":"Jaw Worm Horde","floor":45,"turns":4},{"damage":13,"enemies":"3 Darklings","floor":46,"turns":6},{"damage":39,"enemies":"Time Eater","floor":50,"turns":7},{"damage":76,"enemies":"Shield and Spear","floor":54,"turns":5}],"seed_played":"-2121149146219066567","potions_obtained":[{"floor":1.0,"key":"FairyPotion"},{"floor":4.0,"key":"BlessingOfTheForge"},{"floor":4.0,"key":"Weak Potion"},{"floor":11.0,"key":"Fire Potion"},{"floor":16.0,"key":"ColorlessPotion"},{"floor":19.0,"key":"DuplicationPotion"},{"floor":23,"key":"AttackPotion"},{"floor":24,"key":"CultistPotion"},{"floor":37,"key":"EssenceOfDarkness"},{"floor":41,"key":"PotionOfCapacity"},{"floor":46,"key":"Swift Potion"}],"is_trial":false,"path_per_floor":["M","?","$","?","M","R","E","M","T","E","M","?","?","M","R","B",null,"M","M","?","?","?","E","?","R","T","?","M","R","M","M","R","B",null,"M","?","M","$","M","R","M","R","T","R","M","M","?","?","R","B",null,"R","$","E"],"character_chosen":"DEFECT","items_purchased":["Capacitor","Membership Card","Bronze Scales","Go for the Eyes+1","ClockworkSouvenir","Nunchaku","SmokeBomb","Fire Potion","FearPotion","Metamorphosis+1","Bottled Lightning"],"campfire_rested":4,"item_purchase_floors":[3,38,38,38,53,53,53,53,53,53,53],"current_hp_per_floor":[81,81,81,81,80,80,46,46,46,9,6,6,6,6,30,30,69,57,39,39,39,39,11,13,37,37,64,66,66,58,48,48,35,70,61,61,25,25,6,30,32,32,32,32,2,15,36,36,60,23,67,67,67,0,0],"gold":207,"neow_bonus":"TEN_PERCENT_HP_BONUS","is_daily":false,"chose_seed":false,"campfire_upgraded":5,"win_rate":0.0,"timestamp":1612751785,"path_taken":["M","?","?","?","M","R","E","?","T","E","M","?","?","?","R","BOSS","M","M","?","?","?","E","?","R","T","?","M","R","M","M","R","BOSS","M","?","M","$","M","R","M","R","T","R","M","M","?","?","R","BOSS","R","$","E"],"items_purchased_type":["Card","Relic","Relic","Card","Relic","Relic","Potion","Potion","Potion","Card","Relic"],"build_version":"2020-12-22","purchased_purges":2,"victory":false,"max_hp_per_floor":[82,82,82,82,82,82,82,82,82,82,82,82,82,82,82,82,82,82,82,82,82,82,82,82,82,82,82,82,82,82,82,82,82,82,82,82,82,82,82,82,82,82,82,82,82,82,82,82,82,82,82,82,82,82,82],"card_choices":[{"not_picked":["White Noise","Scrape"],"picked":"Gash","floor":1.0},{"not_picked":["Barrage","Beam Cell"],"picked":"Cold Snap","floor":5.0},{"not_picked":["Redo+1","Hologram+1"],"picked":"White Noise+1","floor":7.0},{"not_picked":["Barrage","Go for the Eyes"],"picked":"Genetic Algorithm+1","floor":8.0},{"not_picked":["Biased Cognition","Amplify+1"],"picked":"Beam Cell+1","floor":10.0},{"not_picked":["Cold Snap+1","Hologram+1"],"picked":"Sweeping Beam+1","floor":11.0},{"not_picked":["Redo+1","Reboot+1"],"picked":"Gash+1","floor":14.0},{"not_picked":["Reboot+1","Rainbow+1"],"picked":"Electrodynamics","floor":16.0},{"not_picked":["Fusion+1","Redo+1"],"picked":"Gash+1","floor":18.0},{"not_picked":["Turbo+1","Chill+1"],"picked":"Redo+1","floor":19.0},{"not_picked":["Rip and Tear+1","Stack+1","White Noise+1"],"picked":"SKIP","floor":23},{"not_picked":["Beam Cell+1","Go for the Eyes+1"],"picked":"Gash+1","floor":24},{"not_picked":["Auto Shields+1","Blizzard+1"],"picked":"Beam Cell+1","floor":28},{"not_picked":["Go for the Eyes+1","Static Discharge+1"],"picked":"Redo+1","floor":30},{"not_picked":["Rebound+1","Doom and Gloom+1"],"picked":"Ball Lightning+1","floor":31},{"not_picked":["Seek+1","Meteor Strike+1"],"picked":"Echo Form","floor":33},{"not_picked":["Ball Lightning+1","Leap+1"],"picked":"Steam+1","floor":35},{"not_picked":["Hello World","Coolheaded+1"],"picked":"Steam+1","floor":37},{"not_picked":["Conserve Battery+1","Redo+1"],"picked":"Gash+1","floor":39},{"not_picked":["Streamline+1","Turbo+1","Conserve Battery+1"],"picked":"SKIP","floor":41},{"not_picked":["Steam Power+1","Static Discharge"],"picked":"Stack+1","floor":45},{"not_picked":["Beam Cell+1","Turbo+1"],"picked":"Tempest+1","floor":46}],"player_experience":392336,"relics_obtained":[{"floor":7.0,"key":"Toxic Egg 2"},{"floor":9.0,"key":"Matryoshka"},{"floor":10.0,"key":"Molten Egg 2"},{"floor":23,"key":"Blood Vial"},{"floor":24,"key":"Red Mask"},{"floor":26,"key":"Oddly Smooth Stone"},{"floor":26,"key":"Art of War"},{"floor":43,"key":"Orichalcum"}],"event_choices":[{"cards_removed":["Strike_B"],"damage_healed":0.0,"max_hp_gain":0.0,"max_hp_loss":0.0,"gold_gain":0.0,"event_name":"Purifier","player_choice":"Purged","floor":2.0,"gold_loss":0.0,"damage_taken":0.0},{"damage_healed":0.0,"max_hp_gain":0.0,"max_hp_loss":0.0,"gold_gain":0.0,"event_name":"Lab","player_choice":"Got Potions","floor":4.0,"gold_loss":0.0,"damage_taken":0.0},{"damage_healed":0.0,"max_hp_gain":0.0,"max_hp_loss":0.0,"gold_gain":0.0,"event_name":"Golden Wing","player_choice":"Ignored","floor":12.0,"gold_loss":0.0,"damage_taken":0.0},{"damage_healed":0.0,"max_hp_gain":0.0,"max_hp_loss":0.0,"gold_gain":0.0,"event_name":"FaceTrader","player_choice":"Trade","floor":13.0,"gold_loss":0.0,"damage_taken":0.0,"relics_obtained":["SsserpentHead"]},{"damage_healed":0.0,"max_hp_gain":0.0,"max_hp_loss":0.0,"gold_gain":0.0,"cards_transformed":["Strike_B","Strike_B"],"event_name":"Drug Dealer","player_choice":"Became Test Subject","floor":20.0,"gold_loss":0.0,"damage_taken":0.0,"cards_obtained":["Compile Driver","Scrape"]},{"damage_healed":0.0,"max_hp_gain":0.0,"max_hp_loss":0.0,"gold_gain":0.0,"event_name":"Addict","player_choice":"Obtained Relic","floor":21.0,"gold_loss":85.0,"damage_taken":0.0,"relics_obtained":["Juzu Bracelet"]},{"damage_healed":0.0,"max_hp_gain":0.0,"max_hp_loss":0.0,"gold_gain":0.0,"cards_transformed":["Strike_B"],"event_name":"Transmorgrifier","player_choice":"Transformed","floor":22.0,"gold_loss":0.0,"damage_taken":0.0,"cards_obtained":["Cold Snap"]},{"damage_healed":0,"gold_gain":0,"player_choice":"Fought Bandits","damage_taken":0,"max_hp_gain":0,"max_hp_loss":0,"event_name":"Masked Bandits","floor":24,"gold_loss":0},{"damage_healed":27,"gold_gain":0,"player_choice":"Heal","damage_taken":0,"max_hp_gain":0,"max_hp_loss":0,"event_name":"The Library","floor":27,"gold_loss":0},{"damage_healed":0,"gold_gain":0,"player_choice":"Copied","damage_taken":0,"max_hp_gain":0,"max_hp_loss":0,"event_name":"Duplicator","floor":36,"gold_loss":0,"cards_obtained":["Gash"]},{"damage_healed":21,"gold_gain":0,"player_choice":"Writhe","damage_taken":0,"max_hp_gain":0,"max_hp_loss":0,"event_name":"Winding Halls","floor":47,"gold_loss":0,"cards_obtained":["Writhe"]},{"cards_removed":["Sweeping Beam"],"damage_healed":0,"gold_gain":0,"player_choice":"Removed Attack","damage_taken":0,"max_hp_gain":0,"max_hp_loss":0,"event_name":"Falling","floor":48,"gold_loss":0}],"is_beta":false,"boss_relics":[{"not_picked":["Coffee Dripper","Inserter"],"picked":"FrozenCore"},{"not_picked":["Pandora\u0027s Box","Calling Bell"],"picked":"Runic Pyramid"}],"items_purged_floors":[38,53],"is_endless":false,"potions_floor_spawned":[1,5,11,16,19,23,24,31,37,41,46],"killed_by":"Shield and Spear","ascension_level":5}}