{"host":"mvcnjx88tm0foan8","time":1612769821,"event":{"mods":["BaseMod","Colored Map","DeckTracker","Highlight Path","Keyboard Shortcuts","Minty Spire (QoL Compilation)","Permanent Neow","Quick Restart","Relic Stats","StSLib","SuperFastMode","everything is the same but u backflip on backflip"],"gold_per_floor":[111,126,126,137,157,192,207,207,230,76,93,93,103,121,121,222,222,210,66,66,78,88,113,127,52,52,84,6,19,19,19],"floor_reached":30,"language":"KOR","playtime":1662,"items_purged":["Strike_R"],"score":317,"play_id":"65572672-d7c0-4a81-a2fa-58d97c2eb843","local_time":"20210208163701","is_ascension_mode":true,"campfire_choices":[{"data":"Inflame","floor":8.0,"key":"SMITH"},{"data":"Armaments","floor":12.0,"key":"SMITH"},{"floor":15.0,"key":"RECALL"}],"circlet_count":0,"master_deck":["Strike_R","Strike_R","Strike_R","Strike_R","Defend_R","Defend_R","Defend_R","Defend_R","Bash","Clash","Heavy Blade+1","Warcry","Body Slam","Inflame+1","Armaments+1","Entrench","Ghostly Armor","Barricade","Body Slam+1","Blood for Blood+1","Sever Soul","Burning Pact+1","Power Through+1","Blood for Blood+1","Shrug It Off","Anger","Hemokinesis","True Grit+1"],"relics":["Burning Blood","Regal Pillow","Lantern","Blood Vial","Toolbox","Velvet Choker","Orrery","Boot","Smiling Mask","Calipers"],"acts_visited":["Exordium","TheCity"],"potions_floor_usage":[27,27,29],"damage_taken":[{"damage":10.0,"enemies":"Cultist","floor":1.0,"turns":5.0},{"damage":9.0,"enemies":"Jaw Worm","floor":2.0,"turns":3.0},{"damage":0.0,"enemies":"2 Louse","floor":4.0,"turns":2.0},{"damage":7.0,"enemies":"Looter","floor":5.0,"turns":3.0},{"damage":46.0,"enemies":"Lagavulin","floor":6.0,"turns":6.0},{"damage":5.0,"enemies":"Gremlin Gang","floor":7.0,"turns":5.0},{"damage":2.0,"enemies":"3 Louse","floor":11.0,"turns":3.0},{"damage":6.0,"enemies":"Looter","floor":13.0,"turns":3.0},{"damage":0.0,"enemies":"2 Fungi Beasts","floor":14.0,"turns":2.0},{"damage":43.0,"enemies":"The Guardian","floor":16.0,"turns":11.0},{"damage":17.0,"enemies":"2 Thieves","floor":18.0,"turns":4.0},{"damage":9.0,"enemies":"Shell Parasite","floor":21.0,"turns":4.0},{"damage":23.0,"enemies":"Cultist and Chosen","floor":22.0,"turns":6.0},{"damage":56.0,"enemies":"Book of Stabbing","floor":23.0,"turns":7.0},{"damage":0.0,"enemies":"Snecko","floor":24.0,"turns":5.0},{"damage":28,"enemies":"Slavers","floor":27,"turns":5},{"damage":3,"enemies":"Chosen and Byrds","floor":29,"turns":4},{"damage":21,"enemies":"Snake Plant","floor":30,"turns":2}],"seed_played":"1386035361335406613","potions_obtained":[{"floor":2.0,"key":"EntropicBrew"},{"floor":13.0,"key":"LiquidMemories"},{"floor":23.0,"key":"CultistPotion"},{"floor":24.0,"key":"BlessingOfTheForge"},{"floor":27,"key":"PowerPotion"}],"is_trial":false,"path_per_floor":["M","M","?","M","M","E","M","R","T","$","M","R","M","M","R","B",null,"M","$","?","M","M","E","M","$","T","E","?","M","M"],"character_chosen":"IRONCLAD","items_purchased":["Toolbox","Orrery"],"campfire_rested":0,"item_purchase_floors":[10,19],"current_hp_per_floor":[76,73,73,79,78,38,53,53,53,53,59,59,61,69,69,34,80,69,69,69,68,53,19,27,27,27,7,7,12,0,0],"gold":19,"neow_bonus":"RANDOM_COMMON_RELIC","is_daily":false,"chose_seed":false,"campfire_upgraded":2,"win_rate":0.0,"timestamp":1612769821,"path_taken":["M","M","?","M","M","E","M","R","T","$","M","R","M","M","R","BOSS","M","$","?","?","M","E","M","$","T","E","?","M","M"],"items_purchased_type":["Relic","Relic"],"build_version":"2020-12-22","purchased_purges":1,"victory":false,"max_hp_per_floor":[80,80,80,80,80,80,80,80,80,80,80,80,80,80,80,80,80,80,80,80,80,80,80,80,80,80,80,80,80,80,80],"relic_stats":{"Blood Vial":22,"Regal Pillow":0,"counters":[18,80],"Boot":[4],"Smiling Mask":0,"obtain_stats":[{"Blood Vial":9,"Regal Pillow":0,"Lantern":6,"Calipers":28,"Toolbox":10,"Velvet Choker":17,"Orrery":19,"Boot":23,"Smiling Mask":27,"Burning Blood":0},{"Blood Vial":6,"Regal Pillow":0,"Lantern":5,"Calipers":16,"Toolbox":6,"Velvet Choker":10,"Orrery":11,"Boot":14,"Smiling Mask":16,"Burning Blood":0},{"Blood Vial":24,"Regal Pillow":0,"Lantern":19,"Calipers":74,"Toolbox":24,"Velvet Choker":43,"Orrery":47,"Boot":64,"Smiling Mask":74,"Burning Blood":0}],"Burning Blood":102},"card_choices":[{"not_picked":["True Grit","Armaments"],"picked":"Clash","floor":1.0},{"not_picked":["Flex","True Grit"],"picked":"Heavy Blade","floor":2.0},{"not_picked":["Rage","Headbutt"],"picked":"Warcry","floor":4.0},{"not_picked":["Havoc","Shockwave"],"picked":"Body Slam","floor":5.0},{"not_picked":["Sword Boomerang","Thunderclap","Pummel"],"picked":"SKIP","floor":6.0},{"not_picked":["Heavy Blade","Disarm"],"picked":"Inflame","floor":7.0},{"not_picked":["Clash","Cleave"],"picked":"Armaments","floor":11.0},{"not_picked":["Thunderclap","Bludgeon"],"picked":"Entrench","floor":13.0},{"not_picked":["Iron Wave","Feel No Pain"],"picked":"Ghostly Armor","floor":14.0},{"not_picked":["Fiend Fire","Juggernaut"],"picked":"Barricade","floor":16.0},{"not_picked":["Wild Strike+1","Rupture","Uppercut"],"picked":"SKIP","floor":18.0},{"not_picked":["Flex","Barricade"],"picked":"Body Slam+1","floor":19.0},{"not_picked":["Cleave","Pommel Strike"],"picked":"Blood for Blood+1","floor":19.0},{"not_picked":["Exhume","Headbutt"],"picked":"Sever Soul","floor":19.0},{"not_picked":["Fire Breathing+1","Flex"],"picked":"Burning Pact+1","floor":19.0},{"not_picked":["Thunderclap+1","True Grit"],"picked":"Power Through+1","floor":19.0},{"not_picked":["Flex","Headbutt"],"picked":"Shrug It Off","floor":21.0},{"not_picked":["Armaments","Anger","Intimidate"],"picked":"SKIP","floor":22.0},{"not_picked":["Armaments+1","Exhume","Cleave"],"picked":"SKIP","floor":23.0},{"not_picked":["Perfected Strike","Flex"],"picked":"Anger","floor":24.0},{"not_picked":["Headbutt","Combust"],"picked":"Hemokinesis","floor":27},{"not_picked":["Flex+1","Wild Strike"],"picked":"True Grit+1","floor":29}],"player_experience":261161,"relics_obtained":[{"floor":6.0,"key":"Lantern"},{"floor":9.0,"key":"Blood Vial"},{"floor":23.0,"key":"Boot"},{"floor":27,"key":"Smiling Mask"}],"event_choices":[{"damage_healed":0.0,"max_hp_gain":0.0,"max_hp_loss":0.0,"gold_gain":0.0,"event_name":"Living Wall","player_choice":"Grow","floor":3.0,"gold_loss":0.0,"damage_taken":0.0,"cards_upgraded":["Heavy Blade"]},{"damage_healed":0.0,"max_hp_gain":0.0,"max_hp_loss":0.0,"gold_gain":0.0,"event_name":"Duplicator","player_choice":"Copied","floor":20.0,"gold_loss":0.0,"damage_taken":0.0,"cards_obtained":["Blood for Blood"]},{"damage_healed":0,"gold_gain":0,"player_choice":"Paid Gold","damage_taken":0,"relics_obtained":["Calipers"],"max_hp_gain":0,"max_hp_loss":0,"event_name":"WeMeetAgain","floor":28,"gold_loss":78}],"is_beta":false,"boss_relics":[{"not_picked":["Ectoplasm","Snecko Eye"],"picked":"Velvet Choker"}],"items_purged_floors":[25],"is_endless":false,"potions_floor_spawned":[2,6,13,14,23,24,27],"killed_by":"Snake Plant","ascension_level":3}}