{"host":"g1qzxxy7a24sg3a3","time":1612756338,"event":{"mods":["ATMod(阿瑾Mod)","Act Like it!","Arknights","BaseMod","Custom Start","Gensokyo","GungeonMod","Hallownest","Lobotomy","LobotomyExtend","Minty Spire (QoL Compilation)","MostiFishMod","Pale of the Ancients","Replay The Spire","SOS（斯巴达之子）","Shop Mod","Spicy Shops","StSLib","TestMod","The Administrix","The Bug Knight","Waifu the Spire","WarShipGirlsR/战舰少女R mod","【遗物卡牌】REMEMod","残留之物"],"gold_per_floor":[109,109,109,40,57,87,87,87,87],"floor_reached":8,"language":"ZHS","playtime":494,"items_purged":[],"score":54,"play_id":"e0d7fa97-3c89-4ae6-9bd7-9d87ee2b9052","local_time":"20210208115218","is_ascension_mode":false,"campfire_choices":[{"data":"Seeing Red","floor":7,"key":"SMITH"}],"circlet_count":0,"master_deck":["Strike_R","Strike_R","Strike_R","Strike_R","Defend_R","Defend_R","Defend_R","Defend_R","Bash","Vengeance","ReplayReversal","Gensokyo:RustyChest","Seeing Red+1"],"relics":["Burning Blood","AT_ATBox","DaveBox","testmod-TestBox","REME_ComplimentaryCards","Civilization","testmod-CyclicPeriapt","SynthV:TestCard","Gensokyo:OccultBall","Red Skull","HollowMod:StagPassRelic"],"acts_visited":["Gensokyo:Gensokyo"],"potions_floor_usage":[],"damage_taken":[{"damage":6,"enemies":"Gensokyo:3_Fairies","floor":1,"turns":4},{"damage":7,"enemies":"Gensokyo:Gryphon","floor":5,"turns":4},{"damage":55,"enemies":"Gensokyo:Mamizou","floor":6,"turns":7},{"damage":27,"enemies":"Gensokyo:Cirno","floor":8,"turns":7}],"seed_played":"-3039518131629093841","potions_obtained":[],"is_trial":false,"path_per_floor":["M","?","?","COS","M","E","R","E"],"character_chosen":"IRONCLAD","items_purchased":[],"campfire_rested":0,"item_purchase_floors":[],"current_hp_per_floor":[80,80,80,80,80,33,33,6,6],"gold":87,"neow_bonus":"REMOVE_CARD","is_daily":false,"chose_seed":false,"campfire_upgraded":1,"win_rate":0.0,"timestamp":1612756338,"path_taken":["M","?","?","COS","?","E","R","E"],"items_purchased_type":[],"build_version":"2020-12-22","purchased_purges":0,"victory":false,"max_hp_per_floor":[80,80,80,80,81,83,83,83,83],"card_choices":[{"not_picked":["Power Through","Replay:Undeath\u0027s Touch"],"picked":"ReplayReversal","floor":1},{"not_picked":["Perfected Strike","MostiFishMod:NewArrival","Shrug It Off","Pommel Strike","Replay:Undeath\u0027s Touch"],"picked":"SKIP","floor":5},{"not_picked":["Feel No Pain","Warcry","Flex","Sword Boomerang"],"picked":"Seeing Red","floor":6}],"player_experience":79813,"relics_obtained":[{"floor":1,"key":"SynthV:TestCard"},{"floor":6,"key":"Red Skull"}],"event_choices":[],"is_beta":false,"boss_relics":[],"items_purged_floors":[],"is_endless":false,"potions_floor_spawned":[6],"killed_by":"Gensokyo:Cirno","ascension_level":0}}