{"host":"c35j6tsoy7cxzn43","time":1612787513,"event":{"mods":["BaseMod","Better Third Choice","BetterRewards","Colored Map","Colored Powertips","Conspire","Highlight Path","Hubris","Infinite Spire","Minty Spire (QoL Compilation)","Quick Restart","Replay The Spire","Shop Mod","StSLib"],"gold_per_floor":[210,55,71,71,71,103,103,103,103,103,28,28,38,38,38,134,134,149,49,63,63,82,113,113,113,138,155,155,182,182,215,215,215,215],"floor_reached":33,"language":"ENG","playtime":1312,"items_purged":["Strike_G","Defend_G"],"score":374,"play_id":"01473563-2609-4847-8b18-ceb175b9f66e","local_time":"20210208133153","is_ascension_mode":false,"campfire_choices":[{"floor":10,"key":"REST"},{"data":"ReplayTheSpireMod:Black Plague","floor":12,"key":"SMITH"},{"data":"Phantasmal Killer","floor":15,"key":"SMITH"},{"data":"Deadly Poison","floor":25,"key":"SMITH"},{"data":"Catalyst","floor":28,"key":"SMITH"},{"data":"Bullet Time","floor":32,"key":"SMITH"}],"circlet_count":0,"master_deck":["Strike_G","Strike_G","Strike_G","Strike_G","Defend_G","Defend_G","Defend_G","Defend_G","Survivor+1","Neutralize","Flying Knee+1","Catalyst+1","ReplayTheSpireMod:Black Plague+1","Phantasmal Killer+1","Bullet Time+1","Deadly Poison+1"],"relics":["Ring of the Snake","conspire:TreasureMap","infinitespire:EmpoweringShard","hubris:Towel","Snake Skull","Philosopher\u0027s Stone","Replay:Baseball","hubris:FunFungus","Replay:Bottled Steam"],"acts_visited":["Exordium","TheCity"],"potions_floor_usage":[6,29,33,33],"damage_taken":[{"damage":2,"enemies":"Jaw Worm","floor":1,"turns":5},{"damage":4,"enemies":"conspire:RoseBush","floor":3,"turns":3},{"damage":25,"enemies":"Lagavulin","floor":6,"turns":6},{"damage":0,"enemies":"Small Slimes","floor":13,"turns":2},{"damage":0,"enemies":"Hexaghost","floor":16,"turns":7},{"damage":0,"enemies":"Shell Parasite","floor":18,"turns":3},{"damage":0,"enemies":"Chosen","floor":20,"turns":3},{"damage":17,"enemies":"Centurion and Healer","floor":22,"turns":4},{"damage":8,"enemies":"conspire:Head Lice","floor":23,"turns":5},{"damage":1,"enemies":"Chosen and Byrds","floor":27,"turns":3},{"damage":0,"enemies":"Book of Stabbing","floor":29,"turns":3},{"damage":22,"enemies":"Slavers","floor":31,"turns":4},{"damage":30,"enemies":"Pondfish","floor":33,"turns":5}],"seed_played":"3576652866330870412","potions_obtained":[{"floor":1,"key":"Toxic Potion"},{"floor":18,"key":"SkillPotion"},{"floor":20,"key":"Doom Potion"},{"floor":22,"key":"Dexterity Potion"},{"floor":31,"key":"Strength Potion"}],"is_trial":false,"path_per_floor":["M","$","M","$","?","E","?","?","T","R","$","R","M","?","R","B",null,"M","$","M","?","M","E","$","R","T","M","R","E","?","E","R","B"],"character_chosen":"THE_SILENT","items_purchased":["conspire:TreasureMap"],"campfire_rested":1,"item_purchase_floors":[2],"current_hp_per_floor":[68,68,64,64,47,22,8,8,8,29,29,29,29,29,29,29,70,70,70,70,70,53,45,45,45,45,44,44,44,44,24,24,0,0],"gold":215,"neow_bonus":"HUNDRED_GOLD","is_daily":false,"chose_seed":false,"campfire_upgraded":5,"win_rate":0.0,"timestamp":1612787513,"path_taken":["M","$","M","$","?","E","?","?","T","R","?","R","M","?","R","BOSS","M","$","M","?","?","E","?","R","T","M","R","E","?","E","R","BOSS"],"items_purchased_type":["Relic"],"build_version":"2020-12-22","purchased_purges":2,"victory":false,"max_hp_per_floor":[70,70,70,70,70,70,70,70,70,70,70,70,70,70,70,70,70,70,70,70,70,70,70,70,70,70,70,70,70,70,70,70,70,70],"card_choices":[{"not_picked":["Sucker Punch","Hidden Blade"],"picked":"Flying Knee","floor":1},{"not_picked":["Hidden Blade","Outmaneuver"],"picked":"Catalyst","floor":3},{"not_picked":["infinitespire:UltimateForm","infinitespire:DeathsTouch"],"picked":"ReplayTheSpireMod:Black Plague","floor":5},{"not_picked":["Underhanded Strike","Acrobatics"],"picked":"Phantasmal Killer","floor":6},{"not_picked":["Acrobatics","Setup","Bouncing Flask"],"picked":"SKIP","floor":13},{"not_picked":["Unload","After Image"],"picked":"Bullet Time","floor":16},{"not_picked":["Sucker Punch","Hidden Blade+1","Toxin Wave+1"],"picked":"SKIP","floor":18},{"not_picked":["PiercingWail","All Out Attack","Underhanded Strike+1"],"picked":"SKIP","floor":20},{"not_picked":["Phantasmal Killer","PiercingWail"],"picked":"Deadly Poison","floor":22},{"not_picked":["Slice+1","ReplayTheSpireMod:From All Sides","Endless Agony"],"picked":"SKIP","floor":23},{"not_picked":["Deadly Poison","Dodge and Roll","Toxin Wave"],"picked":"SKIP","floor":27},{"not_picked":["Sucker Punch+1","Deflect","Footwork"],"picked":"SKIP","floor":29},{"not_picked":["Predator+1","Outmaneuver","Dagger Throw+1"],"picked":"SKIP","floor":31}],"player_experience":463966,"relics_obtained":[{"floor":6,"key":"infinitespire:EmpoweringShard"},{"floor":9,"key":"Snake Skull"},{"floor":23,"key":"Replay:Baseball"},{"floor":29,"key":"hubris:FunFungus"},{"floor":31,"key":"Replay:Bottled Steam"}],"event_choices":[{"damage_healed":22,"gold_gain":0,"player_choice":"Upgrade","damage_taken":14,"max_hp_gain":0,"max_hp_loss":70,"event_name":"betterThird:BetterShining","floor":7,"gold_loss":0,"cards_upgraded":["Flying Knee","Survivor"]},{"damage_healed":0,"gold_gain":0,"player_choice":"Disagree","damage_taken":0,"max_hp_gain":0,"max_hp_loss":0,"event_name":"conspire:LoneGhost","floor":14,"gold_loss":0},{"damage_healed":0,"gold_gain":0,"player_choice":"Leave","damage_taken":0,"max_hp_gain":0,"max_hp_loss":0,"event_name":"FaceTrader","floor":21,"gold_loss":0}],"is_beta":false,"boss_relics":[{"not_picked":["conspire:SlowCooker","hubris:GrandSneckoEye"],"picked":"Philosopher\u0027s Stone"}],"items_purged_floors":[11,19],"is_endless":false,"potions_floor_spawned":[1,18,20,22,31],"killed_by":"Pondfish","ascension_level":0}}