{"host":"btj53a7qlsawl9sy","time":1612801940,"event":{"mods":["100% Spire Juice","ATMod(∞¢Ë™Mod)","Act Like it!","Arknights","BaseMod","Better Vampires","Colored Powertips","Dota2Spire","Gensokyo","Luminous","Marisa£®ÏF”Í°°ƒß¿Ì…≥£©","Marked Mod","Minty Spire (QoL Compilation)","Quick Restart","Reimu£®≤©¿ˆ¡È√Œ£©","Relic Stats","Remilia£®¿Ÿ√◊¿Ú—«£©","Replay The Spire","Spicy Shops","StSLib","The Administrix","The Servant 0.9.4","Yakumo Yukari mod","Youmu£®ªÍ∆«—˝√Œ£©","Yuyuko","°æ“≈ŒÔø®≈∆°øREMEMod","≤–¡Ù÷ÆŒÔ"],"gold_per_floor":[215,229,5,15,15,30,22,39,64,64,64,16,31,31,31,11,11],"floor_reached":16,"language":"ZHS","playtime":776,"items_purged":[],"score":112,"play_id":"a294ff20-1541-4acb-a64a-3e24c470b6d7","local_time":"20210209003220","is_ascension_mode":false,"campfire_choices":[{"floor":11,"key":"REST"},{"floor":15,"key":"REST"}],"circlet_count":0,"master_deck":["Moonworks:Strike","Moonworks:Strike","Moonworks:Strike","Moonworks:Strike","Moonworks:Defend","Moonworks:Defend","Moonworks:Defend","Moonworks:Defend","Moonworks:Ambush","Moonworks:LongDistanceShot","AT_DarkMatter","REME_WheelOfFate","Moonworks:StiffCrystal","Moonworks:UnpaidWork","Moonworks:UnluckyCharm","Moonworks:FullSpeedAlicianrone","Poor:ReiMu","Moonworks:IndiscriminateFireSupport","Moonworks:SakisCookie","Moonworks:FullSpeedAlicianrone","Moonworks:LulusLuckyEgg","Moonworks:BackdoorTrade"],"relics":["Moonworks:BrokenBomb","Moonworks:Homemark","AT_ATBox","REME_ComplimentaryCards","YidongShenshe:ReiMu","Quantum Egg","Dota2Spire:ShadowBlade","Bottled Lightning"],"acts_visited":["Exordium"],"potions_floor_usage":[13,13,13],"damage_taken":[{"damage":3,"enemies":"Jaw Worm","floor":1,"turns":4},{"damage":0,"enemies":"2 Louse","floor":2,"turns":4},{"damage":5,"enemies":"Small Slimes","floor":3,"turns":2},{"damage":0,"enemies":"2 Fungi Beasts","floor":4,"turns":3},{"damage":26,"enemies":"Gremlin Nob","floor":6,"turns":4},{"damage":10,"enemies":"Looter","floor":7,"turns":3},{"damage":0,"enemies":"Gremlin Gang","floor":8,"turns":1},{"damage":44,"enemies":"Lagavulin","floor":13,"turns":7},{"damage":56,"enemies":"The Guardian","floor":16,"turns":19}],"seed_played":"7494160095165039225","potions_obtained":[{"floor":4,"key":"Elixir"},{"floor":6,"key":"PowerPotion"},{"floor":7,"key":"Weak Potion"}],"is_trial":false,"path_per_floor":["M","M","M","M","?","E","M","M","T","?","R","$","E","$","R","B"],"character_chosen":"THE_STARBREAKER","items_purchased":["Moonworks:LulusLuckyEgg"],"campfire_rested":2,"item_purchase_floors":[12],"current_hp_per_floor":[57,60,55,55,55,29,19,19,19,19,37,37,15,15,33,0,0],"gold":11,"neow_bonus":"HUNDRED_GOLD","is_daily":false,"chose_seed":false,"campfire_upgraded":0,"win_rate":0.0,"timestamp":1612801940,"path_taken":["M","M","M","M","?","E","M","M","T","?","R","?","E","$","R","BOSS"],"items_purchased_type":["Card"],"build_version":"2020-12-22","purchased_purges":0,"victory":false,"max_hp_per_floor":[60,60,60,60,60,60,60,60,60,60,60,60,60,60,60,60,60],"relic_stats":{"counters":[9,47],"obtain_stats":[{"AT_ATBox":0,"Moonworks:Homemark":0,"Quantum Egg":6,"Dota2Spire:ShadowBlade":9,"YidongShenshe:ReiMu":5,"Bottled Lightning":13,"Moonworks:BrokenBomb":0,"REME_ComplimentaryCards":0},{"AT_ATBox":0,"Moonworks:Homemark":0,"Quantum Egg":5,"Dota2Spire:ShadowBlade":7,"YidongShenshe:ReiMu":4,"Bottled Lightning":8,"Moonworks:BrokenBomb":0,"REME_ComplimentaryCards":0},{"AT_ATBox":0,"Moonworks:Homemark":0,"Quantum Egg":17,"Dota2Spire:ShadowBlade":21,"YidongShenshe:ReiMu":13,"Bottled Lightning":28,"Moonworks:BrokenBomb":0,"REME_ComplimentaryCards":0}]},"card_choices":[{"not_picked":["Moonworks:ImOnFire","Moonworks:IndiscriminateFireSupport"],"picked":"Moonworks:StiffCrystal","floor":1},{"not_picked":["Moonworks:FinalSurgery","Moonworks:JonathanRush"],"picked":"Moonworks:UnpaidWork","floor":2},{"not_picked":["Moonworks:IndiscriminateFireSupport","Moonworks:ImOnFire"],"picked":"Moonworks:UnluckyCharm","floor":3},{"not_picked":["Moonworks:IntelligenceOfficer","Moonworks:EvilSpyWorkPreparation"],"picked":"Moonworks:FullSpeedAlicianrone","floor":4},{"not_picked":["Moonworks:BigMagnum","Moonworks:JonathanRush"],"picked":"Moonworks:IndiscriminateFireSupport","floor":6},{"not_picked":["Moonworks:LulusLuckyEgg","Moonworks:EvilSpyWorkPreparation"],"picked":"Moonworks:SakisCookie","floor":7},{"not_picked":["Moonworks:NicePresent","Moonworks:EvilSpyWorkPreparation"],"picked":"Moonworks:FullSpeedAlicianrone","floor":8},{"not_picked":["Moonworks:BigBangBell","Moonworks:WeAreWaruda"],"picked":"Moonworks:BackdoorTrade","floor":13}],"player_experience":142756,"relics_obtained":[{"floor":6,"key":"Quantum Egg"},{"floor":9,"key":"Dota2Spire:ShadowBlade"},{"floor":13,"key":"Bottled Lightning"}],"event_choices":[{"damage_healed":0,"gold_gain":0,"player_choice":"¥¯◊ﬂ…Ò…Á","damage_taken":0,"relics_obtained":["YidongShenshe:ReiMu"],"max_hp_gain":0,"max_hp_loss":0,"event_name":"yidonshenshe","floor":5,"gold_loss":0,"cards_obtained":["Poor:ReiMu"]},{"damage_healed":0,"gold_gain":0,"player_choice":"Ignored","damage_taken":0,"max_hp_gain":0,"max_hp_loss":0,"event_name":"Shining Light","floor":10,"gold_loss":0}],"is_beta":false,"boss_relics":[],"items_purged_floors":[],"is_endless":false,"potions_floor_spawned":[4,6,7],"killed_by":"The Guardian","ascension_level":0}}