{"host":"xbdmg2vm5yvm04q9","time":1612798393,"event":{"mods":["Act Like it!","Aspiration","BaseMod","Colored Map","Colored Powertips","Conspire","Downfall","Gensokyo","Minty Spire (QoL Compilation)","Replay The Spire","StSLib","Td1madao Mod","The Jungle","The Runesmith","The Servant 0.9.4","UnlockEverythingMod","Waifu the Spire","Wide Potions","【功能Mod】聪明的最终Boss"],"gold_per_floor":[110,127,127,137,137,137,171,171,196,36,49,83,103,123,123,225,225,245,5,23,0,0,0,33,33,110,110,110,121,166,199,199,199,199],"floor_reached":33,"language":"ZHS","playtime":4065,"items_purged":[],"score":343,"play_id":"f452407e-5439-4c1a-a56b-dd82309d6bce","local_time":"20210208233313","is_ascension_mode":false,"campfire_choices":[{"data":"Defend System","floor":6,"key":"SMITH"},{"data":"Rupture","floor":8,"key":"SMITH"},{"data":"Provocative","floor":15,"key":"SMITH"},{"data":"Afterwards","floor":23,"key":"SMITH"},{"data":"Retrieval Recycling","floor":27,"key":"SMITH"},{"floor":32,"key":"REST"}],"circlet_count":0,"master_deck":["Strike_C","Strike_C","Defend_C","Defend_C","Defend_C","Defend_C","Knight Kick","Defend System+1","Rupture+1","Black Hand","Floating Swing Kick","Three Hit","Defend System","New Defend Magic","Necronomicurse","Sub Weapons","Black Contract","Afterwards+1","Provocative+1","Judgment","Bursts+1","Cooling Song+1","Gensokyo:LockedMedkit","Gensokyo:BlemishedSteel","Twin Teeth","Retrieval Recycling+1","Furious","Black Spear","Fixing","Shockwave Tdmadao"],"relics":["Apod","Pear","Replay:PocketPolymizer","Toy Ornithopter","Necronomicon","Anchor","ChewingGum","Gensokyo:MosesMiracle","ReplayTheSpireMod:TigerMarble","Onion Ring","aspiration:StickyExplosives_weak","Oddly Smooth Stone","Replay:WaspNest"],"acts_visited":["Gensokyo:Gensokyo","Gensokyo:Gensokyoer"],"potions_floor_usage":[7,12,12,16,20,24,29,33],"damage_taken":[{"damage":1,"enemies":"Gensokyo:Gryphon","floor":1,"turns":6},{"damage":0,"enemies":"Gensokyo:2_Kodama","floor":2,"turns":7},{"damage":0,"enemies":"Gensokyo:Python","floor":4,"turns":3},{"damage":0,"enemies":"Gensokyo:Mamizou","floor":7,"turns":4},{"damage":18,"enemies":"Gensokyo:5_Fairies","floor":11,"turns":6},{"damage":16,"enemies":"Gensokyo:Cirno","floor":12,"turns":7},{"damage":0,"enemies":"Gensokyo:Kitsune","floor":13,"turns":2},{"damage":7,"enemies":"Gensokyo:VengefulSpirit","floor":14,"turns":3},{"damage":2,"enemies":"Gensokyo:Reimu","floor":16,"turns":6},{"damage":0,"enemies":"Gensokyo:Chomper","floor":18,"turns":2},{"damage":6,"enemies":"Gensokyo:3_Dogs","floor":20,"turns":6},{"damage":60,"enemies":"Gensokyo:Tenshi","floor":24,"turns":6},{"damage":0,"enemies":"Gensokyo:Wraith","floor":29,"turns":4},{"damage":17,"enemies":"Gensokyo:Reisen","floor":31,"turns":6},{"damage":56,"enemies":"Gensokyo:Eiki","floor":33,"turns":10}],"seed_played":"-8887702620163210581","potions_obtained":[{"floor":2,"key":"Fire Potion"},{"floor":4,"key":"Cursed Concoction"},{"floor":11,"key":"Weak Potion"},{"floor":14,"key":"DuplicationPotion"},{"floor":16,"key":"Fire Potion"},{"floor":18,"key":"GamblersBrew"},{"floor":20,"key":"Adrenaline Potion"},{"floor":31,"key":"Doom Potion"}],"is_trial":false,"path_per_floor":["M","M","?","M","?","R","E","R","T","?","M","E","M","M","R","B",null,"M","COS","M","?","?","R","E","$","T","R","?","M","T","E","R_BF","B"],"character_chosen":"TD1MADAO_CLASS","items_purchased":[],"campfire_rested":1,"item_purchase_floors":[],"current_hp_per_floor":[76,76,71,71,71,71,71,71,71,71,53,47,47,40,40,43,87,87,87,81,81,81,81,26,26,26,26,26,31,31,14,40,0,0],"gold":199,"neow_bonus":"TEN_PERCENT_HP_BONUS","is_daily":false,"chose_seed":false,"campfire_upgraded":5,"win_rate":0.0,"timestamp":1612798393,"path_taken":["M","M","?","M","?","R","E","R","T","?","M","E","M","M","R","BOSS","M","COS","M","?","?","R","E","?","T","R","?","?","?","E","R_BF","BOSS"],"items_purchased_type":[],"build_version":"2020-12-22","purchased_purges":0,"victory":false,"max_hp_per_floor":[77,77,87,87,87,87,87,87,87,87,87,87,87,87,87,87,87,87,87,87,87,87,87,87,87,87,87,87,87,87,87,87,87,87],"card_choices":[{"not_picked":["Black Execution","White Contract"],"picked":"Defend System","floor":1},{"not_picked":["Transfer Energy","Lunge"],"picked":"Rupture","floor":2},{"not_picked":["Rupture","Sub Weapons"],"picked":"Black Hand","floor":4},{"not_picked":["Winding Magic","White Contract"],"picked":"Floating Swing Kick","floor":5},{"not_picked":["Lunge","Black Execution"],"picked":"Three Hit","floor":5},{"not_picked":["Machining","Preloading"],"picked":"Defend System","floor":7},{"not_picked":["Floating Swing Kick","Fire Up"],"picked":"Sub Weapons","floor":11},{"not_picked":["Fixing","White Contract"],"picked":"Black Contract","floor":12},{"not_picked":["Preloading","Floating Swing Kick"],"picked":"Afterwards","floor":13},{"not_picked":["Transfer Energy","Lunge"],"picked":"Provocative","floor":14},{"not_picked":["Backup","Shockwave Tdmadao"],"picked":"Bursts","floor":16},{"not_picked":["Oblique Hack","Afterwards"],"picked":"Cooling Song+1","floor":18},{"not_picked":["Oblique Hack","White Contract"],"picked":"Twin Teeth","floor":20},{"not_picked":["Furious","Optimization"],"picked":"Retrieval Recycling","floor":24},{"not_picked":["Awareness","Lunge+1"],"picked":"Furious","floor":24},{"not_picked":["Preloading","White Contract+1"],"picked":"Fixing","floor":29},{"not_picked":["Weapon Shift","Backup"],"picked":"Oblique Hack","floor":31}],"player_experience":81596,"relics_obtained":[{"floor":7,"key":"Replay:PocketPolymizer"},{"floor":9,"key":"Toy Ornithopter"},{"floor":12,"key":"Anchor"},{"floor":24,"key":"ReplayTheSpireMod:TigerMarble"},{"floor":26,"key":"Onion Ring"},{"floor":30,"key":"Oddly Smooth Stone"},{"floor":31,"key":"Gensokyo:MosesMiracle"},{"floor":31,"key":"Replay:WaspNest"}],"event_choices":[{"damage_healed":0,"gold_gain":0,"player_choice":"Leave","damage_taken":0,"max_hp_gain":0,"max_hp_loss":0,"event_name":"conspire:Investor","floor":28,"gold_loss":0}],"is_beta":false,"boss_relics":[{"not_picked":["aspiration:PoetsPen_weak","aspiration:RunesmithSkillbook"],"picked":"ChewingGum"}],"items_purged_floors":[],"is_endless":false,"potions_floor_spawned":[2,4,11,14,16,18,20,31],"killed_by":"Gensokyo:Eiki","ascension_level":0}}