{"host":"8anmd7ibyxevnonj","time":1612792813,"event":{"mods":["BaseMod","Curses Come First","Downfall","Minty Spire (QoL Compilation)","StSLib"],"gold_per_floor":[99,117,127,127,127,160,160,172,189,223,223,223,235,250,261,356,356,356,371,389,389,389,389,415,426,426,440,474,474,474,504,515,515,515,515],"floor_reached":33,"language":"ENG","playtime":2821,"items_purged":[],"score":324,"play_id":"2db2b2a0-84aa-428f-ad6c-d7b4b3f26296","local_time":"20210208150013","is_ascension_mode":false,"campfire_choices":[{"data":"Guardian:TwinSlam","floor":1,"key":"SMITH"},{"data":"Guardian:Orbwalk","floor":12,"key":"SMITH"},{"data":"Guardian:Suspension","floor":18,"key":"SMITH"},{"data":"Guardian:FloatingOrbs","floor":23,"key":"SMITH"},{"data":"Guardian:PiercingHide","floor":26,"key":"SMITH"},{"data":"Bite","floor":29,"key":"SMITH"}],"circlet_count":0,"master_deck":["Guardian:Defend_Guardian","Guardian:Defend_Guardian","Guardian:Defend_Guardian","Guardian:CurlUp","Guardian:TwinSlam+1","Guardian:DonusPower+1","Guardian:Clone","Guardian:TimeBomb","Guardian:FloatingOrbs+1","Guardian:Orbwalk+1","Guardian:ConstructionForm","Guardian:Suspension+1","Guardian:EvasiveProtocol","Guardian:ConstructionForm","Guardian:Repulse","Bite+1","Bite","Bite","Bite","Bite","Guardian:PiercingHide+1","Guardian:Gem_Synthetic","Guardian:WalkerClaw+1"],"relics":["Guardian:ModeShifter","PreservedInsect","MealTicket","White Beast Statue","Mummified Hand","Black Star","Darkstone Periapt","Potion Belt","Incense Burner","Toxic Egg 2","Toy Ornithopter","Eternal Feather"],"acts_visited":["Exordium","TheCity"],"potions_floor_usage":[10,13,14,15,16,16,25,27,27,28,31,31,33],"damage_taken":[{"damage":0,"enemies":"Small Slimes","floor":2,"turns":3},{"damage":1,"enemies":"Jaw Worm","floor":3,"turns":4},{"damage":13,"enemies":"Lagavulin","floor":6,"turns":5},{"damage":5,"enemies":"Cultist","floor":8,"turns":4},{"damage":16,"enemies":"Red Slaver","floor":9,"turns":4},{"damage":9,"enemies":"3 Sentries","floor":10,"turns":4},{"damage":0,"enemies":"Exordium Wildlife","floor":13,"turns":3},{"damage":1,"enemies":"2 Fungi Beasts","floor":14,"turns":4},{"damage":2,"enemies":"Blue Slaver","floor":15,"turns":4},{"damage":3,"enemies":"IC_STATUS_ARCHETYPE","floor":16,"turns":6},{"damage":0,"enemies":"Spheric Guardian","floor":19,"turns":6},{"damage":10,"enemies":"3 Byrds","floor":20,"turns":5},{"damage":0,"enemies":"Cultist and Chosen","floor":25,"turns":5},{"damage":1,"enemies":"3 Cultists","floor":27,"turns":6},{"damage":16,"enemies":"Book of Stabbing","floor":28,"turns":5},{"damage":11,"enemies":"Slavers","floor":31,"turns":7},{"damage":16,"enemies":"Centurion and Healer","floor":32,"turns":7},{"damage":90,"enemies":"SI_MIRROR_ARCHETYPE","floor":33,"turns":12}],"seed_played":"-4994513543824383167","potions_obtained":[{"floor":6,"key":"Explosive Potion"},{"floor":8,"key":"SteroidPotion"},{"floor":9,"key":"Fire Potion"},{"floor":10,"key":"Swift Potion"},{"floor":13,"key":"SkillPotion"},{"floor":14,"key":"LiquidMemories"},{"floor":15,"key":"Guardian:AcceleratePotion"},{"floor":16,"key":"Fruit Juice"},{"floor":19,"key":"DistilledChaos"},{"floor":20,"key":"ColorlessPotion"},{"floor":25,"key":"Dexterity Potion"},{"floor":27,"key":"champ:CounterPotion"},{"floor":28,"key":"Slimebound:ThreeZeroPotion"},{"floor":31,"key":"Strength Potion"},{"floor":32,"key":"LiquidMemories"}],"is_trial":false,"path_per_floor":["R","M","M","?","?","E","T","M","M","E","?","R","M","M","M","B",null,"R","M","M","?","T","R","T","M","R","M","E","R","?","E","M","B"],"character_chosen":"GUARDIAN","items_purchased":[],"campfire_rested":0,"item_purchase_floors":[],"current_hp_per_floor":[80,80,79,79,79,66,66,61,45,36,36,36,36,35,33,35,85,85,85,75,59,59,59,59,59,59,59,45,45,45,50,51,0,0,0],"gold":515,"neow_bonus":"RANDOM_COMMON_RELIC","is_daily":false,"chose_seed":false,"campfire_upgraded":6,"win_rate":0.0,"timestamp":1612792813,"path_taken":["R","M","M","?","?","E","T","M","M","E","?","R","M","?","M","BOSS","R","M","M","?","?","R","T","?","R","M","E","R","?","E","M","BOSS"],"items_purchased_type":[],"build_version":"2020-12-13","purchased_purges":0,"victory":false,"max_hp_per_floor":[80,80,80,80,80,80,80,80,80,80,80,80,80,80,80,85,85,85,85,85,59,59,59,59,59,59,59,59,59,59,59,59,59,59,59],"card_choices":[{"not_picked":["Guardian:Incinerate","Guardian:ChargeCore"],"picked":"Guardian:DonusPower","floor":2},{"not_picked":["Guardian:Gem_Green","Guardian:Incinerate"],"picked":"Guardian:Clone","floor":3},{"not_picked":["Guardian:PrimingBeam","Guardian:ArmoredProtocol"],"picked":"Guardian:TimeBomb","floor":6},{"not_picked":["Guardian:TemporalStrike","Guardian:CrystalBeam"],"picked":"Guardian:FloatingOrbs","floor":8},{"not_picked":["Guardian:CrystalBeam","Guardian:Gem_Lightblue"],"picked":"Guardian:Orbwalk","floor":9},{"not_picked":["Guardian:Gem_White","Guardian:DonusPower"],"picked":"Guardian:ConstructionForm","floor":10},{"not_picked":["Guardian:DecasProtection","Guardian:VentSteam"],"picked":"Guardian:Suspension","floor":13},{"not_picked":["Guardian:ChargeCore","Guardian:Harden"],"picked":"Guardian:Gem_Fragmented","floor":14},{"not_picked":["Guardian:Gem_Cyan","Guardian:TemporalStrike"],"picked":"Guardian:EvasiveProtocol","floor":15},{"not_picked":["Guardian:ExploitGems","Guardian:Gem_Orange"],"picked":"Guardian:ConstructionForm","floor":16},{"not_picked":["Guardian:DonusPower","Guardian:Suspension"],"picked":"Guardian:Repulse","floor":19},{"not_picked":["Guardian:TemporalStrike","Guardian:Suspension"],"picked":"Guardian:Gem_Lightblue","floor":20},{"not_picked":["Guardian:Gem_Lightblue","Guardian:PrismaticBarrier"],"picked":"Guardian:PiercingHide","floor":25},{"not_picked":["Guardian:EvasiveProtocol","Guardian:VentSteam"],"picked":"Guardian:Gem_Purple","floor":27},{"not_picked":["Guardian:Gem_Green","Guardian:BodySlam"],"picked":"Guardian:Gem_Purple","floor":28},{"not_picked":["Guardian:PrimingBeam","Guardian:FloatingOrbs"],"picked":"Guardian:Gem_Synthetic","floor":31},{"not_picked":["Guardian:PrimingBeam+1","Guardian:TemporalStrike"],"picked":"Guardian:WalkerClaw+1","floor":32}],"player_experience":87700,"relics_obtained":[{"floor":6,"key":"MealTicket"},{"floor":7,"key":"White Beast Statue"},{"floor":10,"key":"Mummified Hand"},{"floor":22,"key":"Darkstone Periapt"},{"floor":24,"key":"Potion Belt"},{"floor":28,"key":"Incense Burner"},{"floor":28,"key":"Toxic Egg 2"},{"floor":31,"key":"Toy Ornithopter"},{"floor":31,"key":"Eternal Feather"}],"event_choices":[{"cards_removed":["downfall:Malfunctioning"],"damage_healed":0,"gold_gain":0,"player_choice":"Card Removal","damage_taken":0,"max_hp_gain":0,"max_hp_loss":0,"event_name":"The Cleric","floor":5,"gold_loss":0},{"damage_healed":0,"gold_gain":0,"player_choice":"Became a vampire","damage_taken":0,"max_hp_gain":0,"max_hp_loss":26,"event_name":"Vampires","floor":21,"gold_loss":0,"cards_obtained":["Bite","Bite","Bite","Bite","Bite"]}],"is_beta":false,"boss_relics":[{"not_picked":["Velvet Choker","SacredBark"],"picked":"Black Star"}],"items_purged_floors":[],"is_endless":false,"potions_floor_spawned":[6,8,9,10,13,14,15,16,19,20,25,27,28,31,32],"killed_by":"SI_MIRROR_ARCHETYPE","ascension_level":0}}