{"host":"t88fvt99x4xmop87","time":1612819272,"event":{"mods":["Astrologer","BaseMod","BetterRewards","Bossed Relics","Downfall","Duelist Mod","Hermit","Highlight Path","Hubris","Infinite Spire","Jorbs\u0027s Wanderer Trilogy","Marisa????????","Minty Spire (QoL Compilation)","Rare Cards Sparkle","Replay The Spire","Shop Mod","StSLib","The Animator","The Bug Knight","The Construct","The Cursed","The Disciple","The Hierophant","The Jungle","The Necromancer","The Poker Player","The Runesmith","The Servant 0.9.4"],"gold_per_floor":[139,153,153,153,163,163,163,163,163,173,173,73,93,93,93,194,194,206,220,120,120,120,138,152,168,244,244,118,118,138,138,138,236,236,254,254,254],"floor_reached":36,"language":"ENG","playtime":1936,"items_purged":["Pain","theDuelist:Sparks","theDuelist:Sparks"],"score":379,"play_id":"e8e9589d-6444-4e22-bfc5-e4a94ee076b5","local_time":"20210208142112","is_ascension_mode":false,"campfire_choices":[{"data":"theDuelist:DarkMagician","floor":6,"key":"SMITH"},{"data":"theDuelist:PowerKaishin","floor":8,"key":"SMITH"},{"floor":11,"key":"REST"},{"data":"theDuelist:Sparks","floor":15,"key":"PURGE"},{"floor":27,"key":"REST"},{"floor":29,"key":"REST"}],"circlet_count":0,"master_deck":["theDuelist:CastleWalls","theDuelist:CastleWalls","theDuelist:DarkMagician+1","theDuelist:MysticalElf","theDuelist:MysticalElf","theDuelist:NeoMagic+1","theDuelist:NeoMagic","theDuelist:PowerKaishin+1","theDuelist:DarkMagician","theDuelist:ExodiaLA","theDuelist:ExodiaNecross","theDuelist:ExodiaNecross","theDuelist:ExodiaRA+1","theDuelist:ExodiaHead","theDuelist:LegendaryExodia","theDuelist:ExodiaLL"],"relics":["theDuelist:MillenniumPuzzle","theDuelist:CardPoolRelic","theDuelist:CardPoolBasicRelic","theDuelist:BoosterPackPoolRelic","theDuelist:CardPoolAddRelic","theDuelist:CardPoolMinusRelic","theDuelist:CardPoolSaveRelic","theDuelist:CardPoolOptionsRelic","NeowsBlessing","theDuelist:BoosterBetterBoostersRelic","WarpedTongs","hubris:Reverence","Replay:Bottled Flurry","construct:WeddingRing","theDuelist:SailingToken","infinitespire:WardingShard","Ooze Armor"],"acts_visited":["Exordium","TheCity","TheBeyond"],"potions_floor_usage":[16,24,25,25,33],"damage_taken":[{"damage":0,"enemies":"Small Slimes","floor":1,"turns":1},{"damage":0,"enemies":"Jaw Worm","floor":2,"turns":1},{"damage":0,"enemies":"Cultist","floor":5,"turns":1},{"damage":8,"enemies":"Looter","floor":10,"turns":2},{"damage":0,"enemies":"Exordium Thugs","floor":13,"turns":3},{"damage":22,"enemies":"Slime Boss","floor":16,"turns":11},{"damage":0,"enemies":"Chosen","floor":18,"turns":4},{"damage":18,"enemies":"Spheric Guardian","floor":19,"turns":6},{"damage":28,"enemies":"Centurion and Healer","floor":23,"turns":13},{"damage":18,"enemies":"Snake Plant","floor":24,"turns":5},{"damage":15,"enemies":"Shelled Parasite and Fungi","floor":25,"turns":9},{"damage":4,"enemies":"Centurion and Healer","floor":30,"turns":6},{"damage":37,"enemies":"Automaton","floor":33,"turns":9},{"damage":0,"enemies":"Orb Walker","floor":35,"turns":2},{"damage":81,"enemies":"Orb Walker","floor":36,"turns":8}],"seed_played":"4886453490475693994","potions_obtained":[{"floor":2,"key":"theDuelist:FlamingBottle"},{"floor":18,"key":"Swift Potion"},{"floor":19,"key":"Adrenaline Potion"},{"floor":24,"key":"Weak Potion"},{"floor":30,"key":"PowerPotion"}],"is_trial":false,"path_per_floor":["M","M","?","?","M","R","?","R","T","M","R","$","M","T","R","B",null,"M","M","$","?","AVR","M","M","M","T","R","$","R","M","?","R","B",null,"M","?"],"character_chosen":"THE_DUELIST","items_purchased":["theDuelist:DarkMagician","theDuelist:LegendaryExodia","theDuelist:ExodiaLL"],"campfire_rested":3,"item_purchase_floors":[12,28,28],"current_hp_per_floor":[80,80,80,74,74,74,74,74,74,66,80,80,80,80,80,58,80,80,62,62,62,62,34,16,1,1,25,25,49,45,39,63,26,80,80,0,0],"gold":254,"neow_bonus":"THREE_ENEMY_KILL","is_daily":false,"chose_seed":false,"campfire_upgraded":2,"win_rate":0.0,"timestamp":1612819272,"path_taken":["M","M","?","?","?","R","?","R","T","M","R","?","M","?","R","BOSS","M","M","$","?","AVR","M","M","?","T","R","$","R","M","?","R","BOSS","M","?"],"items_purchased_type":["Card","Card","Card"],"build_version":"2020-12-22","purchased_purges":3,"victory":false,"max_hp_per_floor":[80,80,80,80,80,80,80,80,80,80,80,80,80,80,80,80,80,80,80,80,80,80,80,80,80,80,80,80,80,80,80,80,80,80,80,80,80],"card_choices":[{"not_picked":["theDuelist:InfernoFireBlast","theDuelist:MagiciansRod","theDuelist:MagiciansRobe","theDuelist:BookSecret"],"picked":"theDuelist:PowerKaishin","floor":1},{"not_picked":["theDuelist:WormWarlord","theDuelist:BigKoala","theDuelist:RainbowKuriboh","theDuelist:FuryFire","theDuelist:DarklordSuperbia"],"picked":"SKIP","floor":2},{"not_picked":["theDuelist:BattleguardKing","theDuelist:DianKeto","theDuelist:WormBarses","theDuelist:Fissure","theDuelist:BlackPendant"],"picked":"SKIP","floor":5},{"not_picked":["theDuelist:BattleguardKing","theDuelist:LightningRodLord","theDuelist:FeatherPho","theDuelist:ForbiddenChalice","theDuelist:DarklordSuperbia"],"picked":"SKIP","floor":10},{"not_picked":["theDuelist:SkilledDarkMagician","theDuelist:SpiritHarp","theDuelist:GeminiElf","theDuelist:LegendaryExodia"],"picked":"theDuelist:ExodiaLA","floor":13},{"not_picked":["theDuelist:RainbowMagician","theDuelist:GrandSpellbookTower","theDuelist:SwordsRevealing","theDuelist:IceQueen"],"picked":"theDuelist:ExodiaNecross","floor":16},{"not_picked":["theDuelist:EarthquakeGiant+1","theDuelist:TimeSeal","theDuelist:BlockGolem+1","theDuelist:DarkHole","theDuelist:Sangan+1"],"picked":"SKIP","floor":18},{"not_picked":["Apotheosis","Jack Of All Trades","Sadistic Nature","Transmutation+1"],"picked":"SKIP","floor":19},{"not_picked":["theDuelist:BlueDragonSummoner","theDuelist:FrontierWiseman","theDuelist:MindAir","theDuelist:MysticalElf+1"],"picked":"theDuelist:ExodiaRA+1","floor":23},{"not_picked":["theDuelist:BlueBloodedOni","theDuelist:GreenGraveOni+1","theDuelist:PurplePainOni","theDuelist:RainbowKuriboh","theDuelist:RainbowOverdragon"],"picked":"SKIP","floor":24},{"not_picked":["theDuelist:ApprenticeIllusionMagician","theDuelist:AlienTelepath","theDuelist:QueenDragunDjinn","theDuelist:SwordsRevealing+1"],"picked":"theDuelist:ExodiaHead","floor":25},{"not_picked":["theDuelist:RainbowDarkDragon","theDuelist:IrisEarthMother","theDuelist:RainbowMagician","theDuelist:RainbowKuriboh","theDuelist:RainbowOverdragon+1"],"picked":"SKIP","floor":30},{"not_picked":["theDuelist:SpellShatteringArrow","theDuelist:AltarTribute","theDuelist:NeoMagic","theDuelist:PowerKaishin","theDuelist:Mudballman"],"picked":"SKIP","floor":35}],"player_experience":14735,"relics_obtained":[{"floor":9,"key":"hubris:Reverence"},{"floor":14,"key":"Replay:Bottled Flurry"},{"floor":26,"key":"infinitespire:WardingShard"}],"event_choices":[{"damage_healed":0,"gold_gain":0,"player_choice":"Leave","duelist":true,"damage_taken":0,"max_hp_gain":0,"max_hp_loss":0,"event_name":"Relic Duplicator","floor":3,"gold_loss":0},{"damage_healed":0,"gold_gain":0,"player_choice":"Dig - random Duelist relic","duelist":true,"damage_taken":0,"max_hp_gain":0,"max_hp_loss":0,"event_name":"Aknamkanon\u0027s Tomb","floor":4,"gold_loss":0},{"damage_healed":0,"gold_gain":0,"player_choice":"Rummage","damage_taken":0,"relics_obtained":["WarpedTongs"],"max_hp_gain":0,"max_hp_loss":0,"event_name":"Accursed Blacksmith","floor":7,"gold_loss":0,"cards_obtained":["Pain"]},{"damage_healed":0,"gold_gain":0,"player_choice":"Copied","damage_taken":0,"max_hp_gain":0,"max_hp_loss":0,"event_name":"Duplicator","floor":21,"gold_loss":0,"cards_obtained":["theDuelist:ExodiaNecross"]},{"damage_healed":0,"gold_gain":0,"player_choice":"","damage_taken":6,"max_hp_gain":0,"max_hp_loss":0,"event_name":"Knowing Skull","floor":31,"potions_obtained":[],"gold_loss":0,"cards_obtained":[]},{"damage_healed":0,"gold_gain":0,"player_choice":"Fight","duelist":true,"damage_taken":0,"max_hp_gain":0,"max_hp_loss":0,"event_name":"Battle City","floor":36,"gold_loss":0}],"is_beta":false,"boss_relics":[{"not_picked":["infinitespire:Burning Sword","Honey Jar"],"picked":"construct:WeddingRing"},{"not_picked":["hubris:RunicObelisk","Snecko Eye"],"picked":"Ooze Armor"}],"items_purged_floors":[12,20,22],"is_endless":false,"potions_floor_spawned":[2,18,19,24,30],"killed_by":"Orb Walker","ascension_level":0}}