{"host":"jgqxb38yl0c1w101","time":1612770735,"event":{"mods":["2.2 Compatiblity","AchievementEnabler","BaseMod","Colored Map","Downfall","Minty Spire (QoL Compilation)","StSLib"],"gold_per_floor":[99,111,129,144,60,60,60,60,90,90,90,28,61,78,88,189,189,89,106,106,120,136,163,187,172,272,391,191,201,56,82,99,201,201,201,221,221,32,51,61,61,61,79,79,91,104,104,104,124,124,124,152,1,1,1,1],"floor_reached":57,"language":"ENG","playtime":5870,"items_purged":[],"score":1179,"play_id":"205b4687-2d6b-4373-994c-19ae34d30c46","local_time":"20210208025215","is_ascension_mode":false,"campfire_choices":[{"data":"Gremlin:GremlinDance","floor":1.0,"key":"SMITH"},{"floor":6.0,"key":"RECALL"},{"data":"Gremlin:Duplicate","floor":8.0,"key":"SMITH"},{"data":"Gremlin:FollowThrough","floor":10.0,"key":"SMITH"},{"data":"Gremlin:Erupt","floor":18.0,"key":"SMITH"},{"floor":28.0,"key":"REST"},{"data":"Gremlin:BurlyBlow","floor":35.0,"key":"SMITH"},{"floor":44,"key":"REST"},{"floor":47,"key":"REST"},{"floor":54,"key":"REST"}],"circlet_count":0,"master_deck":["Gremlin:TagTeam","Gremlin:GremlinDance+1","Gremlin:Jeer+1","Gremlin:Presto","Gremlin:FollowThrough+1","Gremlin:BurlyBlow+1","Gremlin:Duplicate+1","Gremlin:Wizardry+1","Gremlin:ProperTools","Gremlin:BulkUp","Gremlin:BulkUp+1","Gremlin:Stupend+1","Gremlin:Erupt+1","Gremlin:Mockery+1","Gremlin:BubbleBarrier","Gremlin:Rhythm+1","Gremlin:Polish+1","Gremlin:InfiniteBlocks+1","Gremlin:Wizardry+1","Gremlin:IrksomeBlow+1","Gremlin:Fury","Gremlin:Encore+1","Gremlin:SecondVolley","Gremlin:BulkUp+1","Gremlin:Erupt","Gremlin:ProperTools","Gremlin:FollowThrough","Gremlin:Kablamo","Gremlin:PinNeedle","Gremlin:Tricksy","Gremlin:ToeStub","expansioncontent:AwakenDeath+1","Mayhem+1","Gremlin:ToeStub","Parasite"],"relics":["Gremlin:GremlinKnob","Frozen Egg 2","Kunai","Bird Faced Urn","SlaversCollar","downfall:HeartBlessingGreen","StrikeDummy","champ:Barbells","downfall:HeartBlessingRed","downfall:HeartBlessingBlue","Sling","Happy Flower","Pandora\u0027s Box","Gremlin:WizardHat","Gremlin:WoundPoker","Frozen Eye"],"acts_visited":["Exordium","TheCity","TheBeyond","TheEnding"],"potions_floor_usage":[40,45,52,55,56],"damage_taken":[{"damage":0.0,"enemies":"Small Slimes","floor":2.0,"turns":3.0},{"damage":2.0,"enemies":"2 Louse","floor":3.0,"turns":2.0},{"damage":0.0,"enemies":"Jaw Worm","floor":4.0,"turns":3.0},{"damage":2.0,"enemies":"downfall:FleeingMerchant","floor":5.0,"turns":4.0},{"damage":16.0,"enemies":"Gremlin Nob","floor":9.0,"turns":4.0},{"damage":9.0,"enemies":"downfall:FleeingMerchant","floor":12.0,"turns":4.0},{"damage":17.0,"enemies":"3 Sentries","floor":13.0,"turns":5.0},{"damage":1.0,"enemies":"2 Fungi Beasts","floor":14.0,"turns":3.0},{"damage":4.0,"enemies":"Gremlin Gang","floor":15.0,"turns":3.0},{"damage":19.0,"enemies":"DF_ARCHETYPE_STREAMLINE","floor":16.0,"turns":12.0},{"damage":13.0,"enemies":"Shell Parasite","floor":19.0,"turns":5.0},{"damage":32.0,"enemies":"3 Cultists","floor":21.0,"turns":7.0},{"damage":28.0,"enemies":"Shelled Parasite and Fungi","floor":22.0,"turns":6.0},{"damage":12.0,"enemies":"Slavers","floor":23.0,"turns":4.0},{"damage":3.0,"enemies":"downfall:FleeingMerchant","floor":25.0,"turns":4.0},{"damage":6.0,"enemies":"downfall:FleeingMerchant","floor":27.0,"turns":3.0},{"damage":6.0,"enemies":"Chosen and Byrds","floor":29.0,"turns":4.0},{"damage":12.0,"enemies":"Book of Stabbing","floor":31.0,"turns":5.0},{"damage":0.0,"enemies":"Snecko","floor":32.0,"turns":4.0},{"damage":17.0,"enemies":"IC_MUSHROOM_ARCHETYPE","floor":33.0,"turns":9.0},{"damage":20.0,"enemies":"3 Darklings","floor":36.0,"turns":2.0},{"damage":24.0,"enemies":"3 Shapes","floor":39.0,"turns":5.0},{"damage":24,"enemies":"3 Darklings","floor":40,"turns":6},{"damage":28,"enemies":"Jaw Worm Horde","floor":43,"turns":5},{"damage":26,"enemies":"Writhing Mass","floor":45,"turns":6},{"damage":0,"enemies":"Spire Growth","floor":46,"turns":4},{"damage":32,"enemies":"Jaw Worm Horde","floor":49,"turns":4},{"damage":9,"enemies":"WA_ARCHETYPE_DIVINITY","floor":50,"turns":8},{"damage":134,"enemies":"downfall:CharBossMerchant","floor":52,"turns":9},{"damage":50,"enemies":"downfall:NeowBoss","floor":55,"turns":14},{"damage":79,"enemies":"downfall:NeowBossFinal","floor":56,"turns":14}],"seed_played":"7618238180965869857","potions_obtained":[{"floor":4.0,"key":"sneckomod:MuddlingPotion"},{"floor":9.0,"key":"BlessingOfTheForge"},{"floor":13.0,"key":"EssenceOfSteel"},{"floor":16.0,"key":"LiquidMemories"},{"floor":21.0,"key":"gremlin:NecromancyPotion"},{"floor":23.0,"key":"Slimebound:ThreeZeroPotion"},{"floor":31.0,"key":"Block Potion"},{"floor":32.0,"key":"Block Potion"},{"floor":39,"key":"hexamod:SoulburnPotion"},{"floor":45,"key":"Dexterity Potion"},{"floor":46,"key":"Guardian:BlockOnCardUsePotion"},{"floor":49,"key":"SkillPotion"},{"floor":52,"key":"AttackPotion"}],"is_trial":false,"path_per_floor":["R","M","M","M","$","R","T","R","E","R","?","$","E","M","M","B",null,"R","M","?","M","M","E","T","$","?","$","R","M","$","E","M","B",null,"R","M","?","$","M","M","T","?","M","R","M","M","R","$","M","B",null,"E","$","R","B","B",null],"character_chosen":"GREMLIN","items_purchased":["Gremlin:Duplicate","Gremlin:BulkUp","champ:Barbells","Gremlin:Wizardry+1","Sling","Mayhem+1","Frozen Eye"],"campfire_rested":4,"item_purchase_floors":[5,12,27,27,30,38,53],"current_hp_per_floor":[22,22,20,22,20,20,20,20,6,6,7,23,23,22,13,10,23,23,10,5,13,12,13,13,7,7,5,14,25,25,14,22,16,26,26,26,21,21,21,26,26,26,22,26,5,26,26,26,16,17,26,26,26,26,26,11],"gold":1,"neow_bonus":"TEN_PERCENT_HP_BONUS","is_daily":false,"chose_seed":false,"campfire_upgraded":5,"win_rate":0.0,"timestamp":1612770735,"path_taken":["R","M","M","M","$","R","T","R","E","R","?","$","E","M","M","BOSS","R","M","?","M","M","E","T","?","?","$","R","?","$","E","M","BOSS","R","M","?","$","M","M","T","?","M","R","M","M","R","$","M","BOSS","E","$","R","BOSS","BOSS"],"items_purchased_type":["Card","Card","Relic","Card","Relic","Card","Relic"],"build_version":"2020-12-22","purchased_purges":0,"victory":true,"max_hp_per_floor":[22,22,22,22,22,22,22,22,22,22,23,23,23,23,23,23,23,23,23,24,24,24,24,24,24,24,24,26,26,26,26,26,26,26,26,26,26,26,26,26,26,26,26,26,26,26,26,26,26,26,26,26,26,26,26,26],"card_choices":[{"not_picked":["Gremlin:BulkUp","Gremlin:BubbleBarrier"],"picked":"Gremlin:Jeer","floor":2.0},{"not_picked":["Gremlin:BubbleBarrier","Gremlin:Jeer"],"picked":"Gremlin:Presto","floor":3.0},{"not_picked":["Gremlin:CatScratch","Gremlin:Jeer"],"picked":"Gremlin:FollowThrough","floor":4.0},{"not_picked":["Gremlin:Encore","Gremlin:Changeo"],"picked":"Gremlin:BurlyBlow","floor":5.0},{"not_picked":["Gremlin:Changeo","Gremlin:TwistTheKnife"],"picked":"Gremlin:Wizardry+1","floor":9.0},{"not_picked":["Gremlin:GremlinToss","Gremlin:EdibleArmor"],"picked":"Gremlin:ProperTools","floor":12.0},{"not_picked":["Gremlin:Patsy","Gremlin:InfiniteBlocks+1"],"picked":"Gremlin:BulkUp","floor":13.0},{"not_picked":["Gremlin:SharpenBlades","Gremlin:Tadah","Gremlin:ArmsTheft"],"picked":"SKIP","floor":14.0},{"not_picked":["Gremlin:GremlinMeal","Gremlin:ShankStone"],"picked":"Gremlin:Stupend","floor":15.0},{"not_picked":["Gremlin:SecondVolley","Gremlin:ShadowShiv+1"],"picked":"Gremlin:Erupt","floor":16.0},{"not_picked":["Gremlin:TwistTheKnife","Gremlin:BurlyBlow+1"],"picked":"Gremlin:Mockery","floor":19.0},{"not_picked":["Gremlin:ArmsTheft","Gremlin:SharpenBlades"],"picked":"Gremlin:BubbleBarrier","floor":21.0},{"not_picked":["Gremlin:DaggerDance","Gremlin:GlitterGuard"],"picked":"Gremlin:Rhythm+1","floor":22.0},{"not_picked":["Gremlin:Dazzle","Gremlin:Irritability"],"picked":"Gremlin:Polish+1","floor":23.0},{"not_picked":["Gremlin:ArmsTheft","Gremlin:Tadah","Gremlin:BubbleBarrier"],"picked":"SKIP","floor":25.0},{"not_picked":["Gremlin:Jeer","Gremlin:GlitterGuard+1"],"picked":"Gremlin:InfiniteBlocks+1","floor":27.0},{"not_picked":["Gremlin:PourSalt","Gremlin:GlitterGuard+1"],"picked":"Gremlin:IrksomeBlow+1","floor":29.0},{"not_picked":["Gremlin:Scatter","Gremlin:Whiz"],"picked":"Gremlin:Fury","floor":31.0},{"not_picked":["Gremlin:GremlinMeal","Gremlin:GremlinArms","Gremlin:Pickpocket"],"picked":"SKIP","floor":32.0},{"not_picked":["Gremlin:FairyDust","Gremlin:SecondVolley"],"picked":"Gremlin:Encore+1","floor":33.0},{"not_picked":["Gremlin:IrksomeBlow","Gremlin:ProperTools+1"],"picked":"Gremlin:ToeStub","floor":36.0},{"not_picked":["expansioncontent:HyperBeam","expansioncontent:PrepareCrush"],"picked":"expansioncontent:InvincibleStrength","floor":37.0},{"not_picked":["expansioncontent:InvincibleStrength","expansioncontent:HyperBeam"],"picked":"expansioncontent:AwakenDeath","floor":37.0},{"not_picked":["Gremlin:Irritability+1","Gremlin:DaggerDance","Gremlin:Presto+1"],"picked":"SKIP","floor":39},{"not_picked":["Gremlin:Glimmer","Gremlin:Patsy+1"],"picked":"Gremlin:ToeStub","floor":40},{"not_picked":["Gremlin:Flurry+1","Gremlin:BubbleBarrier","Gremlin:CatScratch"],"picked":"SKIP","floor":43},{"not_picked":["Gremlin:Pretaliation","Gremlin:Fury","Gremlin:Changeo+1"],"picked":"SKIP","floor":45},{"not_picked":["Gremlin:ArmsTheft+1","Gremlin:PourSalt","Gremlin:Presto+1"],"picked":"SKIP","floor":46},{"not_picked":["Gremlin:Wizardry+1","Gremlin:PourSalt+1","Gremlin:Pinprick+1"],"picked":"SKIP","floor":49},{"not_picked":["Gremlin:FollowThrough+1","Gremlin:Polish+1","Gremlin:Flurry+1"],"picked":"SKIP","floor":52}],"player_experience":177528,"relics_obtained":[{"floor":7.0,"key":"Frozen Egg 2"},{"floor":9.0,"key":"Kunai"},{"floor":13.0,"key":"Bird Faced Urn"},{"floor":23.0,"key":"StrikeDummy"},{"floor":31.0,"key":"Happy Flower"},{"floor":41,"key":"Gremlin:WizardHat"},{"floor":52,"key":"Gremlin:WoundPoker"}],"event_choices":[{"damage_healed":0.0,"max_hp_gain":5.0,"max_hp_loss":0.0,"gold_gain":0.0,"event_name":"Big Fish","player_choice":"Donut","floor":11.0,"gold_loss":0.0,"damage_taken":0.0},{"cards_removed":["expansioncontent:InvincibleStrength"],"damage_healed":0,"gold_gain":0,"player_choice":"Removed Power","damage_taken":0,"max_hp_gain":0,"max_hp_loss":0,"event_name":"Falling","floor":42,"gold_loss":0}],"is_beta":false,"boss_relics":[{"not_picked":["Busted Crown","Snecko Eye"],"picked":"SlaversCollar"},{"not_picked":["Coffee Dripper","Empty Cage"],"picked":"Pandora\u0027s Box"}],"items_purged_floors":[],"is_endless":false,"potions_floor_spawned":[4,9,13,16,21,23,31,32,39,45,46,49,52],"ascension_level":0}}