{"host":"tc1my4n9jof2q8vu","time":1612809398,"event":{"mods":["Act Like it!","BaseMod","Colored Powertips","Hubris","Minty Spire (QoL Compilation)","Replay The Spire","StSLib"],"gold_per_floor":[119,119,119,131,142,142,157,182,207,218,250,260,273,311,311,413,413,426,75,75,0,99,99,126,126,126,173,173,173,215,16,16,16,16,144,144,166,166,166,466,496,506,506],"floor_reached":42,"language":"ENG","playtime":2225,"items_purged":["Strike_G"],"score":544,"play_id":"eb21de55-52f3-4056-891d-3783de78b3f5","local_time":"20210208133638","is_ascension_mode":false,"campfire_choices":[{"data":"Concentrate","floor":6.0,"key":"SMITH"},{"floor":15.0,"key":"REST"},{"data":"Bullet Time","floor":23.0,"key":"SMITH"},{"data":"Doppelganger","floor":25.0,"key":"SMITH"},{"data":"Setup","floor":32.0,"key":"SMITH"},{"data":"Adrenaline","floor":34.0,"key":"SMITH"}],"circlet_count":0,"master_deck":["Strike_G","Strike_G","Strike_G","Defend_G","Defend_G","Defend_G","Defend_G","Defend_G","Survivor","Neutralize","Doppelganger+1","Concentrate+1","Expertise","Flechettes","Expertise","PiercingWail","Distraction","Flechettes","Caltrops","Bullet Time+1","Adrenaline+1","Dodge and Roll","Replay:Bootleg Shield Generator","Footwork","Deflect","Setup+1","Underhanded Strike","Dagger Throw","Adrenaline","Caltrops","Underhanded Strike","Storm of Steel","ReplayTheSpireMod:Speed Training","Backflip","Envenom","Prepared+1","PiercingWail+1"],"relics":["Ring of the Snake","Potion Belt","GremlinMask","Boot","Replay:Baseball","Pen Nib","Runic Pyramid","BargainBundle","ReplayTheSpireMod:TigerMarble","Replay:Bandana","Nunchaku","hubris:CrystalStatue","Cauldron","Ring of Fangs","Ring of Panic","Black Star","hubris:Towel"],"acts_visited":["Exordium","TheCity","TheBeyond"],"potions_floor_usage":[],"damage_taken":[{"damage":10.0,"enemies":"Jaw Worm","floor":1.0,"turns":7.0},{"damage":0.0,"enemies":"2 Louse","floor":4.0,"turns":3.0},{"damage":9.0,"enemies":"Cultist","floor":5.0,"turns":4.0},{"damage":0.0,"enemies":"2 Fungi Beasts","floor":7.0,"turns":5.0},{"damage":20.0,"enemies":"Gremlin Nob","floor":8.0,"turns":3.0},{"damage":4.0,"enemies":"Exordium Thugs","floor":10.0,"turns":5.0},{"damage":14.0,"enemies":"3 Sentries","floor":11.0,"turns":10.0},{"damage":0.0,"enemies":"Blue Slaver","floor":12.0,"turns":3.0},{"damage":0.0,"enemies":"Looter","floor":13.0,"turns":2.0},{"damage":0.0,"enemies":"3 Louse","floor":14.0,"turns":3.0},{"damage":12.0,"enemies":"The Guardian","floor":16.0,"turns":14.0},{"damage":8.0,"enemies":"Spheric Guardian","floor":18.0,"turns":4.0},{"damage":12.0,"enemies":"Book of Stabbing","floor":24.0,"turns":7.0},{"damage":15.0,"enemies":"Slavers","floor":27.0,"turns":8.0},{"damage":0.0,"enemies":"3 Byrds","floor":30.0,"turns":3.0},{"damage":24.0,"enemies":"hubris:MusketHawk","floor":35.0,"turns":6.0},{"damage":9.0,"enemies":"3 Darklings","floor":37.0,"turns":3.0},{"damage":21.0,"enemies":"Orb Walker","floor":41.0,"turns":4.0},{"damage":51,"enemies":"Reptomancer","floor":42,"turns":2}],"seed_played":"7512844238222699408","potions_obtained":[{"floor":4.0,"key":"Adrenaline Potion"},{"floor":7.0,"key":"Energy Potion"},{"floor":10.0,"key":"Fire Potion"},{"floor":11.0,"key":"SkillPotion"},{"floor":12.0,"key":"ColorlessPotion"},{"floor":14.0,"key":"SkillPotion"},{"floor":18.0,"key":"Elixir"},{"floor":30.0,"key":"Poison Potion"},{"floor":31.0,"key":"Toxic Potion"},{"floor":31.0,"key":"Block Potion"},{"floor":31.0,"key":"Block Potion"},{"floor":37.0,"key":"ColorlessPotion"}],"is_trial":false,"path_per_floor":["M","?","?","M","M","R","M","E","T","M","E","M","M","M","R","B",null,"M","$","?","$","?","R","E","R","T","E","PTL","PTL","M","$","R","?","R","B",null,"M","?","?","?","M","E"],"character_chosen":"THE_SILENT","items_purchased":["BargainBundle","Replay:Bootleg Shield Generator","Footwork","Deflect","Setup","Adrenaline Potion","Swift Potion","AttackPotion","Underhanded Strike","Dagger Throw","ReplayTheSpireMod:TigerMarble","Caltrops","Backflip","Cauldron"],"campfire_rested":1,"item_purchase_floors":[19,19,19,19,19,19,19,19,19,19,19,21,31,31],"current_hp_per_floor":[60,48,48,48,39,39,39,19,19,15,1,1,1,1,22,10,70,62,62,62,62,62,62,50,50,50,35,35,35,35,35,35,35,35,11,70,61,61,61,61,40,0,0],"gold":506,"neow_bonus":"ONE_RANDOM_RARE_CARD","is_daily":false,"chose_seed":false,"campfire_upgraded":5,"win_rate":0.0,"timestamp":1612809398,"path_taken":["M","?","?","M","?","R","M","E","T","M","E","M","M","M","R","BOSS","M","$","?","?","?","R","E","R","T","E","PTL","PTL","M","?","R","?","R","BOSS","M","?","?","?","?","E"],"items_purchased_type":["Relic","Card","Card","Card","Card","Potion","Potion","Potion","Card","Card","Relic","Card","Card","Relic"],"build_version":"2020-12-22","purchased_purges":1,"victory":false,"max_hp_per_floor":[70,70,70,70,70,70,70,70,70,70,70,70,70,70,70,70,70,70,70,70,70,70,70,70,70,70,70,70,70,70,70,70,70,70,70,70,70,70,70,70,70,70,70],"card_choices":[{"not_picked":["PiercingWail","Dagger Spray"],"picked":"Concentrate","floor":1.0},{"not_picked":["Cloak And Dagger","Dagger Spray"],"picked":"Expertise","floor":4.0},{"not_picked":["PiercingWail","Deadly Poison"],"picked":"Flechettes","floor":5.0},{"not_picked":["Dagger Throw","ReplayTheSpireMod:Exploit Weakness"],"picked":"Expertise","floor":7.0},{"not_picked":["Dagger Throw","Quick Slash"],"picked":"PiercingWail","floor":8.0},{"not_picked":["Fluid Movement","Well Laid Plans"],"picked":"Distraction","floor":10.0},{"not_picked":["Blade Dance","Cloak And Dagger"],"picked":"Flechettes","floor":11.0},{"not_picked":["Footwork","Sucker Punch"],"picked":"Caltrops","floor":12.0},{"not_picked":["Poisoned Stab","Hidden Blade"],"picked":"Bullet Time","floor":13.0},{"not_picked":["Dagger Throw","Deadly Poison","Choke"],"picked":"SKIP","floor":14.0},{"not_picked":["Envenom","Poison Darts"],"picked":"Adrenaline","floor":16.0},{"not_picked":["Heel Hook+1","Backstab"],"picked":"Dodge and Roll","floor":18.0},{"not_picked":["Predator","PiercingWail"],"picked":"Underhanded Strike","floor":24.0},{"not_picked":["Flying Knee","Underhanded Strike"],"picked":"Storm of Steel","floor":27.0},{"not_picked":["PiercingWail","Bane"],"picked":"ReplayTheSpireMod:Speed Training","floor":30.0},{"not_picked":["ReplayTheSpireMod:Necrosis","Atom Bomb"],"picked":"Envenom","floor":35.0},{"not_picked":["Deadly Poison","Riddle With Holes+1"],"picked":"Prepared+1","floor":37.0},{"not_picked":["Blade Dance+1","Well Laid Plans+1"],"picked":"PiercingWail+1","floor":41.0}],"player_experience":190980,"relics_obtained":[{"floor":8.0,"key":"Boot"},{"floor":9.0,"key":"Replay:Baseball"},{"floor":11.0,"key":"Pen Nib"},{"floor":24.0,"key":"Replay:Bandana"},{"floor":26.0,"key":"Nunchaku"},{"floor":27.0,"key":"hubris:CrystalStatue"},{"floor":33.0,"key":"Ring of Fangs"},{"floor":33.0,"key":"Ring of Panic"}],"event_choices":[{"damage_healed":0.0,"max_hp_gain":0.0,"max_hp_loss":0.0,"gold_gain":0.0,"event_name":"Scrap Ooze","player_choice":"Success","floor":2.0,"gold_loss":0.0,"damage_taken":12.0,"relics_obtained":["Potion Belt"]},{"damage_healed":0.0,"max_hp_gain":0.0,"max_hp_loss":0.0,"gold_gain":0.0,"event_name":"FaceTrader","player_choice":"Trade","floor":3.0,"gold_loss":0.0,"damage_taken":0.0,"relics_obtained":["GremlinMask"]},{"damage_healed":0.0,"max_hp_gain":0.0,"max_hp_loss":0.0,"gold_gain":0.0,"event_name":"Duplicator","player_choice":"Copied","floor":20.0,"gold_loss":0.0,"damage_taken":0.0,"cards_obtained":["Adrenaline"]},{"damage_healed":0.0,"max_hp_gain":0.0,"max_hp_loss":0.0,"gold_gain":99.0,"event_name":"Nest","player_choice":"Stole From Cult","floor":22.0,"gold_loss":0.0,"damage_taken":0.0},{"cards_removed":["Strike_G"],"damage_healed":0.0,"max_hp_gain":0.0,"max_hp_loss":0.0,"gold_gain":0.0,"event_name":"Falling","player_choice":"Removed Attack","floor":38.0,"gold_loss":0.0,"damage_taken":0.0},{"damage_healed":0.0,"max_hp_gain":0.0,"max_hp_loss":0.0,"gold_gain":300.0,"event_name":"Wheel of Change","player_choice":"Gold","floor":40.0,"gold_loss":0.0,"damage_taken":0.0}],"is_beta":false,"boss_relics":[{"not_picked":["Ectoplasm","Cursed Key"],"picked":"Runic Pyramid"},{"not_picked":["SlaversCollar","Replay:Bronze Core"],"picked":"Black Star"}],"items_purged_floors":[19],"is_endless":false,"potions_floor_spawned":[4,7,10,11,12,14,18,30,37],"killed_by":"Reptomancer","ascension_level":0}}