{"host":"q0n29fk303drktj8","time":1612793198,"event":{"mods":["Act Like it!","BaseMod","Challenge The Spire","Colored Powertips","Downfall","Gensokyo","KinomotoSakuraMod(木之本樱)","Minty Spire (QoL Compilation)","Reimu（博丽灵梦）","Remilia（蕾米莉亚）","RumiaBox-露米娅的神秘盒子","StSLib","UnlockEverythingMod"],"gold_per_floor":[99,115,190,190,190,222,222,222,222,222,235,20,20,40,51,154,154,154,173,227,227,127,139,163,163,163,64,94,109,109,119,119,119,119],"floor_reached":32,"language":"ZHS","playtime":4258,"items_purged":["Slimebound:Defend_Slimebound","Shame"],"score":306,"play_id":"ac227bf0-0da0-43ea-9e40-2bd4e02688d4","local_time":"20210208220638","is_ascension_mode":false,"campfire_choices":[{"data":"Slimebound:Split","floor":1.0,"key":"SMITH"},{"data":"Slimebound:DuplicatedForm","floor":9,"key":"SMITH"},{"data":"Slimebound:Prepare","floor":13,"key":"SMITH"},{"data":"Slimebound:MassFeed","floor":18,"key":"SMITH"},{"data":"Slimebound:PrepareCrush","floor":26,"key":"SMITH"}],"circlet_count":0,"master_deck":["Slimebound:Strike_Slimebound+1","Slimebound:Strike_Slimebound+1","Slimebound:Strike_Slimebound","Slimebound:Defend_Slimebound+1","Slimebound:Defend_Slimebound","Slimebound:Defend_Slimebound","Slimebound:Split+1","Slimebound:CorrosiveSpit","Slimebound:Prepare+1","Slimebound:DuplicatedForm+1","Slimebound:PrepareCrush+1","Slimebound:LeechEnergy","Slimebound:MassFeed+1","Slimebound:Gluttony+1","Slimebound:RallyTheTroops","Slimebound:Grow+1","Slimebound:SamplingLick+1"],"relics":["Slimebound:AbsorbEndCombat","NeowsBlessing","Mango","Happy Flower","Regal Pillow","CrazyTorch:ReiMu","Gensokyo:Mercy","Vajra","Frozen Egg 2","Philosopher\u0027s Stone","PureWhite:ReiMu","Potion Belt","Ancient Tea Set","Blue Candle"],"acts_visited":["Gensokyo:Gensokyo","Gensokyo:Gensokyoer"],"potions_floor_usage":[15,31],"damage_taken":[{"damage":0,"enemies":"Gensokyo:2_Kodama","floor":2,"turns":2},{"damage":0,"enemies":"downfall:FleeingMerchant","floor":3,"turns":1},{"damage":3,"enemies":"Gensokyo:Mamizou","floor":6,"turns":2},{"damage":18,"enemies":"Gensokyo:3_Fairies","floor":11,"turns":4},{"damage":18,"enemies":"Gensokyo:Python","floor":14,"turns":3},{"damage":10,"enemies":"Gensokyo:5_Fairies","floor":15,"turns":5},{"damage":23,"enemies":"WA_ARCHETYPE_RETAIN","floor":16,"turns":4},{"damage":29,"enemies":"Gensokyo:3_Dogs","floor":19,"turns":5},{"damage":1,"enemies":"Gensokyo:Chomper","floor":23,"turns":4},{"damage":64,"enemies":"Gensokyo:Tenshi","floor":28,"turns":4},{"damage":11,"enemies":"Gensokyo:Slime_Group","floor":29,"turns":3},{"damage":15,"enemies":"Gensokyo:Mirror_and_Dog","floor":31,"turns":3},{"damage":25,"enemies":"Gensokyo:Wraith","floor":32,"turns":3}],"seed_played":"-537297489429667456","potions_obtained":[{"floor":11,"key":"Explosive Potion"},{"floor":14,"key":"Strength Potion"},{"floor":19,"key":"BlessingOfTheForge"},{"floor":28,"key":"AttackPotion"}],"is_trial":false,"path_per_floor":["R","M","$","?","?","E","T","?","R","?","M","COS","R","M","M","B",null,"R","M","T","?","$","M","T","?","R","$","E","M","?","M","M"],"character_chosen":"SLIMEBOUND","items_purchased":["Slimebound:DuplicatedForm","CultistPotion"],"campfire_rested":0,"item_purchase_floors":[3,27],"current_hp_per_floor":[65,65,65,58,58,55,55,79,79,79,78,78,78,76,70,68,79,79,62,62,62,62,71,71,71,71,71,30,29,24,17,0,0,0],"gold":119,"neow_bonus":"THREE_ENEMY_KILL","is_daily":false,"chose_seed":false,"campfire_upgraded":5,"win_rate":0.0,"timestamp":1612793198,"path_taken":["R","M","$","?","?","E","T","?","R","?","M","COS","R","M","M","BOSS","R","M","?","?","?","M","T","?","R","?","E","M","?","?","M"],"items_purchased_type":["Card","Potion"],"build_version":"2020-12-22","purchased_purges":2,"victory":false,"max_hp_per_floor":[65,65,65,79,79,79,79,79,79,79,79,79,79,79,79,79,79,79,83,83,83,83,87,87,87,87,87,87,91,91,95,95,95,95],"card_choices":[{"not_picked":["Slimebound:Schlurp","Slimebound:LivingWall"],"picked":"Slimebound:ComboTackle","floor":2},{"not_picked":["Slimebound:RainOfGoop","Slimebound:RollThrough"],"picked":"Slimebound:Prepare","floor":3},{"not_picked":["Slimebound:FinishingTackle","Slimebound:SplitMire","Slimebound:FlameTackle"],"picked":"SKIP","floor":6},{"not_picked":["Slimebound:SplitBruiser","Slimebound:SlimeSpikes","Slimebound:BestDefense"],"picked":"SKIP","floor":11},{"not_picked":["Slimebound:SamplingLick","Slimebound:FinishingTackle","Slimebound:Schlurp"],"picked":"SKIP","floor":14},{"not_picked":["Slimebound:MinionMaster","Slimebound:DuplicatedForm"],"picked":"Slimebound:PrepareCrush","floor":15},{"not_picked":["Slimebound:WasteNot","Slimebound:FinishingTackle"],"picked":"Slimebound:LeechEnergy","floor":15},{"not_picked":["Slimebound:MinionMaster+1","Slimebound:OozeBath"],"picked":"Slimebound:MassFeed","floor":16},{"not_picked":["Slimebound:SlimeBarrage","Slimebound:SplitLeeching"],"picked":"Slimebound:Gluttony+1","floor":19},{"not_picked":["Slimebound:RollThrough","Slimebound:DisruptingSlam"],"picked":"Slimebound:Nibble+1","floor":23},{"not_picked":["Slimebound:RollThrough","Slimebound:BestDefense+1"],"picked":"Slimebound:Grow+1","floor":28},{"not_picked":["Slimebound:SplitLeeching","Slimebound:SplitAcid"],"picked":"Slimebound:SamplingLick+1","floor":29},{"not_picked":["Slimebound:HauntingLick","Slimebound:Chomp","Slimebound:Replication"],"picked":"SKIP","floor":31}],"player_experience":391164,"relics_obtained":[{"floor":6,"key":"Regal Pillow"},{"floor":7,"key":"CrazyTorch:ReiMu"},{"floor":20,"key":"Potion Belt"},{"floor":28,"key":"Ancient Tea Set"}],"event_choices":[],"is_beta":false,"boss_relics":[{"not_picked":["Pandora\u0027s Box","Fusion Hammer"],"picked":"Philosopher\u0027s Stone"}],"items_purged_floors":[3,22],"is_endless":false,"potions_floor_spawned":[11,14,19,28],"killed_by":"Gensokyo:Wraith","ascension_level":0}}