{"host":"4zvbxxdl6kueq37o","time":1612790373,"event":{"mods":["Act Like it!","BaseMod","Better Third Choice","Downfall","Minty Spire (QoL Compilation)","Replay The Spire","StSLib"],"gold_per_floor":[99,112,112,21,39,39,39,67,84,84,114,20,20,20,83,186,186,86,97,153,29,88,188,234,279,279,279],"floor_reached":25,"language":"ENG","playtime":1231,"items_purged":["Amnesia"],"score":282,"play_id":"e1def49e-b5d8-4a5a-8d62-63d8635b6a63","local_time":"20210208141933","is_ascension_mode":false,"campfire_choices":[{"data":"bronze:Goto","floor":1.0,"key":"SMITH"},{"data":"bronze:Boost","floor":6.0,"key":"SMITH"},{"data":"bronze:FineTuning","floor":10.0,"key":"SMITH"},{"floor":13.0,"key":"REST"},{"floor":18.0,"key":"RECALL"}],"circlet_count":0,"master_deck":["bronze:Strike","bronze:Strike","bronze:Strike","bronze:Strike","bronze:Defend","bronze:Defend","bronze:Defend","bronze:Defend","bronze:Replicate+1","bronze:Goto+1","bronze:ChosenStrike","bronze:GetLatest","bronze:Boost+1","bronze:Iterate","bronze:FineTuning+1","bronze:Repulsor","bronze:DigitalCarnage","bronze:Branch","bronze:Fortify","bronze:Format","bronze:BronzeOrb","bronze:HardenedForm","bronze:GetLatest+1","bronze:Optimize"],"relics":["bronze:BronzeCore","ReplayTheSpireMod:Ninjato","Darkstone Periapt","Bird Faced Urn","Replay:Wax Seal","Ring of Misfortune","ReplayTheSpireMod:Ring of Challenge","Ring of Chaos","downfall:HeartBlessingGreen","Akabeko","Bag of Preparation"],"acts_visited":["Exordium","TheCity"],"potions_floor_usage":[21],"damage_taken":[{"damage":2.0,"enemies":"Small Slimes","floor":2.0,"turns":4.0},{"damage":0.0,"enemies":"downfall:FleeingMerchant","floor":4.0,"turns":4.0},{"damage":4.0,"enemies":"Cultist","floor":5.0,"turns":4.0},{"damage":0.0,"enemies":"Gremlin Nob","floor":8.0,"turns":3.0},{"damage":2.0,"enemies":"2 Louse","floor":9.0,"turns":2.0},{"damage":31.0,"enemies":"3 Sentries","floor":11.0,"turns":6.0},{"damage":10.0,"enemies":"downfall:FleeingMerchant","floor":12.0,"turns":4.0},{"damage":8.0,"enemies":"Blue Slaver","floor":15.0,"turns":3.0},{"damage":0.0,"enemies":"WA_ARCHETYPE_RETAIN","floor":16.0,"turns":4.0},{"damage":1.0,"enemies":"3 Byrds","floor":19.0,"turns":5.0},{"damage":40,"enemies":"downfall:FleeingMerchant","floor":21,"turns":4},{"damage":3,"enemies":"Shell Parasite","floor":22,"turns":3},{"damage":6,"enemies":"Shelled Parasite and Fungi","floor":25,"turns":1}],"seed_played":"5114569573189840697","potions_obtained":[{"floor":2.0,"key":"FearPotion"},{"floor":8.0,"key":"Weak Potion"},{"floor":15.0,"key":"hexamod:SoulburnPotion"},{"floor":19.0,"key":"Languid Potion"},{"floor":22,"key":"bronze:FreeFunctionsPotion"}],"is_trial":false,"path_per_floor":["R","M","?","$","M","R","T","E","M","R","E","$","R","?","M","B",null,"R","M","?","$","M","?","T","M"],"character_chosen":"THE_AUTOMATON","items_purchased":["bronze:Boost","Replay:Wax Seal","bronze:Optimize"],"campfire_rested":1,"item_purchase_floors":[4,12,21],"current_hp_per_floor":[77,75,75,75,71,71,71,71,69,69,38,28,51,57,49,49,83,83,82,49,9,6,6,6,0,0,0],"gold":279,"neow_bonus":"TEN_PERCENT_HP_BONUS","is_daily":false,"chose_seed":false,"campfire_upgraded":3,"win_rate":0.0,"timestamp":1612790373,"path_taken":["R","M","?","$","M","R","T","E","M","R","E","?","R","?","M","BOSS","R","M","?","$","M","?","T","M"],"items_purchased_type":["Card","Relic","Card"],"build_version":"2020-12-22","purchased_purges":1,"victory":false,"max_hp_per_floor":[77,77,77,77,77,77,77,77,77,77,77,77,77,83,83,83,83,83,83,83,83,83,83,83,83,83,83],"card_choices":[{"not_picked":["bronze:Backtrace","bronze:DelayedSlice"],"picked":"bronze:ChosenStrike","floor":2.0},{"not_picked":["bronze:Invalidate","bronze:Safeguard"],"picked":"bronze:GetLatest","floor":4.0},{"not_picked":["bronze:Invalidate","bronze:BitShift"],"picked":"bronze:Iterate","floor":5.0},{"not_picked":["bronze:Fortify","bronze:Frontload"],"picked":"bronze:FineTuning","floor":8.0},{"not_picked":["bronze:MaxOutput","bronze:Shield"],"picked":"bronze:Repulsor","floor":9.0},{"not_picked":["bronze:ChildClass","bronze:Turbo"],"picked":"bronze:DigitalCarnage","floor":11.0},{"not_picked":["bronze:DarkDash","bronze:DelayedGuard"],"picked":"bronze:Branch","floor":12.0},{"not_picked":["bronze:ThunderWave","bronze:ChosenStrike"],"picked":"bronze:Fortify","floor":15.0},{"not_picked":["bronze:Break","bronze:FindAndReplace"],"picked":"bronze:Format","floor":16.0},{"not_picked":["bronze:WildBeam","bronze:BugBarrage"],"picked":"bronze:BronzeOrb","floor":19.0},{"not_picked":["bronze:Turbo","bronze:WildBeam"],"picked":"bronze:HardenedForm","floor":20.0},{"not_picked":["bronze:FineTuning","bronze:Invalidate"],"picked":"bronze:GetLatest+1","floor":21},{"not_picked":["bronze:BugBarrage","bronze:ChosenStrike+1","bronze:Invalidate"],"picked":"SKIP","floor":22}],"player_experience":673763,"relics_obtained":[{"floor":7.0,"key":"ReplayTheSpireMod:Ninjato"},{"floor":8.0,"key":"Darkstone Periapt"},{"floor":11.0,"key":"Bird Faced Urn"},{"floor":14.0,"key":"Ring of Misfortune"},{"floor":14.0,"key":"ReplayTheSpireMod:Ring of Challenge"},{"floor":20.0,"key":"Akabeko"},{"floor":24,"key":"Bag of Preparation"}],"event_choices":[],"is_beta":false,"boss_relics":[{"not_picked":["Velvet Choker","Black Star"],"picked":"Ring of Chaos"}],"items_purged_floors":[21],"is_endless":false,"potions_floor_spawned":[2,8,15,19,22],"killed_by":"Shelled Parasite and Fungi","ascension_level":0}}