{"host":"6pfj0wha12yu6wq3","time":1612778097,"event":{"mods":["AchievementEnabler","BaseMod","Colored Map","Colored Powertips","Curses Come First","DeckTracker","Minty Spire (QoL Compilation)","RNG Fix","Relic Sorter","Relic Stats","StSLib","UnlockEverythingMod","ojb\u0027s Better Paths Mod","ojb\u0027s Info Mod"],"gold_per_floor":[121,143,161,184,37,76,95,95,120,155,155,190,217,255,255,255,255],"floor_reached":16,"language":"ENG","playtime":1126,"items_purged":["Strike_G"],"score":260,"play_id":"a8e527bc-f1d2-4e35-b109-f0a42f42805d","local_time":"20210208045457","is_ascension_mode":true,"campfire_choices":[{"floor":8,"key":"REST"},{"floor":11,"key":"REST"},{"floor":15,"key":"REST"}],"circlet_count":0,"master_deck":["AscendersBane","Strike_G","Strike_G","Strike_G","Strike_G","Defend_G","Defend_G","Defend_G","Defend_G","Defend_G","Survivor","Neutralize","Dagger Throw","Underhanded Strike","Poisoned Stab","Predator","Masterful Stab","Corpse Explosion","Eviscerate","PiercingWail"],"relics":["Ring of the Snake","CeramicFish","WingedGreaves","Bag of Marbles","Matryoshka","Shuriken","Oddly Smooth Stone","Odd Mushroom"],"acts_visited":["Exordium"],"potions_floor_usage":[6,10,13,16,16],"damage_taken":[{"damage":4,"enemies":"Small Slimes","floor":1,"turns":6},{"damage":1,"enemies":"Jaw Worm","floor":2,"turns":5},{"damage":0,"enemies":"2 Louse","floor":3,"turns":3},{"damage":1,"enemies":"Looter","floor":4,"turns":4},{"damage":48,"enemies":"Lagavulin","floor":6,"turns":9},{"damage":1,"enemies":"2 Fungi Beasts","floor":7,"turns":2},{"damage":11,"enemies":"3 Sentries","floor":10,"turns":7},{"damage":15,"enemies":"Lagavulin","floor":12,"turns":5},{"damage":2,"enemies":"3 Sentries","floor":13,"turns":2},{"damage":4,"enemies":"The Mushroom Lair","floor":14,"turns":2},{"damage":31,"enemies":"The Guardian","floor":16,"turns":14}],"seed_played":"746747792231732814","potions_obtained":[{"floor":1,"key":"SteroidPotion"},{"floor":7,"key":"LiquidBronze"},{"floor":10,"key":"LiquidMemories"},{"floor":13,"key":"LiquidBronze"},{"floor":14,"key":"Explosive Potion"}],"is_trial":false,"path_per_floor":["M","M","M","M","$","E","M","R","T","E","R","E","E","?","R","B"],"character_chosen":"THE_SILENT","items_purchased":["Predator"],"campfire_rested":3,"item_purchase_floors":[5],"current_hp_per_floor":[55,54,54,53,53,5,4,23,23,12,31,16,14,10,29,0,0],"gold":255,"neow_bonus":"RANDOM_COMMON_RELIC","is_daily":false,"chose_seed":false,"campfire_upgraded":0,"win_rate":0.0,"timestamp":1612778097,"path_taken":["M","M","M","?","$","E","M","R","T","E","R","E","E","?","R","BOSS"],"items_purchased_type":["Card"],"build_version":"2020-12-22","purchased_purges":1,"victory":false,"max_hp_per_floor":[66,66,66,66,66,66,66,66,66,66,66,66,66,66,66,66,66],"relic_stats":{"counters":[11,59],"Shuriken":[3],"CeramicFish":72,"obtain_stats":[{"Matryoshka":10,"Shuriken":12,"CeramicFish":0,"Oddly Smooth Stone":13,"WingedGreaves":6,"Bag of Marbles":9,"Odd Mushroom":14,"Ring of the Snake":0},{"Matryoshka":7,"Shuriken":8,"CeramicFish":0,"Oddly Smooth Stone":9,"WingedGreaves":5,"Bag of Marbles":6,"Odd Mushroom":10,"Ring of the Snake":0},{"Matryoshka":36,"Shuriken":41,"CeramicFish":0,"Oddly Smooth Stone":43,"WingedGreaves":27,"Bag of Marbles":29,"Odd Mushroom":45,"Ring of the Snake":0}],"Ring of the Snake":[22]},"card_choices":[{"not_picked":["Flying Knee","Backflip"],"picked":"Dagger Throw","floor":1},{"not_picked":["Crippling Poison","Outmaneuver"],"picked":"Underhanded Strike","floor":2},{"not_picked":["Heel Hook","Deadly Poison","Accuracy"],"picked":"SKIP","floor":3},{"not_picked":["Escape Plan","Catalyst"],"picked":"Poisoned Stab","floor":4},{"not_picked":["Flying Knee","Crippling Poison"],"picked":"Masterful Stab","floor":6},{"not_picked":["Flechettes","Expertise","Caltrops"],"picked":"SKIP","floor":7},{"not_picked":["Tactician","Underhanded Strike"],"picked":"Corpse Explosion","floor":10},{"not_picked":["Sucker Punch","Predator"],"picked":"Eviscerate","floor":12},{"not_picked":["Heel Hook","Dagger Spray","Slice"],"picked":"SKIP","floor":13},{"not_picked":["Bane","Flechettes"],"picked":"PiercingWail","floor":14}],"player_experience":679061,"relics_obtained":[{"floor":6,"key":"WingedGreaves"},{"floor":9,"key":"Bag of Marbles"},{"floor":10,"key":"Matryoshka"},{"floor":12,"key":"Shuriken"},{"floor":13,"key":"Oddly Smooth Stone"},{"floor":14,"key":"Odd Mushroom"}],"event_choices":[{"damage_healed":0,"gold_gain":0,"player_choice":"Fought Mushrooms","damage_taken":0,"max_hp_gain":0,"max_hp_loss":0,"event_name":"Mushrooms","floor":14,"gold_loss":0}],"is_beta":false,"boss_relics":[],"items_purged_floors":[5],"is_endless":false,"potions_floor_spawned":[1,7,10,13,14],"killed_by":"The Guardian","ascension_level":20}}