{"host":"coat6gkfrd6s61c3","time":1612749849,"event":{"mods":["2.2 Compatiblity","AchievementEnabler","BaseMod","Colored Powertips","Conspire","Friendly Minions","Hubris","Infinite Spire","Minty Spire (QoL Compilation)","Practice Mode","Replay The Spire","Robot Space Explorer","Shop Mod","StSLib","everything is the same but u backflip on backflip","slay the spire mod where everything is the same but ironclad has a cowboy hat"],"gold_per_floor":[109,109,109,129,229,229,262,35,62,80,80,91,91,102,102,199,199,217,234,174,185,185,201,201,212,212,212,64,64,76,93,93,192,192,204,223,241,260,260,260,260,278,358,385,396,396,414,424,424,527,527,529,538,541,56,56,56,60,60,107,107,117,121,114,120,120,168,168,172,165,148,242,242,259,259,259,259,259,239,237,88,90,159,199,199,191,122,123,123,123,207,223,280,305,305,318,245,245],"floor_reached":97,"language":"ENG","playtime":9610,"items_purged":["Spreading Infection","RobotSpaceExplorer:Autoloader"],"score":1675,"play_id":"3cbbde0c-f67c-4c99-820e-aa88d03a8459","local_time":"20210208123409","is_ascension_mode":false,"campfire_choices":[{"data":"RobotSpaceExplorer:RigExplosive","floor":6.0,"key":"SMITH"},{"data":"RobotSpaceExplorer:PowerCollector","floor":11.0,"key":"SMITH"},{"data":"RobotSpaceExplorer:GlueSpray","floor":13.0,"key":"SMITH"},{"data":"RobotSpaceExplorer:MiniDrones","floor":15.0,"key":"SMITH"},{"data":"RobotSpaceExplorer:Arsenal","floor":27.0,"key":"SMITH"},{"data":"RobotSpaceExplorer:TurboDodge","floor":40.0,"key":"SMITH"},{"floor":49.0,"key":"REST"},{"data":"ReplayTheSpireMod:??????????????????????","floor":57.0,"key":"SMITH"},{"data":"RobotSpaceExplorer:RigExplosive","floor":66.0,"key":"SMITH"},{"data":"hubris:DuctTapeCard","floor":78,"key":"SMITH"}],"circlet_count":0,"master_deck":["RobotSpaceExplorer:Strike+1","RobotSpaceExplorer:Strike+1","RobotSpaceExplorer:Strike+1","RobotSpaceExplorer:Strike+1","RobotSpaceExplorer:Defend+1","RobotSpaceExplorer:Defend+1","RobotSpaceExplorer:Defend+1","RobotSpaceExplorer:Scan","RobotSpaceExplorer:MiniLasers","RobotSpaceExplorer:SurgingStrike","RobotSpaceExplorer:Accelerator+1","RobotSpaceExplorer:RigExplosive+1","RobotSpaceExplorer:GlueShot","RobotSpaceExplorer:PowerCollector+1","RobotSpaceExplorer:GlueSpray+1","RobotSpaceExplorer:Electropulse","RobotSpaceExplorer:SurgingShield","RobotSpaceExplorer:SelfCleaning","RobotSpaceExplorer:MiniDrones+1","RobotSpaceExplorer:ImprovisedAttack","RobotSpaceExplorer:Smokescreen","RobotSpaceExplorer:StunGrenade+1","ReplayTheSpireMod:??????????????????????+1","RobotSpaceExplorer:ScrapMissile","RobotSpaceExplorer:Calculate+1","RobotSpaceExplorer:MiniBoosters+1","RobotSpaceExplorer:ShockKick+1","RobotSpaceExplorer:MetalStrike","RobotSpaceExplorer:ShovelStrike+1","RobotSpaceExplorer:Probe","RobotSpaceExplorer:MetalStrike+1","RobotSpaceExplorer:TurboDodge+1","RobotSpaceExplorer:ChargingLaser","RobotSpaceExplorer:GlueShot+1","RobotSpaceExplorer:Fix+1","RobotSpaceExplorer:ScrapMissile","RobotSpaceExplorer:JunkDive+1","RobotSpaceExplorer:LuckyStrike+1","RobotSpaceExplorer:ScrapMissile+1","RobotSpaceExplorer:SurgingShield+1","RobotSpaceExplorer:LuckyStrike+1","RobotSpaceExplorer:FreezeRay+1","RobotSpaceExplorer:Explosion","RobotSpaceExplorer:DualCore","RobotSpaceExplorer:ScrapMissile","RobotSpaceExplorer:FreezeRay","RobotSpaceExplorer:ScrapMissile","RobotSpaceExplorer:ScrapMissile","RobotSpaceExplorer:ScrapMissile","RobotSpaceExplorer:RigExplosive+1","RobotSpaceExplorer:Explosion","RobotSpaceExplorer:SwiftStep+1","RobotSpaceExplorer:Ammunition+1","RobotSpaceExplorer:ScrapMissile","RobotSpaceExplorer:JunkDive+1","hubris:Fate","ReplayTheSpireMod:Necrogeddon","Sadistic Nature","Violence","hubris:DuctTapeCard+2","RobotSpaceExplorer:StunGrenade","RobotSpaceExplorer:SurgingShield+1","RobotSpaceExplorer:Probe","ReplayTheSpireMod:Chaos Vortex","RobotSpaceExplorer:Arsenal","RobotSpaceExplorer:StunGrenade+1","RobotSpaceExplorer:RigExplosive+1","RobotSpaceExplorer:Discharger","RobotSpaceExplorer:FrostMissile+1","RobotSpaceExplorer:Jetpack","RobotSpaceExplorer:PlasmaMissile+1","hubris:NaturalOne"],"relics":["RobotSpaceExplorer:RoboCore","ReplayTheSpireMod:Ring of Addiction","SacredBark","Chameleon Ring","Ring of Peace","Onion Ring","Bronze Scales","SlaversCollar","Replay:Accelerometer","Question Card","Orrery","Painkiller Herb","Dream Catcher","hubris:Icosahedron","StrikeDummy","Smiling Mask","hubris:GrandSneckoEye","infinitespire:EmpoweringShard","hubris:SlimyHat","Mummified Hand","hubris:FunFungus","ReplayTheSpireMod:DimensionalGlitch","ReplayTheSpireMod:ShopPack","conspire:GlowingRock","hubris:DuctTape","Lantern","conspire:SpecialSausage","Replay:Multitool","Nunchaku","Toxic Egg 2"],"acts_visited":["Exordium","TheCity","TheBeyond","Exordium","TheCity","TheBeyond"],"potions_floor_usage":[80,82,82,84,88,88,97,97,97,97],"damage_taken":[{"damage":1.0,"enemies":"Jaw Worm","floor":1.0,"turns":5.0},{"damage":0.0,"enemies":"conspire:RoseBush","floor":4.0,"turns":3.0},{"damage":21.0,"enemies":"3 Sentries","floor":7.0,"turns":8.0},{"damage":0.0,"enemies":"2 Louse","floor":10.0,"turns":2.0},{"damage":0.0,"enemies":"Exordium Thugs","floor":12.0,"turns":3.0},{"damage":4.0,"enemies":"Exordium Wildlife","floor":14.0,"turns":3.0},{"damage":1.0,"enemies":"The Guardian","floor":16.0,"turns":8.0},{"damage":0.0,"enemies":"Spheric Guardian","floor":18.0,"turns":2.0},{"damage":0.0,"enemies":"3 Byrds","floor":19.0,"turns":3.0},{"damage":0.0,"enemies":"Cultist and Chosen","floor":21.0,"turns":8.0},{"damage":4.0,"enemies":"3 Cultists","floor":23.0,"turns":4.0},{"damage":3.0,"enemies":"Chosen and Byrds","floor":25.0,"turns":3.0},{"damage":0.0,"enemies":"Snecko","floor":30.0,"turns":2.0},{"damage":0.0,"enemies":"3 Cultists","floor":31.0,"turns":3.0},{"damage":34.0,"enemies":"hubris:MusketHawk","floor":33.0,"turns":8.0},{"damage":0.0,"enemies":"3 Darklings","floor":35.0,"turns":4.0},{"damage":0.0,"enemies":"Orb Walker","floor":36.0,"turns":2.0},{"damage":16.0,"enemies":"Jaw Worm Horde","floor":37.0,"turns":5.0},{"damage":1.0,"enemies":"Spire Growth","floor":38.0,"turns":3.0},{"damage":5.0,"enemies":"Transient","floor":42.0,"turns":5.0},{"damage":36.0,"enemies":"Nightmare","floor":44.0,"turns":5.0},{"damage":0.0,"enemies":"Jaw Worm Horde","floor":45.0,"turns":3.0},{"damage":0.0,"enemies":"Maw","floor":47.0,"turns":4.0},{"damage":11.0,"enemies":"4 Shapes","floor":48.0,"turns":4.0},{"damage":0.0,"enemies":"Donu and Deca","floor":50.0,"turns":4.0},{"damage":0.0,"enemies":"Jaw Worm","floor":52.0,"turns":2.0},{"damage":0.0,"enemies":"2 Louse","floor":53.0,"turns":2.0},{"damage":0.0,"enemies":"Small Slimes","floor":54.0,"turns":1.0},{"damage":0.0,"enemies":"Exordium Thugs","floor":58.0,"turns":2.0},{"damage":0.0,"enemies":"3 Louse","floor":62.0,"turns":1.0},{"damage":0.0,"enemies":"Large Slime","floor":63.0,"turns":1.0},{"damage":0.0,"enemies":"Gremlin Gang","floor":64.0,"turns":2.0},{"damage":0.0,"enemies":"2 Fungi Beasts","floor":65.0,"turns":2.0},{"damage":1.0,"enemies":"The Guardian","floor":67.0,"turns":5.0},{"damage":0.0,"enemies":"Spheric Guardian","floor":69.0,"turns":1.0},{"damage":0.0,"enemies":"3 Byrds","floor":70.0,"turns":3.0},{"damage":0.0,"enemies":"Cultist and Chosen","floor":71.0,"turns":3.0},{"damage":0.0,"enemies":"Snecko","floor":72.0,"turns":3.0},{"damage":0.0,"enemies":"conspire:Head Lice","floor":74.0,"turns":3.0},{"damage":7,"enemies":"3 Cultists","floor":79,"turns":3},{"damage":0,"enemies":"Centurion and Healer","floor":80,"turns":2},{"damage":0,"enemies":"Shelled Parasite and Fungi","floor":82,"turns":1},{"damage":39,"enemies":"hubris:MusketHawk","floor":84,"turns":5},{"damage":0,"enemies":"Orb Walker","floor":86,"turns":2},{"damage":9,"enemies":"3 Shapes","floor":87,"turns":4},{"damage":0,"enemies":"Sphere and 2 Shapes","floor":88,"turns":2},{"damage":0,"enemies":"Jaw Worm Horde","floor":92,"turns":1},{"damage":0,"enemies":"Spire Growth","floor":96,"turns":1},{"damage":0,"enemies":"infinitespire:Three Voidlings","floor":97,"turns":1},{"damage":68,"enemies":"Nightmare_Alpha","floor":97,"turns":5}],"seed_played":"-7848106417675903326","potions_obtained":[{"floor":3.0,"key":"Strength Potion"},{"floor":3.0,"key":"Block Potion"},{"floor":3.0,"key":"Languid Potion"},{"floor":12.0,"key":"EssenceOfSteel"},{"floor":16.0,"key":"Toxic Potion"},{"floor":18.0,"key":"Fire Potion"},{"floor":24.0,"key":"PowerPotion"},{"floor":24.0,"key":"CultistPotion"},{"floor":31.0,"key":"Venom Potion"},{"floor":32.0,"key":"RobotSpaceExplorer:RecyclePotion"},{"floor":32.0,"key":"LifebloodPotion"},{"floor":37.0,"key":"Regen Potion"},{"floor":38.0,"key":"CultistPotion"},{"floor":45.0,"key":"DuplicationPotion"},{"floor":46.0,"key":"Energy Potion"},{"floor":46.0,"key":"infinitespire:BlackPotion"},{"floor":47.0,"key":"Swift Potion"},{"floor":52.0,"key":"Swift Potion"},{"floor":54.0,"key":"AttackPotion"},{"floor":61.0,"key":"AttackPotion"},{"floor":62.0,"key":"RobotSpaceExplorer:RecyclePotion"},{"floor":67.0,"key":"Block Potion"},{"floor":74.0,"key":"SkillPotion"},{"floor":75.0,"key":"RobotSpaceExplorer:PlasmaFlask"},{"floor":75.0,"key":"RobotSpaceExplorer:LiquidFusion"},{"floor":79,"key":"RobotSpaceExplorer:RecyclePotion"},{"floor":80,"key":"RobotSpaceExplorer:PlasmaFlask"},{"floor":82,"key":"LiquidMemories"},{"floor":87,"key":"Adrenaline Potion"},{"floor":92,"key":"PowerPotion"}],"is_trial":false,"path_per_floor":["M","?","?","M","?","R","E","$","T","M","R","M","R","M","R","B",null,"M","M","?","M","AVR","M","R","M","T","R","$","?","M","M","R","B",null,"?","?","?","?","AVR","T","?","?","T","NM","?","T","?","?","T","B",null,"?","?","?","T","?","T","?","T","T","T","?","?","?","?","T","B",null,"?","?","?","?","AVR","E","T","?","T","T","?","?","T","?","T","B",null,"?","?","?","AVR","?","T","?","T","T","T","?","?"],"character_chosen":"RobotSpaceExplorer","items_purchased":["RobotSpaceExplorer:PowerCollector","RobotSpaceExplorer:GlueSpray","RobotSpaceExplorer:Electropulse","Orrery","RobotSpaceExplorer:FreezeRay","hubris:SlimyHat","Mummified Hand","Lantern"],"campfire_rested":1,"item_purchase_floors":[8,8,8,28,55,55,55,81],"current_hp_per_floor":[81,81,81,81,81,81,60,60,60,60,60,60,60,56,56,55,82,82,82,82,82,82,78,78,75,75,75,75,75,75,75,75,41,80,80,80,70,69,69,69,69,70,70,34,49,49,49,38,61,78,78,78,78,76,76,73,73,74,74,74,74,72,72,72,70,70,70,70,70,70,68,68,68,66,66,66,66,66,57,57,57,57,57,24,64,64,59,62,62,62,62,60,60,60,58,58,0,0],"gold":245,"neow_bonus":"TEN_PERCENT_HP_BONUS","is_daily":false,"chose_seed":false,"campfire_upgraded":9,"win_rate":0.0,"timestamp":1612749849,"path_taken":["M","?","?","M","?","R","E","$","T","M","R","M","R","M","R","BOSS","M","M","?","M","AVR","M","R","M","T","R","$","?","M","M","R","BOSS","?","?","?","?","AVR","T","?","?","T","NM","?","T","?","?","T","BOSS","?","?","?","T","?","T","?","?","T","T","?","?","?","?","T","BOSS","?","?","?","?","AVR","E","T","?","T","T","?","?","?","?","T","BOSS","?","?","?","AVR","?","T","?","T","T","T","?","?"],"items_purchased_type":["Card","Card","Card","Relic","Card","Relic","Relic","Relic"],"build_version":"2020-12-22","purchased_purges":2,"victory":false,"max_hp_per_floor":[82,82,82,82,82,82,82,82,82,82,82,82,82,82,82,82,82,82,82,82,82,82,82,82,82,82,82,82,80,80,80,80,80,80,80,80,80,80,80,80,80,78,78,78,78,78,78,78,78,78,78,78,78,76,76,76,74,74,74,74,74,72,72,72,70,70,70,70,70,70,68,68,68,66,66,66,66,66,64,64,64,64,64,64,64,64,64,62,62,62,62,60,60,60,58,58,58,58],"card_choices":[{"not_picked":["RobotSpaceExplorer:ScrapMissile","RobotSpaceExplorer:StarLightning"],"picked":"RobotSpaceExplorer:SurgingStrike","floor":1.0},{"not_picked":["RobotSpaceExplorer:Fix","RobotSpaceExplorer:Electropulse"],"picked":"RobotSpaceExplorer:RigExplosive","floor":4.0},{"not_picked":["RobotSpaceExplorer:SlimeMissile","RobotSpaceExplorer:ShockMissile"],"picked":"RobotSpaceExplorer:GlueShot","floor":7.0},{"not_picked":["RobotSpaceExplorer:SurgingStrike","RobotSpaceExplorer:GlueSpray"],"picked":"RobotSpaceExplorer:SurgingShield","floor":10.0},{"not_picked":["RobotSpaceExplorer:MakeshiftVolley","RobotSpaceExplorer:PowerCollector"],"picked":"RobotSpaceExplorer:SelfCleaning","floor":12.0},{"not_picked":["RobotSpaceExplorer:PowerGlove","RobotSpaceExplorer:Probe"],"picked":"RobotSpaceExplorer:MiniDrones","floor":14.0},{"not_picked":["RobotSpaceExplorer:Blaster","RobotSpaceExplorer:Exploration"],"picked":"RobotSpaceExplorer:Arsenal","floor":16.0},{"not_picked":["RobotSpaceExplorer:GlueShot","RobotSpaceExplorer:MakeshiftVolley"],"picked":"RobotSpaceExplorer:ImprovisedAttack","floor":18.0},{"not_picked":["RobotSpaceExplorer:SurgingStrike","RobotSpaceExplorer:SelfCleaning"],"picked":"RobotSpaceExplorer:Smokescreen","floor":19.0},{"not_picked":["RobotSpaceExplorer:MiniDrones","RobotSpaceExplorer:Counterblock"],"picked":"RobotSpaceExplorer:StunGrenade","floor":21.0},{"not_picked":["RobotSpaceExplorer:TrailblazerForm","RobotSpaceExplorer:SurgingStrike+1"],"picked":"RobotSpaceExplorer:ScrapMissile","floor":23.0},{"not_picked":["RobotSpaceExplorer:StarLightning","RobotSpaceExplorer:Reload"],"picked":"RobotSpaceExplorer:Calculate+1","floor":25.0},{"not_picked":["RobotSpaceExplorer:ShovelStrike","RobotSpaceExplorer:ImprovisedAttack","RobotSpaceExplorer:Ammunition"],"picked":"RobotSpaceExplorer:MiniBoosters+1","floor":28.0},{"not_picked":["RobotSpaceExplorer:MiniBoosters","RobotSpaceExplorer:Accelerator","RobotSpaceExplorer:TurboDodge"],"picked":"RobotSpaceExplorer:ShockKick+1","floor":28.0},{"not_picked":["RobotSpaceExplorer:LaserBurst","RobotSpaceExplorer:MiniDrones","RobotSpaceExplorer:ImprovisedAttack"],"picked":"RobotSpaceExplorer:MetalStrike","floor":28.0},{"not_picked":["RobotSpaceExplorer:SurgingShield","RobotSpaceExplorer:FranticSearch+1","RobotSpaceExplorer:GlueSpray"],"picked":"RobotSpaceExplorer:ShovelStrike+1","floor":28.0},{"not_picked":["RobotSpaceExplorer:Ammunition","RobotSpaceExplorer:Comet","RobotSpaceExplorer:GlueShot"],"picked":"RobotSpaceExplorer:Probe","floor":28.0},{"not_picked":["RobotSpaceExplorer:StunGrenade","RobotSpaceExplorer:MiniDrones+1","RobotSpaceExplorer:GlueShot"],"picked":"RobotSpaceExplorer:MetalStrike+1","floor":30.0},{"not_picked":["RobotSpaceExplorer:SurgingShield","RobotSpaceExplorer:Electropulse","RobotSpaceExplorer:Ammunition"],"picked":"RobotSpaceExplorer:TurboDodge","floor":31.0},{"not_picked":["RobotSpaceExplorer:DroneSwarm","RobotSpaceExplorer:ShockMissile","RobotSpaceExplorer:Scanner"],"picked":"RobotSpaceExplorer:ChargingLaser","floor":33.0},{"not_picked":["RobotSpaceExplorer:StarLightning","RobotSpaceExplorer:ImprovisedAttack","RobotSpaceExplorer:Reload"],"picked":"RobotSpaceExplorer:GlueShot+1","floor":35.0},{"not_picked":["RobotSpaceExplorer:MiniDrones+1","RobotSpaceExplorer:FranticSearch","RobotSpaceExplorer:MiniBoosters"],"picked":"RobotSpaceExplorer:Fix+1","floor":36.0},{"not_picked":["RobotSpaceExplorer:Smokescreen+1","RobotSpaceExplorer:Pulsar","RobotSpaceExplorer:StarLightning+1"],"picked":"RobotSpaceExplorer:ScrapMissile","floor":37.0},{"not_picked":["RobotSpaceExplorer:DoubleBlock","RobotSpaceExplorer:ShovelStrike+1","RobotSpaceExplorer:MiniDrones"],"picked":"RobotSpaceExplorer:JunkDive+1","floor":38.0},{"not_picked":["RobotSpaceExplorer:DoubleBlock","RobotSpaceExplorer:SurgingShield","RobotSpaceExplorer:SurgingStrike+1"],"picked":"RobotSpaceExplorer:LuckyStrike+1","floor":42.0},{"not_picked":["RobotSpaceExplorer:StarLightning+1","RobotSpaceExplorer:Electropulse","RobotSpaceExplorer:GearShield"],"picked":"RobotSpaceExplorer:ScrapMissile+1","floor":44.0},{"not_picked":["RobotSpaceExplorer:PowerCollector","RobotSpaceExplorer:FreezeRay","RobotSpaceExplorer:GlueShot+1"],"picked":"RobotSpaceExplorer:SurgingShield+1","floor":45.0},{"not_picked":["RobotSpaceExplorer:Probe","RobotSpaceExplorer:StunGrenade+1","RobotSpaceExplorer:SurgingShield+1"],"picked":"RobotSpaceExplorer:LuckyStrike+1","floor":47.0},{"not_picked":["RobotSpaceExplorer:SlimeMissile","RobotSpaceExplorer:FrostMissile","RobotSpaceExplorer:Pulsar"],"picked":"RobotSpaceExplorer:FreezeRay+1","floor":48.0},{"not_picked":["RobotSpaceExplorer:Accelerator","RobotSpaceExplorer:Comet","RobotSpaceExplorer:Blaster"],"picked":"RobotSpaceExplorer:Explosion","floor":50.0},{"not_picked":["RobotSpaceExplorer:FrostMissile","RobotSpaceExplorer:GearShield","RobotSpaceExplorer:MiniBoosters"],"picked":"RobotSpaceExplorer:DualCore","floor":52.0},{"not_picked":["RobotSpaceExplorer:StarDust","RobotSpaceExplorer:SwiftStep","RobotSpaceExplorer:DoubleFind","RobotSpaceExplorer:FrostMissile"],"picked":"SKIP","floor":53.0},{"not_picked":["RobotSpaceExplorer:TurboDodge","RobotSpaceExplorer:Counterblock","RobotSpaceExplorer:SurgingShield"],"picked":"RobotSpaceExplorer:ScrapMissile","floor":54.0},{"not_picked":["RobotSpaceExplorer:Pulsar","RobotSpaceExplorer:FranticSearch","RobotSpaceExplorer:SurgingShield"],"picked":"RobotSpaceExplorer:ScrapMissile","floor":58.0},{"not_picked":["RobotSpaceExplorer:ImprovisedAttack","RobotSpaceExplorer:StarDust","RobotSpaceExplorer:Pulsar"],"picked":"RobotSpaceExplorer:ScrapMissile","floor":62.0},{"not_picked":["RobotSpaceExplorer:SurgingStrike","RobotSpaceExplorer:StarDust","RobotSpaceExplorer:StarLightning"],"picked":"RobotSpaceExplorer:ScrapMissile","floor":63.0},{"not_picked":["RobotSpaceExplorer:SwiftStep","RobotSpaceExplorer:GlueShot","RobotSpaceExplorer:StunGrenade"],"picked":"RobotSpaceExplorer:RigExplosive","floor":64.0},{"not_picked":["RobotSpaceExplorer:SurgingStrike","RobotSpaceExplorer:DoubleFind","RobotSpaceExplorer:IronShell"],"picked":"RobotSpaceExplorer:Explosion","floor":65.0},{"not_picked":["RobotSpaceExplorer:Wormhole","RobotSpaceExplorer:Arsenal","RobotSpaceExplorer:DroneSwarm"],"picked":"RobotSpaceExplorer:Explosion","floor":67.0},{"not_picked":["RobotSpaceExplorer:MetalStrike","RobotSpaceExplorer:SurgingStrike","RobotSpaceExplorer:ImprovisedAttack"],"picked":"RobotSpaceExplorer:SwiftStep+1","floor":69.0},{"not_picked":["RobotSpaceExplorer:ChargingLaser","RobotSpaceExplorer:DoubleFind","RobotSpaceExplorer:IronShell+1"],"picked":"RobotSpaceExplorer:Ammunition+1","floor":70.0},{"not_picked":["RobotSpaceExplorer:SlimeMissile","RobotSpaceExplorer:TurboDodge+1","RobotSpaceExplorer:Pulsar"],"picked":"RobotSpaceExplorer:ScrapMissile","floor":71.0},{"not_picked":["RobotSpaceExplorer:Counterblock","RobotSpaceExplorer:MetalStrike","RobotSpaceExplorer:Probe"],"picked":"RobotSpaceExplorer:JunkDive","floor":72.0},{"not_picked":["Panache","Metamorphosis","Violence"],"picked":"ReplayTheSpireMod:Necrogeddon","floor":73.0},{"not_picked":["ReplayTheSpireMod:Uncanny Aura","Purity","Replay:BasicMightCard"],"picked":"Sadistic Nature","floor":73.0},{"not_picked":["ReplayTheSpireMod:Trickstab","ReplayTheSpireMod:Private Reserves","Metamorphosis"],"picked":"Violence","floor":73.0},{"not_picked":["RobotSpaceExplorer:ScrapToss+1","RobotSpaceExplorer:ShockKick","RobotSpaceExplorer:ImprovisedAttack+1"],"picked":"RobotSpaceExplorer:Autoloader","floor":74.0},{"not_picked":["RobotSpaceExplorer:SurgingShield","RobotSpaceExplorer:Pulsar","RobotSpaceExplorer:Ammunition"],"picked":"RobotSpaceExplorer:StunGrenade","floor":79},{"not_picked":["RobotSpaceExplorer:Counterblock","RobotSpaceExplorer:Reload","RobotSpaceExplorer:StunGrenade"],"picked":"RobotSpaceExplorer:SurgingShield+1","floor":80},{"not_picked":["RobotSpaceExplorer:GlueShot+1","RobotSpaceExplorer:Arsenal","RobotSpaceExplorer:MetalStrike"],"picked":"RobotSpaceExplorer:Probe","floor":82},{"not_picked":["infinitespire:TheBestDefense","infinitespire:Punishment"],"picked":"ReplayTheSpireMod:Chaos Vortex","floor":84},{"not_picked":["RobotSpaceExplorer:Accelerator","RobotSpaceExplorer:Autoloader","RobotSpaceExplorer:DroneSwarm"],"picked":"RobotSpaceExplorer:Arsenal","floor":84},{"not_picked":["RobotSpaceExplorer:Reload+1","RobotSpaceExplorer:Discharger","RobotSpaceExplorer:Calculate"],"picked":"RobotSpaceExplorer:StunGrenade+1","floor":86},{"not_picked":["RobotSpaceExplorer:ScrapToss","RobotSpaceExplorer:FranticSearch+1","RobotSpaceExplorer:FrostMissile"],"picked":"RobotSpaceExplorer:RigExplosive+1","floor":87},{"not_picked":["RobotSpaceExplorer:Smokescreen","RobotSpaceExplorer:Ammunition+1","RobotSpaceExplorer:MiniDrones"],"picked":"RobotSpaceExplorer:Discharger","floor":88},{"not_picked":["RobotSpaceExplorer:Ammunition","RobotSpaceExplorer:Blaster","RobotSpaceExplorer:FreezingShield+1"],"picked":"RobotSpaceExplorer:FrostMissile+1","floor":92},{"not_picked":["RobotSpaceExplorer:Counterblock+1","RobotSpaceExplorer:SurgingShield","RobotSpaceExplorer:Ammunition"],"picked":"RobotSpaceExplorer:Jetpack","floor":95},{"not_picked":["RobotSpaceExplorer:SurgingStrike+1","RobotSpaceExplorer:SurgingShield+1","RobotSpaceExplorer:StunGrenade+1"],"picked":"RobotSpaceExplorer:PlasmaMissile+1","floor":96}],"player_experience":755109,"relics_obtained":[{"floor":3.0,"key":"ReplayTheSpireMod:Ring of Addiction"},{"floor":3.0,"key":"SacredBark"},{"floor":3.0,"key":"Chameleon Ring"},{"floor":3.0,"key":"Ring of Peace"},{"floor":7.0,"key":"Onion Ring"},{"floor":9.0,"key":"Bronze Scales"},{"floor":26.0,"key":"Question Card"},{"floor":43.0,"key":"StrikeDummy"},{"floor":44.0,"key":"Smiling Mask"},{"floor":52.0,"key":"infinitespire:EmpoweringShard"},{"floor":74.0,"key":"conspire:GlowingRock"},{"floor":77,"key":"hubris:DuctTape"},{"floor":94,"key":"Nunchaku"},{"floor":96,"key":"Toxic Egg 2"}],"event_choices":[{"damage_healed":0.0,"max_hp_gain":0.0,"max_hp_loss":0.0,"gold_gain":100.0,"event_name":"Golden Shrine","player_choice":"Pray","floor":5.0,"gold_loss":0.0,"damage_taken":0.0},{"damage_healed":0.0,"max_hp_gain":0.0,"max_hp_loss":0.0,"gold_gain":0.0,"event_name":"Back to Basics","player_choice":"Simplicity","floor":29.0,"gold_loss":0.0,"damage_taken":0.0,"cards_upgraded":["RobotSpaceExplorer:Strike","RobotSpaceExplorer:Strike","RobotSpaceExplorer:Strike","RobotSpaceExplorer:Strike","RobotSpaceExplorer:Defend","RobotSpaceExplorer:Defend","RobotSpaceExplorer:Defend"]},{"damage_healed":0.0,"max_hp_gain":0.0,"max_hp_loss":0.0,"gold_gain":0.0,"event_name":"Scrap Ooze","player_choice":"Success","floor":56.0,"gold_loss":0.0,"damage_taken":3.0,"relics_obtained":["hubris:FunFungus"]},{"damage_healed":0,"gold_gain":0,"player_choice":"Ignored","damage_taken":0,"max_hp_gain":0,"max_hp_loss":0,"event_name":"Purifier","floor":76,"gold_loss":0},{"damage_healed":0,"gold_gain":0,"player_choice":"Forge","damage_taken":0,"max_hp_gain":0,"max_hp_loss":0,"event_name":"Accursed Blacksmith","floor":90,"gold_loss":0,"cards_upgraded":["RobotSpaceExplorer:JunkDive"]}],"is_beta":false,"boss_relics":[{"not_picked":["Pandora\u0027s Box","Runic Pyramid"],"picked":"SlaversCollar"},{"not_picked":["Replay:Wanted Poster","Replay:Drink Me"],"picked":"Painkiller Herb"},{"not_picked":["Kintsugi","Sozu"],"picked":"hubris:GrandSneckoEye"},{"not_picked":["ReplayTheSpireMod:SealedPack","hubris:BlackHole"],"picked":"ReplayTheSpireMod:DimensionalGlitch"},{"not_picked":["hubris:VirtuousBlindfold","Astrolabe"],"picked":"conspire:SpecialSausage"}],"items_purged_floors":[22,89],"is_endless":true,"potions_floor_spawned":[12,16,18,31,33,37,38,42,45,47,52,54,62,65,67,69,74,79,80,82,87,92,96],"killed_by":"Nightmare_Alpha","ascension_level":0}}