{"host":"8d3fefv2347kqkpz","time":1612763375,"event":{"mods":["AchievementEnabler","Act Like it!","BaseMod","Better Vampires","Colored Map","Colored Powertips","Downfall","GifTheSpireLib","Highlight Path","Minty Spire (QoL Compilation)","Quick Restart","Rare Cards Sparkle","Relic Stats","Replay The Spire","Spicy Shops","StSLib","Waifu the Spire"],"gold_per_floor":[99,109,109,109,126,110,134,148,48,77,62,72,72,72,72],"floor_reached":13,"language":"ZHS","playtime":644,"items_purged":[],"score":83,"play_id":"dab9d818-37e3-4872-88c1-5910adec5cf6","local_time":"20210208134935","is_ascension_mode":false,"campfire_choices":[{"floor":1.0,"key":"RECALL"},{"data":"bronze:Boost","floor":9,"key":"SMITH"}],"circlet_count":0,"master_deck":["bronze:Strike","bronze:Strike","bronze:Strike","bronze:Strike","bronze:Defend","bronze:Defend","bronze:Defend","bronze:Defend","bronze:Replicate","bronze:Goto","bronze:Optimize","bronze:Philosophize","bronze:Overheat","Hallucinations","bronze:ClassDefault","bronze:Boost+1","bronze:Iterate","bronze:Shell"],"relics":["bronze:BronzeCore","Sundial","ReplayTheSpireMod:CursedCoin","Orrery","downfall:HeartBlessingRed"],"acts_visited":["Exordium"],"potions_floor_usage":[],"damage_taken":[{"damage":5.0,"enemies":"Jaw Worm","floor":2.0,"turns":5.0},{"damage":0.0,"enemies":"Small Slimes","floor":5.0,"turns":3.0},{"damage":0.0,"enemies":"downfall:FleeingMerchant","floor":6.0,"turns":4.0},{"damage":10,"enemies":"Cultist","floor":8,"turns":4},{"damage":37,"enemies":"3 Sentries","floor":10,"turns":9},{"damage":7,"enemies":"downfall:FleeingMerchant","floor":11,"turns":4},{"damage":2,"enemies":"Large Slime","floor":12,"turns":6},{"damage":16,"enemies":"Gremlin Nob","floor":13,"turns":3}],"seed_played":"-8024421567616467808","potions_obtained":[{"floor":2.0,"key":"Adrenaline Potion"},{"floor":4.0,"key":"PowerPotion"},{"floor":4.0,"key":"Weak Potion"},{"floor":12,"key":"Energy Potion"}],"is_trial":false,"path_per_floor":["R","M","?","?","M","$","T","M","R","E","$","M","E"],"character_chosen":"THE_AUTOMATON","items_purchased":["ReplayTheSpireMod:CursedCoin","Orrery"],"campfire_rested":0,"item_purchase_floors":[6,6],"current_hp_per_floor":[77,72,69,69,69,69,69,59,59,22,15,13,0,0,0],"gold":72,"neow_bonus":"TEN_PERCENT_HP_BONUS","is_daily":false,"chose_seed":false,"campfire_upgraded":1,"win_rate":0.0,"timestamp":1612763375,"path_taken":["R","M","?","?","M","$","T","M","R","E","$","?","E"],"items_purchased_type":["Relic","Relic"],"build_version":"2020-12-22","purchased_purges":0,"victory":false,"max_hp_per_floor":[77,77,77,77,77,77,77,77,77,77,77,77,77,77,77],"relic_stats":{"counters":[8,38],"Sundial":[4],"obtain_stats":[{"bronze:BronzeCore":0,"downfall:HeartBlessingRed":9,"Sundial":3,"ReplayTheSpireMod:CursedCoin":6,"Orrery":6},{"bronze:BronzeCore":0,"downfall:HeartBlessingRed":4,"Sundial":1,"ReplayTheSpireMod:CursedCoin":3,"Orrery":3},{"bronze:BronzeCore":0,"downfall:HeartBlessingRed":16,"Sundial":5,"ReplayTheSpireMod:CursedCoin":12,"Orrery":12}]},"card_choices":[{"not_picked":["bronze:OilSpill","bronze:DelayedSlice"],"picked":"bronze:Optimize","floor":2.0},{"not_picked":["bronze:Overload","bronze:CloningBeam"],"picked":"bronze:Philosophize","floor":5.0},{"not_picked":["bronze:CutThrough","bronze:Philosophize"],"picked":"bronze:Overheat","floor":6.0},{"not_picked":["bronze:BronzeArmor","bronze:Frontload"],"picked":"bronze:ClassDefault","floor":6.0},{"not_picked":["bronze:Fortify","bronze:BitShift"],"picked":"bronze:Boost","floor":8},{"not_picked":["bronze:Branch","bronze:Boost"],"picked":"bronze:Iterate","floor":10},{"not_picked":["bronze:Invalidate","bronze:FindAndReplace"],"picked":"bronze:Shell","floor":11},{"not_picked":["bronze:NullPointer","bronze:Overheat","bronze:Deprecate"],"picked":"SKIP","floor":12}],"player_experience":308386,"relics_obtained":[],"event_choices":[{"damage_healed":0.0,"max_hp_gain":0.0,"max_hp_loss":0.0,"gold_gain":0.0,"event_name":"Scrap Ooze","player_choice":"Success","floor":3.0,"gold_loss":0.0,"damage_taken":3.0,"relics_obtained":["Sundial"]},{"damage_healed":0.0,"max_hp_gain":0.0,"max_hp_loss":0.0,"gold_gain":0.0,"event_name":"Lab","player_choice":"Got Potions","floor":4.0,"gold_loss":0.0,"damage_taken":0.0}],"is_beta":false,"boss_relics":[],"items_purged_floors":[],"is_endless":false,"potions_floor_spawned":[2,8,12],"killed_by":"Gremlin Nob","ascension_level":0}}