{"host":"vi6th7e8dilnaeg0","time":1612793125,"event":{"mods":["BaseMod","Minty Spire (QoL Compilation)","Relic Stats","StSLib"],"gold_per_floor":[111,124,139,150,166,166,192,192,192,192,202,277,277,38,38,109,109,127,146,160,75,0,0,0,0],"floor_reached":24,"language":"DEU","playtime":1386,"items_purged":["Strike_G"],"score":386,"play_id":"0c044147-6f62-43f1-8a23-ba686ab28731","local_time":"20210208150525","is_ascension_mode":true,"campfire_choices":[{"data":"Noxious Fumes","floor":6.0,"key":"SMITH"},{"data":"Caltrops","floor":8.0,"key":"SMITH"},{"data":"Neutralize","floor":10.0,"key":"SMITH"},{"data":"Leg Sweep","floor":13.0,"key":"SMITH"},{"floor":15.0,"key":"REST"},{"data":"Dash","floor":23,"key":"SMITH"}],"circlet_count":0,"master_deck":["AscendersBane","Strike_G","Strike_G","Strike_G","Strike_G","Defend_G","Defend_G","Defend_G","Defend_G","Defend_G","Survivor","Neutralize+1","Leg Sweep+1","Dagger Spray","Noxious Fumes+1","Blur","Slice","Caltrops+1","Backflip","Dash+1","Heel Hook","After Image","Well Laid Plans","Backflip","Backflip"],"relics":["Ring of the Snake","Nunchaku","Regal Pillow","Cursed Key","Omamori"],"acts_visited":["Exordium","TheCity"],"potions_floor_usage":[24,24],"damage_taken":[{"damage":2.0,"enemies":"Cultist","floor":1.0,"turns":5.0},{"damage":1.0,"enemies":"Small Slimes","floor":2.0,"turns":5.0},{"damage":0.0,"enemies":"2 Louse","floor":3.0,"turns":3.0},{"damage":0.0,"enemies":"2 Fungi Beasts","floor":4.0,"turns":4.0},{"damage":9.0,"enemies":"Blue Slaver","floor":5.0,"turns":6.0},{"damage":10.0,"enemies":"3 Sentries","floor":7.0,"turns":6.0},{"damage":9.0,"enemies":"Red Slaver","floor":11.0,"turns":6.0},{"damage":15.0,"enemies":"The Guardian","floor":16.0,"turns":11.0},{"damage":7.0,"enemies":"3 Byrds","floor":18.0,"turns":3.0},{"damage":9.0,"enemies":"Spheric Guardian","floor":19.0,"turns":7.0},{"damage":7.0,"enemies":"Centurion and Healer","floor":20.0,"turns":8.0},{"damage":58,"enemies":"Slavers","floor":24,"turns":4}],"seed_played":"1044881221935975657","potions_obtained":[{"floor":1.0,"key":"AttackPotion"},{"floor":2.0,"key":"Strength Potion"},{"floor":19.0,"key":"Regen Potion"}],"is_trial":false,"path_per_floor":["M","M","M","M","M","R","E","R","T","R","M","?","R","$","R","B",null,"M","M","M","?","?","R","E"],"character_chosen":"THE_SILENT","items_purchased":["Dash","Heel Hook"],"campfire_rested":1,"item_purchase_floors":[14,14],"current_hp_per_floor":[63,62,62,62,53,53,43,43,43,43,34,23,23,23,59,44,65,58,49,42,42,42,42,0,0],"gold":0,"neow_bonus":"TEN_PERCENT_HP_BONUS","is_daily":false,"chose_seed":false,"campfire_upgraded":5,"win_rate":0.0,"timestamp":1612793125,"path_taken":["M","M","M","M","M","R","E","R","T","R","M","?","R","$","R","BOSS","M","M","M","?","?","R","E"],"items_purchased_type":["Card","Card"],"build_version":"2020-12-22","purchased_purges":1,"victory":false,"max_hp_per_floor":[72,72,72,72,72,72,72,72,72,72,72,72,72,72,72,72,72,72,72,72,72,72,72,72,72],"relic_stats":{"Nunchaku":[6],"Regal Pillow":15,"counters":[12,68],"Cursed Key":0,"obtain_stats":[{"Nunchaku":7,"Regal Pillow":9,"Omamori":21,"Cursed Key":17,"Ring of the Snake":0},{"Nunchaku":6,"Regal Pillow":6,"Omamori":11,"Cursed Key":8,"Ring of the Snake":0},{"Nunchaku":29,"Regal Pillow":29,"Omamori":64,"Cursed Key":46,"Ring of the Snake":0}],"Ring of the Snake":[24]},"card_choices":[{"not_picked":["Tactician","Calculated Gamble"],"picked":"Leg Sweep","floor":1.0},{"not_picked":["Tactician","PiercingWail"],"picked":"Dagger Spray","floor":2.0},{"not_picked":["Poisoned Stab","Underhanded Strike"],"picked":"Noxious Fumes","floor":3.0},{"not_picked":["Tactician","Setup"],"picked":"Blur","floor":4.0},{"not_picked":["Dagger Spray","Blade Dance"],"picked":"Slice","floor":5.0},{"not_picked":["Deflect","Flechettes"],"picked":"Caltrops","floor":7.0},{"not_picked":["Predator","Prepared"],"picked":"Backflip","floor":11.0},{"not_picked":["Grand Finale","Adrenaline"],"picked":"After Image","floor":16.0},{"not_picked":["Poisoned Stab","Catalyst"],"picked":"Well Laid Plans","floor":18.0},{"not_picked":["Blade Dance","Setup"],"picked":"Backflip","floor":19.0},{"not_picked":["Poisoned Stab+1","Underhanded Strike"],"picked":"Backflip","floor":20.0}],"player_experience":629505,"relics_obtained":[{"floor":7.0,"key":"Nunchaku"},{"floor":9.0,"key":"Regal Pillow"}],"event_choices":[{"damage_healed":0.0,"max_hp_gain":0.0,"max_hp_loss":0.0,"gold_gain":75.0,"event_name":"World of Goop","player_choice":"Gather Gold","floor":12.0,"gold_loss":0.0,"damage_taken":11.0},{"damage_healed":0.0,"max_hp_gain":0.0,"max_hp_loss":0.0,"gold_gain":0.0,"event_name":"Addict","player_choice":"Obtained Relic","floor":21.0,"gold_loss":85.0,"damage_taken":0.0,"relics_obtained":["Omamori"]},{"damage_healed":0,"gold_gain":0,"player_choice":"Paid Fearfully","damage_taken":0,"max_hp_gain":0,"max_hp_loss":0,"event_name":"Masked Bandits","floor":22,"gold_loss":75}],"is_beta":false,"boss_relics":[{"not_picked":["Ring of the Serpent","HoveringKite"],"picked":"Cursed Key"}],"items_purged_floors":[14],"is_endless":false,"potions_floor_spawned":[1,2,7,19,20],"killed_by":"Slavers","ascension_level":19}}