{"host":"vyjryxuuuxkt43k4","time":1612779680,"event":{"mods":["AchievementEnabler","BaseMod","Colored Map","DeckTracker","Keyboard Shortcuts","Minty Spire (QoL Compilation)","Permanent Neow","Quick Restart","StSLib","SuperFastMode","everything is the same but u backflip on backflip"],"gold_per_floor":[11,31,31,47,47,47,67,67,67,67,79,79,97,107,107,180,180,194,194,30,49,99,99,99,99],"floor_reached":24,"language":"KOR","playtime":904,"items_purged":[],"score":376,"play_id":"8b43dff8-7d51-473a-8453-981c0ab73da5","local_time":"20210208192120","is_ascension_mode":true,"campfire_choices":[{"data":"Bouncing Flask","floor":6,"key":"SMITH"},{"data":"Predator","floor":8,"key":"SMITH"},{"data":"Neutralize","floor":10,"key":"SMITH"},{"floor":12,"key":"REST"},{"data":"Caltrops","floor":15,"key":"SMITH"},{"floor":23,"key":"REST"}],"circlet_count":0,"master_deck":["AscendersBane","Defend_G","Defend_G","Defend_G","Defend_G","Defend_G","Survivor","Neutralize+1","Predator+1","Flying Knee","Bouncing Flask+1","Caltrops+1","Skewer","Backflip","Grand Finale","Backflip+1","Bane+1","Finisher+1","Noxious Fumes","Acrobatics","Reflex"],"relics":["Ring of the Snake","HornCleat","Vajra","Astrolabe","Nilry\u0027s Codex"],"acts_visited":["Exordium","TheCity"],"potions_floor_usage":[20],"damage_taken":[{"damage":20,"enemies":"Cultist","floor":1,"turns":7},{"damage":4,"enemies":"2 Louse","floor":2,"turns":3},{"damage":0,"enemies":"Small Slimes","floor":4,"turns":3},{"damage":2,"enemies":"3 Louse","floor":7,"turns":4},{"damage":5,"enemies":"Gremlin Gang","floor":11,"turns":4},{"damage":3,"enemies":"Large Slime","floor":13,"turns":5},{"damage":0,"enemies":"Blue Slaver","floor":14,"turns":3},{"damage":22,"enemies":"The Guardian","floor":16,"turns":7},{"damage":20,"enemies":"Spheric Guardian","floor":18,"turns":6},{"damage":11,"enemies":"Shell Parasite","floor":21,"turns":5},{"damage":31,"enemies":"Masked Bandits","floor":24,"turns":3}],"seed_played":"-9006631043177026371","potions_obtained":[{"floor":1,"key":"DuplicationPotion"},{"floor":7,"key":"CultistPotion"},{"floor":13,"key":"BlessingOfTheForge"},{"floor":18,"key":"Swift Potion"}],"is_trial":false,"path_per_floor":["M","M","?","M","$","R","M","R","T","R","M","R","M","M","R","B",null,"M","?","$","M","?","R","?"],"character_chosen":"THE_SILENT","items_purchased":["Acrobatics","Fruit Juice"],"campfire_rested":2,"item_purchase_floors":[20,20],"current_hp_per_floor":[39,35,35,35,35,35,33,33,33,33,28,47,44,44,44,22,55,35,14,19,8,8,29,0,0],"gold":99,"neow_bonus":"REMOVE_TWO","is_daily":false,"chose_seed":false,"campfire_upgraded":4,"win_rate":0.0,"timestamp":1612779680,"path_taken":["M","?","?","M","$","R","M","R","T","R","M","R","M","M","R","BOSS","M","?","$","M","?","R","?"],"items_purchased_type":["Card","Potion"],"build_version":"2020-12-22","purchased_purges":0,"victory":false,"max_hp_per_floor":[66,66,66,66,66,66,66,66,66,66,66,66,66,66,66,66,66,66,66,71,71,71,71,71,71],"card_choices":[{"not_picked":["Cloak And Dagger","Dagger Throw"],"picked":"Predator","floor":1},{"not_picked":["PiercingWail","Tactician"],"picked":"Flying Knee","floor":2},{"not_picked":["Blade Dance","Prepared"],"picked":"Bouncing Flask","floor":4},{"not_picked":["Calculated Gamble","Deflect"],"picked":"Caltrops","floor":7},{"not_picked":["Expertise","Sucker Punch","Quick Slash"],"picked":"SKIP","floor":11},{"not_picked":["Expertise","Sucker Punch","Quick Slash"],"picked":"SKIP","floor":11},{"not_picked":["Deadly Poison","Dagger Throw"],"picked":"Skewer","floor":13},{"not_picked":["Dash","Backstab"],"picked":"Backflip","floor":14},{"not_picked":["Adrenaline","Storm of Steel"],"picked":"Grand Finale","floor":16},{"not_picked":["Sucker Punch","Crippling Poison"],"picked":"Noxious Fumes","floor":18},{"not_picked":["Cloak And Dagger","Masterful Stab"],"picked":"Reflex","floor":21}],"player_experience":838987,"relics_obtained":[{"floor":9,"key":"Vajra"},{"floor":19,"key":"Nilry\u0027s Codex"}],"event_choices":[{"damage_healed":0,"gold_gain":0,"player_choice":"Gave Potion","damage_taken":0,"relics_obtained":["HornCleat"],"max_hp_gain":0,"max_hp_loss":0,"event_name":"WeMeetAgain","floor":3,"gold_loss":0},{"damage_healed":0,"gold_gain":0,"player_choice":"Obtained Book","damage_taken":21,"max_hp_gain":0,"max_hp_loss":0,"event_name":"Cursed Tome","floor":19,"gold_loss":0},{"damage_healed":0,"gold_gain":50,"player_choice":"Stole From Cult","damage_taken":0,"max_hp_gain":0,"max_hp_loss":0,"event_name":"Nest","floor":22,"gold_loss":0},{"damage_healed":0,"gold_gain":0,"player_choice":"Fought Bandits","damage_taken":0,"max_hp_gain":0,"max_hp_loss":0,"event_name":"Masked Bandits","floor":24,"gold_loss":0}],"is_beta":false,"boss_relics":[{"not_picked":["Sozu","HoveringKite"],"picked":"Astrolabe"}],"items_purged_floors":[],"is_endless":false,"potions_floor_spawned":[1,7,13,18],"killed_by":"Masked Bandits","ascension_level":20}}