{"host":"d61fcf2p3sjwe6yo","time":1612801577,"event":{"mods":["BaseMod","Colored Map","Koishi","Marisa????????","Minty Spire (QoL Compilation)","StSLib","SuperFastMode","The Servant 0.9.4"],"gold_per_floor":[111,131,143,154,172,207,207,207,207],"floor_reached":8,"language":"ENG","playtime":313,"items_purged":[],"score":120,"play_id":"5513a3df-ee3c-42e6-a5f8-fc5e55b2e9e3","local_time":"20210208192617","is_ascension_mode":true,"campfire_choices":[{"data":"Orbit","floor":7,"key":"SMITH"}],"circlet_count":0,"master_deck":["AscendersBane","Strike_S","Strike_S","Strike_S","Strike_S","Defend_S","Defend_S","Defend_S","Defend_S","KidneyShot","Exchange","Ricochet","Orbit+1","Misdirection"],"relics":["Uniform","Happy Flower"],"acts_visited":["Exordium"],"potions_floor_usage":[6,8],"damage_taken":[{"damage":1,"enemies":"2 Louse","floor":1,"turns":2},{"damage":4,"enemies":"Jaw Worm","floor":2,"turns":4},{"damage":9,"enemies":"Cultist","floor":3,"turns":3},{"damage":6,"enemies":"Lots of Slimes","floor":4,"turns":2},{"damage":0,"enemies":"Exordium Wildlife","floor":5,"turns":2},{"damage":8,"enemies":"Lagavulin","floor":6,"turns":6},{"damage":56,"enemies":"Gremlin Nob","floor":8,"turns":4}],"seed_played":"-1456280638814967995","potions_obtained":[{"floor":4,"key":"Strength Potion"},{"floor":5,"key":"Ancient Potion"},{"floor":6,"key":"SneckoOil"}],"is_trial":false,"path_per_floor":["M","M","M","M","M","E","R","E"],"character_chosen":"THE_SERVANT","items_purchased":[],"campfire_rested":0,"item_purchase_floors":[],"current_hp_per_floor":[59,55,46,40,40,32,32,0,0],"gold":207,"neow_bonus":"TEN_PERCENT_HP_BONUS","is_daily":false,"chose_seed":false,"campfire_upgraded":1,"win_rate":0.0,"timestamp":1612801577,"path_taken":["M","M","M","M","M","E","R","E"],"items_purchased_type":[],"build_version":"2020-12-22","purchased_purges":0,"victory":false,"max_hp_per_floor":[66,66,66,66,66,66,66,66,66],"card_choices":[{"not_picked":["Rearm","Collapse"],"picked":"Ricochet","floor":1},{"not_picked":["Revamp","Replace"],"picked":"Orbit","floor":2},{"not_picked":["SpecialFormula","Alleviate"],"picked":"Misdirection","floor":3},{"not_picked":["TimeWarp","Advance","Reset"],"picked":"SKIP","floor":4},{"not_picked":["Potential","Foresight","ShatteredReality"],"picked":"SKIP","floor":5},{"not_picked":["Moondial","Advance","BestPractice"],"picked":"SKIP","floor":6}],"player_experience":283277,"relics_obtained":[{"floor":6,"key":"Happy Flower"}],"event_choices":[],"is_beta":false,"boss_relics":[],"items_purged_floors":[],"is_endless":false,"potions_floor_spawned":[4,5,6],"killed_by":"Gremlin Nob","ascension_level":20}}