{"host":"ttx8tv95o5vka1nm","time":1612753931,"event":{"mods":["AchievementEnabler","BaseMod","BetterRewards","Colored Map","Evolution","Hermit","Hubris","Infinite Spire","Jorbs\u0027s Wanderer Trilogy","Minty Spire (QoL Compilation)","Relic Filter Mod","Reliquary","Robot Space Explorer","Shop Mod","Spicy Shops","StSLib","The Blue Laboratory","The Bug Knight","The Construct","The Cursed","The Disciple","The Forsaken","The Hierophant","The Necromancer","The Runesmith","TheBandit"],"gold_per_floor":[110,123,123,298,312,337,360,435,435,464,464,55,67,86,86,182,182,167,185,185,185,185],"floor_reached":21,"language":"ENG","playtime":1674,"items_purged":["hermit:Defend_Hermit","hermit:Strike_Hermit"],"score":189,"play_id":"9077d463-0df7-44e7-833a-046e5db5c05a","local_time":"20210208131211","is_ascension_mode":false,"campfire_choices":[{"floor":11,"key":"REST"},{"data":"hermit:Determination","floor":15,"key":"SMITH"}],"circlet_count":0,"master_deck":["hermit:Strike_Hermit","hermit:Strike_Hermit","hermit:Strike_Hermit","hermit:Defend_Hermit","hermit:Defend_Hermit","hermit:Defend_Hermit","hermit:Snapshot","hermit:Covet","hermit:Headshot","hermit:SprayPray","Doubt","hermit:GhostlyPresence","hermit:LuckOfTheDraw","hermit:Quickdraw","hermit:Vantage","hermit:ItchyTrigger","hermit:Determination+1","hermit:HoleUp","hermit:OverwhelmingPower","hermit:Manifest","hermit:HighCaliber+1"],"relics":["hermit:Momento","EVO:Axolotl","hubris:Icosahedron","Bag of Preparation","hubris:ToyBattleship","Letter Opener","Unceasing Top","MerchantsRug","Snecko Eye"],"acts_visited":["Exordium","TheCity"],"potions_floor_usage":[16,21,21,21],"damage_taken":[{"damage":0,"enemies":"Small Slimes","floor":1,"turns":3},{"damage":1,"enemies":"Jaw Worm","floor":2,"turns":4},{"damage":1,"enemies":"Cultist","floor":5,"turns":3},{"damage":34,"enemies":"Gremlin Nob","floor":6,"turns":5},{"damage":18,"enemies":"Lagavulin","floor":10,"turns":6},{"damage":0,"enemies":"Exordium Thugs","floor":13,"turns":3},{"damage":2,"enemies":"Large Slime","floor":14,"turns":5},{"damage":34,"enemies":"Hexaghost","floor":16,"turns":12},{"damage":27,"enemies":"2 Thieves","floor":18,"turns":4},{"damage":14,"enemies":"Chosen","floor":19,"turns":4},{"damage":26,"enemies":"Snake Plant","floor":21,"turns":4}],"seed_played":"-5199948112584122101","potions_obtained":[{"floor":5,"key":"Strength Potion"},{"floor":6,"key":"blueLaboratory:FrostheartPotion"},{"floor":14,"key":"Fire Potion"},{"floor":16,"key":"blueLaboratory:CorrosionFlask"},{"floor":18,"key":"EntropicBrew"}],"is_trial":false,"path_per_floor":["M","M","?","?","M","E","T","?","T","E","R","$","M","M","R","B",null,"M","M","?","M"],"character_chosen":"HERMIT","items_purchased":["MerchantsRug","hermit:Vantage","hermit:ItchyTrigger"],"campfire_rested":1,"item_purchase_floors":[12,12,12],"current_hp_per_floor":[82,81,81,81,80,46,46,35,35,17,41,41,41,39,39,5,82,55,41,41,15,15],"gold":185,"neow_bonus":"TEN_PERCENT_HP_BONUS","is_daily":false,"chose_seed":false,"campfire_upgraded":1,"win_rate":0.0,"timestamp":1612753931,"path_taken":["M","M","?","?","M","E","?","?","T","E","R","$","M","M","R","BOSS","M","M","?","?"],"items_purchased_type":["Relic","Card","Card"],"build_version":"2020-12-22","purchased_purges":2,"victory":false,"max_hp_per_floor":[82,82,82,82,82,82,82,82,82,82,82,82,82,82,82,82,82,82,82,82,82,82],"card_choices":[{"not_picked":["hermit:Misfire","hermit:Roulette"],"picked":"hermit:Headshot","floor":1},{"not_picked":["hermit:Desperado","hermit:HighCaliber"],"picked":"hermit:SprayPray","floor":2},{"not_picked":["hermit:Snipe","hermit:TakeAim"],"picked":"hermit:GhostlyPresence","floor":5},{"not_picked":["hermit:EternalForm","hermit:BodyArmor"],"picked":"hermit:LuckOfTheDraw","floor":6},{"not_picked":["hermit:PistolWhip","hermit:Combo"],"picked":"hermit:Quickdraw","floor":10},{"not_picked":["hermit:GoldenBullet","hermit:Headshot"],"picked":"hermit:Determination","floor":13},{"not_picked":["hermit:ItchyTrigger","hermit:Brawl"],"picked":"hermit:HoleUp","floor":14},{"not_picked":["hermit:HighNoon","hermit:BlackWind"],"picked":"hermit:OverwhelmingPower","floor":16},{"not_picked":["hermit:Feint","hermit:PistolWhip"],"picked":"hermit:Manifest","floor":18},{"not_picked":["hermit:Vantage","hermit:Manifest+1"],"picked":"hermit:HighCaliber+1","floor":19}],"player_experience":821471,"relics_obtained":[{"floor":6,"key":"Bag of Preparation"},{"floor":7,"key":"hubris:ToyBattleship"},{"floor":9,"key":"Letter Opener"},{"floor":10,"key":"Unceasing Top"}],"event_choices":[{"damage_healed":0,"gold_gain":175,"player_choice":"AGREE","damage_taken":0,"max_hp_gain":0,"max_hp_loss":0,"event_name":"Liars Game","floor":4,"gold_loss":0,"cards_obtained":["Doubt"]},{"damage_healed":0,"gold_gain":75,"player_choice":"Gather Gold","damage_taken":11,"max_hp_gain":0,"max_hp_loss":0,"event_name":"World of Goop","floor":8,"gold_loss":0},{"damage_healed":0,"gold_gain":0,"player_choice":"Bought 0 Potions","damage_taken":0,"max_hp_gain":0,"max_hp_loss":0,"event_name":"The Woman in Blue","floor":20,"gold_loss":0}],"is_beta":false,"boss_relics":[{"not_picked":["hubris:BlackHole","Pandora\u0027s Box"],"picked":"Snecko Eye"}],"items_purged_floors":[12,12],"is_endless":false,"potions_floor_spawned":[5,6,14,16,18],"killed_by":"Snake Plant","ascension_level":0}}