{"host":"i0dcpa89fcfo7o2v","time":1612777620,"event":{"mods":["2.2 Compatiblity","AchievementEnabler","Alarm Clock","AlwaysNeverKeys","BaseMod","Better Altar","Better Match","Better Note","Better Sensory Stone","Better Skull","Better Third Choice","Better Vampires","BetterRewards","Block Reminder","Colored Map","Colored Powertips","Conspire","Curses Come First","Defuse TimeMaze Blight","Displayed Cursed Tome","Downfall","Energized Spire","Gold Saver","Halation","Highlight Path","Hubris","Minty Spire (QoL Compilation)","Quick Restart","Relic Stats","Replay The Spire","Shop Mod","Spicy Shops","StSLib","Synergy Search","The Jungle","Transform Curses","Uncapped","Wandering Minibosses"],"gold_per_floor":[115,132,132,148,248,263,289,289,239,239,255,297,314,334,352,352,352,352],"floor_reached":16,"language":"ENG","playtime":567,"items_purged":[],"score":130,"play_id":"adf034bb-a25f-413d-b950-71e2357758ce","local_time":"20210208104700","is_ascension_mode":true,"campfire_choices":[{"data":"bronze:Goto","floor":1.0,"key":"SMITH"},{"data":"bronze:Philosophize","floor":8.0,"key":"SMITH"}],"circlet_count":0,"master_deck":["bronze:Strike","bronze:Strike","bronze:Strike","bronze:Strike","bronze:Defend","bronze:Defend","bronze:Defend","bronze:Defend","bronze:Replicate","bronze:Goto+1","bronze:DelayedSlice","Discovery","bronze:Separator","bronze:Philosophize+1","conspire:SpireCoStock","bronze:Optimize","bronze:Verify+1","bronze:ForLoop","bronze:Iterate","bronze:Repair"],"relics":["bronze:BronzeCore","hubris:SlimyHat","downfall:HeartBlessingRed","downfall:HeartBlessingGreen","downfall:HeartBlessingBlue","downfall:GremlinWheel","Tiny Chest","downfall:ShatteredFragment","Golden Egg"],"acts_visited":["Exordium"],"potions_floor_usage":[16,16],"damage_taken":[{"damage":0.0,"enemies":"2 Louse","floor":2.0,"turns":2.0},{"damage":3.0,"enemies":"Jaw Worm","floor":4.0,"turns":2.0},{"damage":24.0,"enemies":"Jaw Worm","floor":5.0,"turns":4.0},{"damage":0.0,"enemies":"Cultist","floor":6.0,"turns":2.0},{"damage":0.0,"enemies":"Large Slime","floor":11.0,"turns":2.0},{"damage":19.0,"enemies":"Gremlin Nob","floor":12.0,"turns":3.0},{"damage":0.0,"enemies":"Exordium Thugs","floor":13.0,"turns":3.0},{"damage":0.0,"enemies":"2 Fungi Beasts","floor":14.0,"turns":2.0},{"damage":12.0,"enemies":"Exordium Wildlife","floor":15.0,"turns":3.0},{"damage":21,"enemies":"DF_ARCHETYPE_STREAMLINE","floor":16,"turns":4}],"seed_played":"-8349511681470181448","potions_obtained":[{"floor":6.0,"key":"SteroidPotion"},{"floor":12.0,"key":"sneckomod:MuddlingPotion"},{"floor":13.0,"key":"bronze:BurnAndBuffPotion"},{"floor":15.0,"key":"Guardian:BlockOnCardUsePotion"}],"is_trial":false,"path_per_floor":["R","M","?","M","?","M","T","R","?","?","M","E","M","M","M","B"],"character_chosen":"THE_AUTOMATON","items_purchased":[],"campfire_rested":0,"item_purchase_floors":[],"current_hp_per_floor":[80,80,80,77,53,53,53,53,53,32,32,13,13,13,1,0,0,0],"gold":352,"neow_bonus":"RANDOM_COMMON_RELIC","is_daily":false,"chose_seed":false,"campfire_upgraded":2,"win_rate":0.0,"timestamp":1612777620,"path_taken":["R","M","?","M","?","?","T","R","?","?","M","E","?","M","M","BOSS"],"items_purchased_type":[],"build_version":"2020-12-22","purchased_purges":0,"victory":false,"max_hp_per_floor":[80,80,80,80,80,80,80,80,80,80,80,80,80,80,80,80,80,80],"relic_stats":{"counters":[10,27],"Tiny Chest":0,"obtain_stats":[{"Golden Egg":12,"bronze:BronzeCore":0,"downfall:GremlinWheel":5,"downfall:ShatteredFragment":10,"downfall:HeartBlessingRed":1,"downfall:HeartBlessingBlue":1,"downfall:HeartBlessingGreen":1,"Tiny Chest":7,"hubris:SlimyHat":0},{"Golden Egg":6,"bronze:BronzeCore":0,"downfall:GremlinWheel":3,"downfall:ShatteredFragment":4,"downfall:HeartBlessingRed":0,"downfall:HeartBlessingBlue":0,"downfall:HeartBlessingGreen":0,"Tiny Chest":4,"hubris:SlimyHat":0},{"Golden Egg":15,"bronze:BronzeCore":0,"downfall:GremlinWheel":8,"downfall:ShatteredFragment":10,"downfall:HeartBlessingRed":0,"downfall:HeartBlessingBlue":0,"downfall:HeartBlessingGreen":0,"Tiny Chest":10,"hubris:SlimyHat":0}]},"card_choices":[{"not_picked":["bronze:BugBarrage","bronze:BronzeArmor"],"picked":"bronze:DelayedSlice","floor":2.0},{"not_picked":["Transmutation","Bandage Up"],"picked":"Discovery","floor":3.0},{"not_picked":["bronze:CloningBeam","bronze:BugBarrage"],"picked":"bronze:Separator","floor":4.0},{"not_picked":["bronze:Backtrace","bronze:MaxOutput"],"picked":"bronze:Philosophize","floor":6.0},{"not_picked":["bronze:WhirlingStrike","bronze:Shield"],"picked":"bronze:Optimize","floor":11.0},{"not_picked":["bronze:ClassDefault","bronze:BugBarrage"],"picked":"bronze:Verify","floor":12.0},{"not_picked":["bronze:BugBarrage","bronze:DarkDash"],"picked":"bronze:ForLoop","floor":13.0},{"not_picked":["bronze:DelayedSlice","bronze:Deprecate"],"picked":"bronze:Iterate","floor":14.0},{"not_picked":["bronze:Separator","bronze:FollowUp"],"picked":"bronze:Repair","floor":15.0}],"player_experience":230990,"relics_obtained":[{"floor":5.0,"key":"downfall:GremlinWheel"},{"floor":7.0,"key":"Tiny Chest"},{"floor":12.0,"key":"Golden Egg"}],"event_choices":[{"damage_healed":0.0,"max_hp_gain":0.0,"max_hp_loss":0.0,"gold_gain":1.0,"event_name":"betterStone:BetterStone","player_choice":"1","floor":3.0,"gold_loss":0.0,"damage_taken":0.0},{"damage_healed":0.0,"max_hp_gain":0.0,"max_hp_loss":0.0,"gold_gain":0.0,"event_name":"conspire:Investor","player_choice":"Invest 1","floor":9.0,"gold_loss":0.0,"damage_taken":0.0}],"is_beta":false,"boss_relics":[],"items_purged_floors":[],"is_endless":false,"potions_floor_spawned":[6,12,13,15],"killed_by":"DF_ARCHETYPE_STREAMLINE","ascension_level":5}}