{"host":"e5u7qs1emxzejr12","time":1612798033,"event":{"mods":["100% Spire Juice","2.2 Compatiblity","Act Like it!","Arknights","Ascension Unlocker","BaseMod","CapriCore","Card Forge","Colored Powertips","Custom Start","GifTheSpireLib","Highlight Path","Lobotomy","LobotomyExtend","Minty Spire (QoL Compilation)","Monster B Gone","MostiFishMod","Quick Restart","Relic Filter Mod","Reliquary","Replay The Spire","StSLib","SuperFastMode","The Blackbeard","WarShipGirlsR/战舰少女R mod","篝火指南"],"gold_per_floor":[112,112,122,122,122,133,283,318,318,334,381,220,220,220,251,269,269,269,269],"floor_reached":16,"language":"ZHS","playtime":858,"items_purged":[],"score":270,"play_id":"85243ce9-d00e-4954-9bd9-25de36cb6fa9","local_time":"20210208232713","is_ascension_mode":true,"campfire_choices":[{"floor":7.0,"key":"RECALL"},{"floor":15,"key":"DIG"}],"circlet_count":0,"master_deck":["AscendersBane","Strike_B+1","Strike_B+1","Zap+1","Dualcast+1","Fusion+1","Conserve Battery+1","Conserve Battery+1","BeautyBeast","Laetitia","Hologram+1","Cold Snap+1","Murderer"],"relics":["Cracked Core","Hammer of Thor","Seething Fire","Anvil of the Gods","DaveBox","CogitoBucket","SynthV:TestCard","MagicBullet_r","SynthV:TestCard","LetterFromLob","reliquary:Sideboard","Anchor","Omamori","reliquary:Stiletto","HellTrain","Counterbalance"],"acts_visited":["Exordium"],"potions_floor_usage":[16],"damage_taken":[{"damage":14.0,"enemies":"Jaw Worm","floor":1.0,"turns":4.0},{"damage":4.0,"enemies":"2 Louse","floor":1.0,"turns":1.0},{"damage":4.0,"enemies":"Cultist","floor":4.0,"turns":1.0},{"damage":4.0,"enemies":"Gremlin Nob","floor":6.0,"turns":3.0},{"damage":0.0,"enemies":"Jaw Worm","floor":8.0,"turns":2.0},{"damage":38.0,"enemies":"Lagavulin","floor":13.0,"turns":9.0},{"damage":20,"enemies":"Red Slaver","floor":14,"turns":5},{"damage":80,"enemies":"Fading Forest","floor":16,"turns":10}],"seed_played":"-9205591075171062312","potions_obtained":[{"floor":4.0,"key":"FairyPotion"},{"floor":8.0,"key":"DistilledChaos"}],"is_trial":false,"path_per_floor":["M","?","?","M","$","?","M","?","E","R","M","T","R","?","?","E","M","R","B"],"character_chosen":"DEFECT","items_purchased":["Omamori"],"campfire_rested":0,"item_purchase_floors":[10],"current_hp_per_floor":[50,50,66,66,71,67,67,63,63,63,63,63,56,61,23,3,3,0,0],"gold":269,"neow_bonus":"","is_daily":false,"chose_seed":false,"campfire_upgraded":0,"win_rate":0.0,"timestamp":1612798033,"path_taken":["M","?","?","M","$","?","?","?","E","R","M","T","R","?","?","E","M","R","BOSS"],"items_purchased_type":["Relic"],"build_version":"2020-12-22","purchased_purges":0,"victory":false,"max_hp_per_floor":[71,71,71,71,71,71,71,71,71,71,71,71,71,71,71,71,71,71,71],"card_choices":[{"not_picked":["PunishingBird","Variant"],"picked":"SingingMachine","floor":1.0},{"not_picked":["FTL","Melter","MostiFishMod:PushDownKick"],"picked":"SKIP","floor":1.0},{"not_picked":["FairyFestival","Yin"],"picked":"CherryBlossoms","floor":1.0},{"not_picked":["Barrage","Turbo","Rebound","Heatsinks"],"picked":"Panic Button","floor":1.0},{"not_picked":["ShyLook","MHz"],"picked":"SpiderBud","floor":4.0},{"not_picked":["Streamline","Rebound","ReplayTheSpireMod:System Scan","Gash","Ball Lightning","Leap"],"picked":"Fusion","floor":4.0},{"not_picked":["OSAHOGD","Murderer"],"picked":"BigBadWolf","floor":6.0},{"not_picked":["Hello World","Tempest","Streamline","Ball Lightning","Barrage","Steam"],"picked":"Conserve Battery","floor":6.0},{"not_picked":["Funeral","PunishingBird"],"picked":"BeautyBeast","floor":8.0},{"not_picked":["Cold Snap","Gash","ReplayTheSpireMod:Reroute Power","Static Discharge","Steam","Rebound"],"picked":"Conserve Battery","floor":8.0},{"not_picked":["Leap","Conserve Battery","Stack","Sweeping Beam","ReplaySolidLightProjector","Turbo"],"picked":"Hologram","floor":13.0},{"not_picked":["HeroicMonk","FieryBird"],"picked":"Laetitia","floor":13.0},{"not_picked":["Yin","Freischutz"],"picked":"Murderer","floor":14},{"not_picked":["Compile Driver","Leap","Stack","ReplayTheSpireMod:Repulse","Turbo","Ball Lightning"],"picked":"Cold Snap","floor":14}],"player_experience":93220,"relics_obtained":[{"floor":1.0,"key":"SynthV:TestCard"},{"floor":1.0,"key":"LetterFromLob"},{"floor":1.0,"key":"SynthV:TestCard"},{"floor":1.0,"key":"LetterFromLob"},{"floor":6.0,"key":"reliquary:Sideboard"},{"floor":9.0,"key":"Anchor"},{"floor":13.0,"key":"reliquary:Stiletto"},{"floor":15,"key":"Counterbalance"}],"event_choices":[{"damage_healed":0.0,"max_hp_gain":0.0,"max_hp_loss":0.0,"gold_gain":0.0,"event_name":"Shining Light","player_choice":"Ignored","floor":2.0,"gold_loss":0.0,"damage_taken":0.0},{"damage_healed":5.0,"max_hp_gain":0.0,"max_hp_loss":0.0,"gold_gain":0.0,"event_name":"Wheel of Change","player_choice":"Full Heal","floor":3.0,"gold_loss":0.0,"damage_taken":0.0},{"damage_healed":0.0,"max_hp_gain":0.0,"max_hp_loss":0.0,"gold_gain":150.0,"event_name":"Liars Game","player_choice":"AGREE","floor":5.0,"gold_loss":0.0,"damage_taken":0.0,"cards_obtained":["Doubt"]},{"cards_removed":["Strike_B"],"damage_healed":0.0,"max_hp_gain":0.0,"max_hp_loss":0.0,"gold_gain":0.0,"event_name":"Golden Wing","player_choice":"Card Removal","floor":11.0,"gold_loss":0.0,"damage_taken":7.0},{"cards_removed":["SingingMachine"],"damage_healed":5.0,"max_hp_gain":0.0,"max_hp_loss":0.0,"gold_gain":0.0,"event_name":"Bonfire Elementals","player_choice":"Offered Special","floor":12.0,"gold_loss":0.0,"damage_taken":0.0}],"is_beta":false,"boss_relics":[],"items_purged_floors":[],"is_endless":false,"potions_floor_spawned":[4,8,14],"killed_by":"Fading Forest","ascension_level":20}}