{"host":"10hinapzqlh39548","time":1612794323,"event":{"mods":["BaseMod","Colored Powertips","Minty Spire (QoL Compilation)","MostiFishMod","Reliquary","Replay The Spire","Spire Arcade","StSLib"],"gold_per_floor":[113,67,78,92,2,37,37,50,50,85,85,102,102,122,122,196,196,214,214,94,94,112,112,129,163,163,163,163,63,73,83,83,161,161,181,201,76,93,105,130,130,140,167,167,182,182,208,220,220,220,220,220,70,99,99],"floor_reached":56,"language":"ENG","playtime":5639,"items_purged":["MostiFishMod:TheEndOfMoonlight","Strike_B","Strike_B","Strike_B"],"score":2315,"play_id":"82b38e94-0604-4729-b461-09fb034ecd59","local_time":"20210208152523","is_ascension_mode":true,"campfire_choices":[{"data":"Defragment","floor":7.0,"key":"SMITH"},{"data":"Echo Form","floor":11.0,"key":"SMITH"},{"data":"Genetic Algorithm","floor":15.0,"key":"SMITH"},{"data":"ReplayGash","floor":23.0,"key":"SMITH"},{"data":"Defragment","floor":27.0,"key":"SMITH"},{"data":"Coolheaded","floor":32.0,"key":"SMITH"},{"data":"MostiFishMod:DawningShadow","floor":41,"key":"SMITH"},{"floor":44,"key":"RECALL"},{"data":"Coolheaded","floor":49,"key":"SMITH"},{"data":"Coolheaded","floor":52,"key":"SMITH"}],"circlet_count":0,"master_deck":["AscendersBane","Strike_B+1","Defend_B","Defend_B","Defend_B","Defend_B","Zap","Dualcast","MostiFishMod:SparklingWater","MostiFishMod:FantasySummer","MostiFishMod:NightSea","Coolheaded+1","Genetic Algorithm+1","ReplayGash+1","Defragment+1","Coolheaded+1","Gash","Gash","Echo Form+1","Beam Cell+1","Go for the Eyes","All For One","Gash","Defragment+1","Beam Cell","Chill","Gash","MostiFishMod:DawningShadow+1","Force Field","Coolheaded+1","Loop"],"relics":["DaveBox","GuanYuAspect","MoonlightInvasionPlan","SynthV:TestCard","Replay:Bottled Snecko","reliquary:PorcupineQuills","Busted Crown","MutagenicStrength","Torii","Letter Opener","HereWithMe","reliquary:Buckler","Strawberry","Spirit Poop","Bag of Preparation","Pen Nib"],"acts_visited":["TheCity","TheBeyond","TheEnding"],"potions_floor_usage":[35],"damage_taken":[{"damage":0.0,"enemies":"Cultist","floor":1.0,"turns":2.0},{"damage":5.0,"enemies":"Jaw Worm","floor":3.0,"turns":6.0},{"damage":9.0,"enemies":"2 Louse","floor":4.0,"turns":3.0},{"damage":11.0,"enemies":"3 Sentries","floor":6.0,"turns":7.0},{"damage":1.0,"enemies":"Large Slime","floor":8.0,"turns":3.0},{"damage":29.0,"enemies":"Replay:BlueRogue","floor":10.0,"turns":6.0},{"damage":3.0,"enemies":"Exordium Thugs","floor":12.0,"turns":5.0},{"damage":11.0,"enemies":"Looter","floor":14.0,"turns":5.0},{"damage":0.0,"enemies":"Slime Boss","floor":16.0,"turns":6.0},{"damage":0.0,"enemies":"2 Thieves","floor":18.0,"turns":3.0},{"damage":33.0,"enemies":"Chosen","floor":22.0,"turns":6.0},{"damage":0.0,"enemies":"3 Cultists","floor":24.0,"turns":6.0},{"damage":16.0,"enemies":"Gremlin Leader","floor":25.0,"turns":6.0},{"damage":3.0,"enemies":"Centurion and Healer","floor":30.0,"turns":5.0},{"damage":0.0,"enemies":"Snecko","floor":31.0,"turns":5.0},{"damage":5.0,"enemies":"Collector","floor":33.0,"turns":10.0},{"damage":30,"enemies":"3 Darklings","floor":35,"turns":6},{"damage":18,"enemies":"3 Shapes","floor":36,"turns":5},{"damage":12,"enemies":"Sphere and 2 Shapes","floor":38,"turns":7},{"damage":0,"enemies":"Writhing Mass","floor":39,"turns":6},{"damage":0,"enemies":"Giant Head","floor":40,"turns":7},{"damage":21,"enemies":"Transient","floor":42,"turns":5},{"damage":6,"enemies":"Spire Growth","floor":45,"turns":4},{"damage":7,"enemies":"Reptomancer","floor":47,"turns":6},{"damage":5,"enemies":"Writhing Mass","floor":48,"turns":6},{"damage":5,"enemies":"Awakened One","floor":50,"turns":9},{"damage":0,"enemies":"Shield and Spear","floor":54,"turns":5},{"damage":11,"enemies":"The Heart","floor":55,"turns":8}],"seed_played":"5689643524190062551","potions_obtained":[{"floor":1.0,"key":"Milkshake"},{"floor":4.0,"key":"Energy Potion"},{"floor":12.0,"key":"SkillPotion"},{"floor":14.0,"key":"ColorlessPotion"},{"floor":24.0,"key":"SteroidPotion"},{"floor":25.0,"key":"Regen Potion"},{"floor":31.0,"key":"FairyPotion"},{"floor":39,"key":"GamblersBrew"},{"floor":40,"key":"Block Potion"}],"is_trial":false,"path_per_floor":["M","$","M","M","$","E","R","M","T","E","R","M","?","M","R","B",null,"M","?","$","?","M","R","M","E","T","R","?","$","M","M","R","B",null,"M","M","$","M","M","E","R","M","T","R","M","?","E","M","R","B",null,"R","$","E","B",null],"character_chosen":"DEFECT","items_purchased":["Coolheaded","Defragment","Coolheaded","Gash"],"campfire_rested":0,"item_purchase_floors":[2,5,5,20],"current_hp_per_floor":[36,36,36,31,31,36,36,36,36,22,22,31,31,29,29,36,36,36,36,36,36,13,13,36,36,36,36,36,36,36,36,36,36,36,29,28,28,30,36,36,36,31,35,35,42,40,40,40,40,40,40,40,40,40,40],"gold":99,"neow_bonus":"BOSS_RELIC","is_daily":false,"chose_seed":false,"campfire_upgraded":9,"win_rate":0.0,"timestamp":1612794323,"path_taken":["M","$","?","?","?","E","R","M","T","E","R","?","?","M","R","BOSS","M","?","$","?","M","R","?","E","T","R","?","$","?","?","R","BOSS","BOSS","M","M","$","M","M","E","R","M","T","R","M","?","E","M","R","BOSS","R","$","E","BOSS"],"items_purchased_type":["Card","Card","Card","Card"],"build_version":"2020-12-22","purchased_purges":4,"victory":true,"max_hp_per_floor":[36,36,36,36,36,36,36,36,36,36,36,36,36,36,36,36,36,36,36,36,36,36,36,36,36,36,36,36,36,36,36,36,36,36,36,36,36,36,36,36,36,36,43,43,43,40,40,40,40,40,40,40,40,40,40],"card_choices":[{"not_picked":["Reinforced Body","ReplayTheSpireMod:GoodbyeWorld","Steam"],"picked":"SKIP","floor":1.0},{"not_picked":["Time Bomb","Sweeping Beam","Blizzard","Glacier"],"picked":"Genetic Algorithm","floor":3.0},{"not_picked":["BasicCrystalCard","Hello World","Compile Driver","Cold Snap"],"picked":"ReplayGash","floor":4.0},{"not_picked":["Cold Snap","Panic Button","Fusion","MostiFishMod:GatherIntelligence"],"picked":"Gash","floor":6.0},{"not_picked":["Streamline","Panic Button","Beam Cell","Hologram"],"picked":"Gash","floor":8.0},{"not_picked":["Rebound","Redo","Steam","Panic Button"],"picked":"Echo Form","floor":10.0},{"not_picked":["Turbo","Rip and Tear","Ball Lightning","Melter"],"picked":"Beam Cell","floor":12.0},{"not_picked":["Steam","Sweeping Beam","FTL","Chill"],"picked":"Go for the Eyes","floor":14.0},{"not_picked":["MostiFishMod:Distribution","Machine Learning","Echo Form","Fission"],"picked":"All For One","floor":16.0},{"not_picked":["Leap","Beam Cell+1","Sweeping Beam"],"picked":"SKIP","floor":18.0},{"not_picked":["Stack","MostiFishMod:PushDownKick","Leap+1"],"picked":"SKIP","floor":22.0},{"not_picked":["ReplayTheSpireMod:System Scan","ReplayTheSpireMod:Fabricate Wheel","Redo"],"picked":"SKIP","floor":24.0},{"not_picked":["ReplayTheSpireMod:Reroute Power","Cold Snap"],"picked":"Defragment","floor":25.0},{"not_picked":["Time Bomb","Leap"],"picked":"Beam Cell","floor":30.0},{"not_picked":["Rebound","Redo"],"picked":"Chill","floor":31.0},{"not_picked":["Skim","Streamline+1","Compile Driver"],"picked":"SKIP","floor":35},{"not_picked":["Compile Driver","Rebound"],"picked":"Gash","floor":36},{"not_picked":["ReplaySort+1","Streamline","Hologram"],"picked":"SKIP","floor":38},{"not_picked":["Aggregate","Conserve Battery"],"picked":"MostiFishMod:DawningShadow","floor":39},{"not_picked":["ReplayTheSpireMod:Reroute Power+1","Go for the Eyes"],"picked":"Force Field","floor":40},{"not_picked":["Ball Lightning+1","Gash+1","Leap+1"],"picked":"SKIP","floor":42},{"not_picked":["Streamline","MostiFishMod:Nova","Scrape"],"picked":"SKIP","floor":45},{"not_picked":["Beam Cell+1","Self Repair","Undo+1"],"picked":"SKIP","floor":47},{"not_picked":["Tempest","Aggregate"],"picked":"Coolheaded","floor":48},{"not_picked":["Leap","Cold Snap"],"picked":"Loop","floor":54}],"player_experience":1176564,"relics_obtained":[{"floor":1.0,"key":"SynthV:TestCard"},{"floor":6.0,"key":"Replay:Bottled Snecko"},{"floor":10.0,"key":"reliquary:PorcupineQuills"},{"floor":25.0,"key":"Torii"},{"floor":26.0,"key":"Letter Opener"},{"floor":40,"key":"reliquary:Buckler"},{"floor":43,"key":"Strawberry"},{"floor":47,"key":"Bag of Preparation"},{"floor":54,"key":"Pen Nib"}],"event_choices":[{"cards_removed":["MostiFishMod:Neptune"],"damage_healed":0.0,"max_hp_gain":0.0,"max_hp_loss":0.0,"gold_gain":0.0,"event_name":"Living Wall","player_choice":"Forget","floor":13.0,"gold_loss":0.0,"damage_taken":0.0},{"damage_healed":0.0,"max_hp_gain":0.0,"max_hp_loss":0.0,"gold_gain":0.0,"event_name":"Drug Dealer","player_choice":"Inject Mutagens","floor":19.0,"gold_loss":0.0,"damage_taken":0.0,"relics_obtained":["MutagenicStrength"]},{"damage_healed":0.0,"max_hp_gain":0.0,"max_hp_loss":0.0,"gold_gain":0.0,"event_name":"The Mausoleum","player_choice":"Ignored","floor":21.0,"gold_loss":0.0,"damage_taken":0.0},{"damage_healed":0.0,"max_hp_gain":0.0,"max_hp_loss":0.0,"gold_gain":0.0,"event_name":"Transmorgrifier","player_choice":"Ignored","floor":28.0,"gold_loss":0.0,"damage_taken":0.0},{"cards_removed":["Parasite"],"damage_healed":0,"gold_gain":0,"player_choice":"Offered Curse","damage_taken":0,"relics_obtained":["Spirit Poop"],"max_hp_gain":0,"max_hp_loss":0,"event_name":"Bonfire Elementals","floor":46,"gold_loss":0}],"is_beta":false,"boss_relics":[{"not_picked":["Replay:Drink Me","Replay:Wanted Poster"],"picked":"Busted Crown"},{"not_picked":["ChewingGum","Snecko Eye"],"picked":"HereWithMe"}],"items_purged_floors":[20,29,37,53],"is_endless":false,"potions_floor_spawned":[1,4,12,14,24,25,31,39,40,45,47,48,54],"ascension_level":15}}