{"host":"suw5tyb7z6zbnnfs","time":1612799613,"event":{"mods":["AchievementEnabler","BaseMod","Colored Map","Minty Spire (QoL Compilation)"],"gold_per_floor":[109,34,53,72,85,111,111,111,136,175,175,190,190,190,190,190,190],"floor_reached":16,"language":"ENG","playtime":1073,"items_purged":["Strike_B"],"score":154,"play_id":"d9196581-489e-426a-8e72-25c691c9731e","local_time":"20210208105333","is_ascension_mode":true,"campfire_choices":[{"floor":8,"key":"REST"},{"floor":11,"key":"REST"},{"data":"Dualcast","floor":15,"key":"SMITH"}],"circlet_count":0,"master_deck":["Strike_B","Strike_B","Defend_B","Defend_B","Defend_B","Zap","Dualcast+1","Hyperbeam+1","Gash","Melter","Rip and Tear+1","BootSequence","All For One","Beam Cell"],"relics":["Cracked Core","Bronze Scales","Golden Idol","Strawberry","Regal Pillow","Mercury Hourglass"],"acts_visited":["Exordium"],"potions_floor_usage":[6,10,16,16,16,16,16],"damage_taken":[{"damage":0,"enemies":"Cultist","floor":1,"turns":2},{"damage":0,"enemies":"Small Slimes","floor":3,"turns":2},{"damage":2,"enemies":"Jaw Worm","floor":4,"turns":2},{"damage":0,"enemies":"3 Louse","floor":5,"turns":1},{"damage":59,"enemies":"Gremlin Nob","floor":6,"turns":6},{"damage":25,"enemies":"Lagavulin","floor":10,"turns":4},{"damage":0,"enemies":"Blue Slaver","floor":12,"turns":2},{"damage":36,"enemies":"The Guardian","floor":16,"turns":9}],"seed_played":"-1695741671442938122","potions_obtained":[{"floor":4,"key":"EssenceOfSteel"},{"floor":5,"key":"Energy Potion"},{"floor":10,"key":"EntropicBrew"},{"floor":12,"key":"SteroidPotion"}],"is_trial":false,"path_per_floor":["M","$","M","M","M","E","?","R","T","E","R","M","T","?","R","B"],"character_chosen":"DEFECT","items_purchased":[],"campfire_rested":2,"item_purchase_floors":[],"current_hp_per_floor":[68,68,68,66,66,7,7,25,32,7,43,43,43,29,29,0,0],"gold":190,"neow_bonus":"TRANSFORM_TWO_CARDS","is_daily":false,"chose_seed":false,"campfire_upgraded":1,"win_rate":0.0,"timestamp":1612799613,"path_taken":["M","?","M","M","M","E","?","R","T","E","R","M","?","?","R","BOSS"],"items_purchased_type":[],"build_version":"2020-12-22","purchased_purges":1,"victory":false,"max_hp_per_floor":[68,68,68,68,68,68,63,63,70,70,70,70,70,70,70,70,70],"card_choices":[{"not_picked":["Coolheaded","Rebound"],"picked":"Melter","floor":1},{"not_picked":["Undo","Fusion"],"picked":"Rip and Tear","floor":3},{"not_picked":["Barrage","Redo","Streamline"],"picked":"SKIP","floor":4},{"not_picked":["Chaos","Loop"],"picked":"BootSequence","floor":5},{"not_picked":["Go for the Eyes","Stack"],"picked":"All For One","floor":6},{"not_picked":["Stack","Steam","Consume"],"picked":"SKIP","floor":10},{"not_picked":["Genetic Algorithm","Doom and Gloom"],"picked":"Beam Cell","floor":12}],"player_experience":864709,"relics_obtained":[{"floor":6,"key":"Bronze Scales"},{"floor":9,"key":"Strawberry"},{"floor":10,"key":"Regal Pillow"},{"floor":13,"key":"Mercury Hourglass"}],"event_choices":[{"damage_healed":0,"gold_gain":0,"player_choice":"Lose Max HP","damage_taken":0,"relics_obtained":["Golden Idol"],"max_hp_gain":0,"max_hp_loss":5,"event_name":"Golden Idol","floor":7,"gold_loss":0},{"damage_healed":0,"gold_gain":0,"player_choice":"Entered Light","damage_taken":14,"max_hp_gain":0,"max_hp_loss":0,"event_name":"Shining Light","floor":14,"gold_loss":0,"cards_upgraded":["Hyperbeam","Rip and Tear"]}],"is_beta":false,"boss_relics":[],"items_purged_floors":[2],"is_endless":false,"potions_floor_spawned":[4,5,10,12],"killed_by":"The Guardian","ascension_level":8}}