{"host":"aapp7ew3jk5k1bvd","time":1612767818,"event":{"mods":["AchievementEnabler","BaseMod","Colored Map","Custom Start","Minty Spire (QoL Compilation)","Permanent Neow","StSLib","SuperFastMode"],"gold_per_floor":[218,234,245,170,187,187,262,262,289,320,340,240,240,266,266,369,369,387,387,404,279,294,294,119,119,172,172,191,291,291,305,305,401,401,418,268,268,287,112,112,122,122,199,199,232,258,304,316,328,340],"floor_reached":51,"language":"KOR","playtime":1177,"items_purged":["Strike_B","Strike_B","Defend_B","Defend_B+1","Go for the Eyes+1"],"score":1028,"play_id":"da838d53-9534-4448-b45a-413aea1f881a","local_time":"20210208160338","is_ascension_mode":false,"campfire_choices":[{"data":"Zap","floor":6.0,"key":"SMITH"},{"data":"Dualcast","floor":8.0,"key":"SMITH"},{"data":"FTL","floor":13.0,"key":"SMITH"},{"data":"Gash","floor":15.0,"key":"SMITH"},{"data":"Gash","floor":23.0,"key":"SMITH"},{"data":"Panache","floor":25.0,"key":"SMITH"},{"data":"Go for the Eyes","floor":27.0,"key":"SMITH"},{"data":"Defend_B","floor":32.0,"key":"SMITH"},{"data":"Gash","floor":40.0,"key":"SMITH"},{"floor":44.0,"key":"REST"},{"data":"Sadistic Nature","floor":49,"key":"SMITH"}],"circlet_count":0,"master_deck":["Zap+1","Dualcast+1","Gash+1","FTL+1","Gash+1","Panache+1","Gash+1","Panache+1","Gash+1","Trip","Sadistic Nature+1"],"relics":["Cracked Core","Unceasing Top","Nunchaku","MealTicket","Odd Mushroom","Vajra","Lizard Tail","Question Card","Black Star","Molten Egg 2","Juzu Bracelet","MawBank","Mercury Hourglass","Bronze Scales"],"acts_visited":["Exordium","TheCity","TheBeyond"],"potions_floor_usage":[],"damage_taken":[{"damage":0.0,"enemies":"Cultist","floor":1.0,"turns":2.0},{"damage":5.0,"enemies":"Small Slimes","floor":2.0,"turns":3.0},{"damage":6.0,"enemies":"Jaw Worm","floor":3.0,"turns":2.0},{"damage":2.0,"enemies":"Large Slime","floor":5.0,"turns":4.0},{"damage":9.0,"enemies":"3 Sentries","floor":10.0,"turns":5.0},{"damage":0.0,"enemies":"2 Fungi Beasts","floor":11.0,"turns":2.0},{"damage":0.0,"enemies":"The Mushroom Lair","floor":14.0,"turns":1.0},{"damage":0.0,"enemies":"Slime Boss","floor":16.0,"turns":2.0},{"damage":0.0,"enemies":"2 Thieves","floor":18.0,"turns":2.0},{"damage":0.0,"enemies":"Shell Parasite","floor":20.0,"turns":1.0},{"damage":0.0,"enemies":"Centurion and Healer","floor":22.0,"turns":1.0},{"damage":0.0,"enemies":"Shelled Parasite and Fungi","floor":28.0,"turns":1.0},{"damage":0.0,"enemies":"Colosseum Slavers","floor":29.0,"turns":1.0},{"damage":0.0,"enemies":"Colosseum Nobs","floor":29.0,"turns":1.0},{"damage":0.0,"enemies":"3 Cultists","floor":31.0,"turns":1.0},{"damage":0.0,"enemies":"Champ","floor":33.0,"turns":2.0},{"damage":7.0,"enemies":"3 Shapes","floor":35.0,"turns":1.0},{"damage":0.0,"enemies":"Orb Walker","floor":38.0,"turns":1.0},{"damage":0.0,"enemies":"Transient","floor":41.0,"turns":1.0},{"damage":0.0,"enemies":"Giant Head","floor":45.0,"turns":1.0},{"damage":0.0,"enemies":"Spire Growth","floor":46.0,"turns":1.0},{"damage":0.0,"enemies":"Nemesis","floor":47.0,"turns":1.0},{"damage":0,"enemies":"Awakened One","floor":50,"turns":2}],"seed_played":"-1384827906242685877","potions_obtained":[{"floor":2.0,"key":"Weak Potion"},{"floor":3.0,"key":"SpeedPotion"},{"floor":5.0,"key":"SpeedPotion"},{"floor":16.0,"key":"Dexterity Potion"},{"floor":28.0,"key":"DuplicationPotion"}],"is_trial":false,"path_per_floor":["M","M","M","$","M","R","?","R","T","E","M","$","R","?","R","B",null,"M","?","M","$","M","R","$","R","T","R","M","?","?","M","R","B",null,"M","$","?","M","$","R","M","?","T","R","E","M","E","?","R","B",null],"character_chosen":"DEFECT","items_purchased":["Panache"],"campfire_rested":1,"item_purchase_floors":[24],"current_hp_per_floor":[75,70,64,64,62,62,55,55,55,46,46,61,61,61,61,61,75,75,75,75,75,75,75,75,75,75,75,75,75,75,75,75,75,75,68,75,75,75,75,75,75,75,75,75,75,75,75,65,65,65],"gold":352,"neow_bonus":"HUNDRED_GOLD","is_daily":false,"chose_seed":false,"campfire_upgraded":10,"win_rate":0.0,"timestamp":1612767818,"path_taken":["M","M","M","$","M","R","?","R","T","E","?","?","R","?","R","BOSS","M","?","M","$","M","R","$","R","T","R","M","?","?","M","R","BOSS","M","$","?","M","$","R","M","?","T","R","E","M","E","?","R","BOSS"],"items_purchased_type":["Card"],"build_version":"2020-12-22","purchased_purges":5,"victory":true,"max_hp_per_floor":[75,75,75,75,75,75,75,75,75,75,75,75,75,75,75,75,75,75,75,75,75,75,75,75,75,75,75,75,75,75,75,75,75,75,75,75,75,75,75,75,75,75,75,75,75,75,75,75,75,75],"card_choices":[{"not_picked":["Rebound","Melter"],"picked":"Gash","floor":1.0},{"not_picked":["Leap","Beam Cell"],"picked":"FTL","floor":2.0},{"not_picked":["Turbo","Streamline"],"picked":"Gash","floor":3.0},{"not_picked":["Undo","Hologram","Compile Driver"],"picked":"SKIP","floor":5.0},{"not_picked":["Turbo","Barrage"],"picked":"Go for the Eyes","floor":10.0},{"not_picked":["Tempest","BootSequence","Hologram"],"picked":"SKIP","floor":11.0},{"not_picked":["Streamline","Steam+1","Rip and Tear"],"picked":"SKIP","floor":18.0},{"not_picked":["Streamline","Ball Lightning+1","Genetic Algorithm+1"],"picked":"SKIP","floor":20.0},{"not_picked":["Compile Driver+1","Sweeping Beam","Hologram"],"picked":"SKIP","floor":22.0},{"not_picked":["Barrage","Chaos+1","BootSequence+1"],"picked":"SKIP","floor":28.0},{"not_picked":["Sweeping Beam","Steam Power","Electrodynamics","Chaos+1"],"picked":"SKIP","floor":31.0},{"not_picked":["White Noise","Melter+1","Sweeping Beam+1"],"picked":"Gash","floor":35.0},{"not_picked":["Compile Driver","Streamline+1","Hologram+1","Turbo"],"picked":"SKIP","floor":38.0},{"not_picked":["Steam Power+1","Tempest","Sweeping Beam","Self Repair+1"],"picked":"SKIP","floor":41.0},{"not_picked":["Melter+1","Turbo+1","Lockon+1","Heatsinks+1"],"picked":"SKIP","floor":45.0},{"not_picked":["Compile Driver+1","Hologram","Reprogram+1","Double Energy"],"picked":"SKIP","floor":46.0},{"not_picked":["Sweeping Beam+1","Core Surge+1","Self Repair+1"],"picked":"Gash+1","floor":47.0},{"not_picked":["Secret Technique","Thinking Ahead","Enlightenment"],"picked":"Trip","floor":48},{"not_picked":["Mind Blast+1","Purity","Forethought"],"picked":"Sadistic Nature","floor":48}],"player_experience":1346034,"relics_obtained":[{"floor":9.0,"key":"Nunchaku"},{"floor":10.0,"key":"MealTicket"},{"floor":14.0,"key":"Odd Mushroom"},{"floor":26.0,"key":"Vajra"},{"floor":29.0,"key":"Lizard Tail"},{"floor":29.0,"key":"Question Card"},{"floor":43.0,"key":"Molten Egg 2"},{"floor":45.0,"key":"Juzu Bracelet"},{"floor":45.0,"key":"MawBank"},{"floor":47.0,"key":"Mercury Hourglass"},{"floor":47.0,"key":"Bronze Scales"}],"event_choices":[{"damage_healed":0.0,"max_hp_gain":0.0,"max_hp_loss":0.0,"gold_gain":75.0,"event_name":"FaceTrader","player_choice":"Touch","floor":7.0,"gold_loss":0.0,"damage_taken":7.0},{"damage_healed":0.0,"max_hp_gain":0.0,"max_hp_loss":0.0,"gold_gain":0.0,"event_name":"Mushrooms","player_choice":"Fought Mushrooms","floor":14.0,"gold_loss":0.0,"damage_taken":0.0},{"damage_healed":0.0,"max_hp_gain":0.0,"max_hp_loss":0.0,"gold_gain":0.0,"event_name":"Colosseum","player_choice":"Fight","floor":29.0,"gold_loss":0.0,"damage_taken":0.0},{"damage_healed":0.0,"max_hp_gain":0.0,"max_hp_loss":0.0,"gold_gain":0.0,"event_name":"Colosseum","player_choice":"Fought Nobs","floor":29.0,"gold_loss":0.0,"damage_taken":0.0},{"damage_healed":0.0,"max_hp_gain":0.0,"max_hp_loss":0.0,"gold_gain":0.0,"event_name":"Vampires","player_choice":"Ignored","floor":30.0,"gold_loss":0.0,"damage_taken":0.0},{"damage_healed":0.0,"max_hp_gain":0.0,"max_hp_loss":0.0,"gold_gain":0.0,"event_name":"Tomb of Lord Red Mask","player_choice":"Ignored","floor":37.0,"gold_loss":0.0,"damage_taken":0.0},{"damage_healed":0.0,"max_hp_gain":0.0,"max_hp_loss":0.0,"gold_gain":0.0,"event_name":"Duplicator","player_choice":"Copied","floor":42.0,"gold_loss":0.0,"damage_taken":0.0,"cards_obtained":["Panache"]},{"damage_healed":0,"gold_gain":0,"player_choice":"Memory 3","damage_taken":10,"max_hp_gain":0,"max_hp_loss":0,"event_name":"SensoryStone","floor":48,"gold_loss":0}],"is_beta":false,"boss_relics":[{"not_picked":["Calling Bell","FrozenCore","Snecko Eye"]},{"not_picked":["Runic Dome","Astrolabe"],"picked":"Black Star"}],"items_purged_floors":[4,12,21,36,39],"is_endless":false,"potions_floor_spawned":[2,3,5,16,28,29,31,35,46,47],"ascension_level":0}}