{"host":"9kuc8qxv67wkis18","time":1612820334,"event":{"mods":["2.2 Compatiblity","AchievementEnabler","Aspiration","Astrologer","Bard","BaseMod","Beaked The Cultist","Bestiary","Better Note","Better Third Choice","Block Reminder","Challenge The Spire","Conspire","Curses Come First","GifTheSpireLib","Glutton Mod","Halation","Hermit","Highlight Path","Hubris","Infinite Spire","Jorbs\u0027s Wanderer Trilogy","Marked Mod","Melee Mod","Minty Spire (QoL Compilation)","Permanent Neow","Potionbrewer","Random Character Button","Rare Cards Sparkle","Reliquary","Replay The Spire","Shade Mod","Somnambulant","Spikes Relics","Spire Arcade","StSLib","Stuff the Spire","The Accelerator","The Blue Laboratory","The Caster","The Construct","The Cursed","The Disciple","The Florist","The Forsaken","The Hayseed","The Hierophant","The Judge","The Juggle","The Jungle","The Marked","The Necromancer","The Showman","The Wild Card","Thieving Mod","everything is the same but u backflip on backflip"],"gold_per_floor":[118,118,118,51,126,151,151,176,176,176,194,223,223,223,223,223,223,223,223],"floor_reached":18,"language":"ENG","playtime":2238,"items_purged":[],"score":124,"play_id":"cb95ed91-795f-48dd-8f3c-73224b4ecfe0","local_time":"20210208163854","is_ascension_mode":false,"campfire_choices":[{"data":"theMarked:Abjuration","floor":7.0,"key":"SMITH"},{"floor":10.0,"key":"REST"},{"floor":17.0,"key":"REST"}],"circlet_count":0,"master_deck":["theMarked:Strike","theMarked:Strike","theMarked:Strike","theMarked:Strike","theMarked:Strike","theMarked:Defend","theMarked:Defend","theMarked:Defend","theMarked:Defend","theMarked:SoldierOfQuellstein","theMarked:Abjuration+1","theMarked:Frustration","theForsaken:PlagueCurse","theMarked:MysticalArsenal","theMarked:Defy+1","theMarked:Memento"],"relics":["theMarked:ArtifactOfAir","Ring of Fury","ReplayTheSpireMod:Ring of Exchange","theForsaken:PlagueMask","reliquary:Firecrackers","potionbrewer:RamsHorn","Golden Egg","infinitespire:CursedDice"],"acts_visited":["Exordium"],"potions_floor_usage":[],"damage_taken":[{"damage":0.0,"enemies":"Cultist","floor":1.0,"turns":3.0},{"damage":14.0,"enemies":"Replay:BlueRogue","floor":6.0,"turns":4.0},{"damage":45.0,"enemies":"3 Sentries","floor":8.0,"turns":7.0},{"damage":0.0,"enemies":"conspire:RoseBush","floor":11.0,"turns":2.0},{"damage":16.0,"enemies":"Lagavulin","floor":12.0,"turns":3.0},{"damage":27,"enemies":"Hexaghost","floor":18,"turns":5}],"seed_played":"-4463655095459372179","potions_obtained":[{"floor":1.0,"key":"blueLaboratory:EnragingPotion"},{"floor":6.0,"key":"potionbrewer:FreezingPotion"}],"is_trial":false,"path_per_floor":["M","?","?","$","?","E","R","E","T","R","M","E","$","PTL","PTL","$","R","B"],"character_chosen":"THE_DEFAULT","items_purchased":["theMarked:MysticalArsenal"],"campfire_rested":2,"item_purchase_floors":[4],"current_hp_per_floor":[70,70,70,70,63,49,49,4,4,25,25,9,9,9,9,9,30,3,3],"gold":223,"neow_bonus":"ONE_RANDOM_RARE_CARD","is_daily":false,"chose_seed":false,"campfire_upgraded":1,"win_rate":0.0,"timestamp":1612820334,"path_taken":["M","?","?","$","?","E","R","E","T","R","?","E","$","PTL","PTL","?","R","BOSS"],"items_purchased_type":["Card"],"build_version":"2020-12-22","purchased_purges":0,"victory":false,"max_hp_per_floor":[70,70,70,70,70,70,70,70,70,70,70,70,70,70,70,70,70,70,70],"card_choices":[{"not_picked":["theMarked:HeightenedSenses","theMarked:ChainLightning"],"picked":"theMarked:Frustration","floor":1.0},{"not_picked":["theMarked:GodGivenPower","theMarked:SwordAndMagic","theMarked:Overthink"],"picked":"SKIP","floor":6.0},{"not_picked":["theMarked:ElectricStrings","theMarked:ChannelForce","theMarked:Friction"],"picked":"SKIP","floor":8.0},{"not_picked":["theMarked:EmpowerWeapon","theMarked:SwordAndMagic"],"picked":"theMarked:Defy","floor":11.0},{"not_picked":["theMarked:SwordAndMagic","theMarked:TunnelVision"],"picked":"theMarked:Memento","floor":12.0}],"player_experience":243549,"relics_obtained":[{"floor":2.0,"key":"Ring of Fury"},{"floor":2.0,"key":"ReplayTheSpireMod:Ring of Exchange"},{"floor":6.0,"key":"reliquary:Firecrackers"},{"floor":8.0,"key":"potionbrewer:RamsHorn"},{"floor":9.0,"key":"Golden Egg"},{"floor":12.0,"key":"infinitespire:CursedDice"}],"event_choices":[{"damage_healed":0.0,"max_hp_gain":0.0,"max_hp_loss":0.0,"gold_gain":0.0,"event_name":"Plague Doctor","player_choice":"Obtain Plague Curse","floor":3.0,"gold_loss":0.0,"damage_taken":0.0,"cards_obtained":["theForsaken:PlagueCurse"]},{"damage_healed":0.0,"max_hp_gain":0.0,"max_hp_loss":0.0,"gold_gain":75.0,"event_name":"FaceTrader","player_choice":"Touch","floor":5.0,"gold_loss":0.0,"damage_taken":7.0}],"is_beta":false,"boss_relics":[],"items_purged_floors":[],"is_endless":false,"potions_floor_spawned":[1,6],"killed_by":"Hexaghost","ascension_level":0}}