{"host":"1vy6j31128f61x2z","time":1612822674,"event":{"mods":["AchievementEnabler","BaseMod","Colored Powertips","Minty Spire (QoL Compilation)","Permanent Neow"],"gold_per_floor":[110,110,122,132,144,160,185,185,209,209,227,227,257,267,267,368,418,429,341,354,367,64,81,98,98,98,109,109,109,134,153,153,251,251,262,262,282,1281,849,849,849,869,893,909,909,470,470,499,511,523],"floor_reached":51,"language":"ENG","playtime":2861,"items_purged":["Strike_B","Strike_B","Normality","Normality"],"score":786,"play_id":"1e38ab50-494c-4f7b-bd83-a2d8e7315a01","local_time":"20210208171754","is_ascension_mode":false,"campfire_choices":[{"floor":8.0,"key":"REST"},{"data":"Loop","floor":10.0,"key":"SMITH"},{"floor":12.0,"key":"REST"},{"data":"Buffer","floor":15.0,"key":"SMITH"},{"floor":29.0,"key":"REST"},{"floor":32.0,"key":"REST"},{"data":"Buffer","floor":40.0,"key":"SMITH"},{"data":"Apotheosis","floor":49,"key":"SMITH"}],"circlet_count":0,"master_deck":["Strike_B+1","Defend_B+1","Defend_B","Defend_B","Defend_B+1","Zap+1","Dualcast","Writhe","Apotheosis+1","Storm","Coolheaded","Loop+1","Chaos","Conserve Battery","Self Repair","Coolheaded","Buffer+1","Conserve Battery","Buffer+1","Storm","White Noise","Heatsinks","Multi-Cast","Defragment","Consume","Jack Of All Trades","Chaos","Self Repair","Creative AI","Coolheaded+1","Conserve Battery+1","Coolheaded","Heatsinks","Apotheosis+1","Flash of Steel","Parasite","Coolheaded+1","Capacitor","Steam Power"],"relics":["Cracked Core","Whetstone","Vajra","Smiling Mask","Tiny House","Membership Card","InkBottle","MealTicket","Inserter","War Paint","White Beast Statue","Medical Kit","Happy Flower","Mummified Hand","TheAbacus","Shuriken","MawBank"],"acts_visited":["Exordium","TheCity","TheBeyond"],"potions_floor_usage":[50,50,50],"damage_taken":[{"damage":0.0,"enemies":"2 Louse","floor":1.0,"turns":2.0},{"damage":0.0,"enemies":"Cultist","floor":3.0,"turns":3.0},{"damage":0.0,"enemies":"Small Slimes","floor":4.0,"turns":2.0},{"damage":13.0,"enemies":"Looter","floor":5.0,"turns":4.0},{"damage":1.0,"enemies":"2 Fungi Beasts","floor":6.0,"turns":3.0},{"damage":22.0,"enemies":"Gremlin Nob","floor":7.0,"turns":5.0},{"damage":12.0,"enemies":"Exordium Wildlife","floor":11.0,"turns":5.0},{"damage":0.0,"enemies":"Lagavulin","floor":13.0,"turns":9.0},{"damage":6.0,"enemies":"3 Louse","floor":14.0,"turns":4.0},{"damage":34.0,"enemies":"Hexaghost","floor":16.0,"turns":10.0},{"damage":0.0,"enemies":"Chosen","floor":18.0,"turns":4.0},{"damage":6.0,"enemies":"Shell Parasite","floor":20.0,"turns":8.0},{"damage":6.0,"enemies":"Chosen and Byrds","floor":21.0,"turns":7.0},{"damage":21.0,"enemies":"Sentry and Sphere","floor":23.0,"turns":6.0},{"damage":20.0,"enemies":"Snake Plant","floor":24.0,"turns":4.0},{"damage":0.0,"enemies":"Snecko","floor":27.0,"turns":5.0},{"damage":19.0,"enemies":"Slavers","floor":30.0,"turns":6.0},{"damage":5.0,"enemies":"Cultist and Chosen","floor":31.0,"turns":9.0},{"damage":50.0,"enemies":"Automaton","floor":33.0,"turns":7.0},{"damage":43.0,"enemies":"3 Darklings","floor":35.0,"turns":8.0},{"damage":8.0,"enemies":"Orb Walker","floor":37.0,"turns":5.0},{"damage":25.0,"enemies":"Spire Growth","floor":42.0,"turns":6.0},{"damage":6.0,"enemies":"Writhing Mass","floor":44.0,"turns":9.0},{"damage":8.0,"enemies":"Nemesis","floor":48.0,"turns":5.0},{"damage":4,"enemies":"Awakened One","floor":50,"turns":8}],"seed_played":"-918829528831580431","potions_obtained":[{"floor":1.0,"key":"DuplicationPotion"},{"floor":3.0,"key":"Explosive Potion"},{"floor":5.0,"key":"Energy Potion"},{"floor":14.0,"key":"SmokeBomb"},{"floor":17.0,"key":"Explosive Potion"},{"floor":23.0,"key":"Regen Potion"},{"floor":27.0,"key":"LiquidBronze"},{"floor":31.0,"key":"PowerPotion"},{"floor":37.0,"key":"PowerPotion"},{"floor":42.0,"key":"AttackPotion"},{"floor":44.0,"key":"FocusPotion"},{"floor":48.0,"key":"DistilledChaos"}],"is_trial":false,"path_per_floor":["M","?","M","M","M","M","E","R","T","R","M","R","E","M","R","B",null,"M","$","M","M","$","M","M","?","T","M","?","R","E","M","R","B",null,"M","?","M","?","$","R","?","M","T","M","?","$","?","E","R","B",null],"character_chosen":"DEFECT","items_purchased":["Heatsinks","Membership Card","Defragment","Consume","Jack Of All Trades","Coolheaded","Heatsinks","War Paint","White Beast Statue","Medical Kit","EssenceOfDarkness","Mummified Hand","Capacitor","TheAbacus","Shuriken","Steam Power"],"campfire_rested":4,"item_purchase_floors":[19,22,22,22,22,39,39,39,39,39,39,46,46,46,46,46],"current_hp_per_floor":[75,75,75,75,62,61,39,61,61,61,56,75,75,75,75,51,80,80,80,80,80,80,69,49,49,49,56,41,66,47,52,77,52,85,62,62,64,64,79,79,69,44,44,48,48,63,63,75,75,81],"gold":535,"neow_bonus":"RANDOM_COLORLESS_2","is_daily":false,"chose_seed":false,"campfire_upgraded":4,"win_rate":0.0,"timestamp":1612822674,"path_taken":["M","?","M","?","M","M","E","R","T","R","M","R","E","M","R","BOSS","M","$","M","M","$","M","?","?","T","M","?","R","E","M","R","BOSS","M","?","M","?","$","R","?","M","T","?","?","$","?","E","R","BOSS"],"items_purchased_type":["Card","Relic","Card","Card","Card","Card","Card","Relic","Relic","Relic","Potion","Relic","Card","Relic","Relic","Card"],"build_version":"2020-12-22","purchased_purges":4,"victory":true,"max_hp_per_floor":[75,75,75,75,75,75,75,75,75,75,75,75,75,75,75,75,80,80,80,80,80,80,80,80,80,80,80,85,85,85,85,85,85,85,85,85,85,85,85,85,85,85,85,85,85,85,81,81,81,81],"card_choices":[{"not_picked":["Secret Weapon","Magnetism"],"picked":"Apotheosis","floor":0.0},{"not_picked":["Fusion","Blizzard"],"picked":"Storm","floor":1.0},{"not_picked":["Beam Cell","Force Field"],"picked":"Coolheaded","floor":3.0},{"not_picked":["Steam","Aggregate"],"picked":"Loop","floor":4.0},{"not_picked":["Beam Cell","Consume"],"picked":"Chaos","floor":5.0},{"not_picked":["FTL","Hologram"],"picked":"Conserve Battery","floor":6.0},{"not_picked":["Rip and Tear","Cold Snap"],"picked":"Self Repair","floor":7.0},{"not_picked":["Compile Driver","Barrage"],"picked":"Coolheaded","floor":11.0},{"not_picked":["Conserve Battery","Compile Driver"],"picked":"Buffer","floor":13.0},{"not_picked":["Rip and Tear","Barrage"],"picked":"Conserve Battery","floor":14.0},{"not_picked":["Multi-Cast","Rainbow"],"picked":"Buffer","floor":16.0},{"not_picked":["Beam Cell","Conserve Battery"],"picked":"Storm","floor":17.0},{"not_picked":["Beam Cell","Coolheaded"],"picked":"White Noise","floor":18.0},{"not_picked":["Sweeping Beam","Ball Lightning","Rip and Tear"],"picked":"SKIP","floor":20.0},{"not_picked":["Sweeping Beam","Barrage"],"picked":"Multi-Cast","floor":21.0},{"not_picked":["Cold Snap","Beam Cell","Stack"],"picked":"SKIP","floor":23.0},{"not_picked":["Darkness+1","Force Field","Fusion+1"],"picked":"SKIP","floor":24.0},{"not_picked":["Compile Driver","Go for the Eyes","Redo"],"picked":"SKIP","floor":27.0},{"not_picked":["Cold Snap+1","Streamline","Leap"],"picked":"SKIP","floor":30.0},{"not_picked":["Stack","Reprogram+1"],"picked":"Self Repair","floor":31.0},{"not_picked":["Electrodynamics","Machine Learning"],"picked":"Creative AI","floor":33.0},{"not_picked":["Leap","Barrage+1"],"picked":"Coolheaded+1","floor":35.0},{"not_picked":["Steam+1","Stack"],"picked":"Conserve Battery+1","floor":37.0},{"not_picked":["Blind","Jack Of All Trades"],"picked":"Apotheosis","floor":41.0},{"not_picked":["Blind","Bandage Up"],"picked":"Flash of Steel","floor":41.0},{"not_picked":["Sweeping Beam+1","Auto Shields+1","Cold Snap"],"picked":"SKIP","floor":42.0},{"not_picked":["Leap+1","Tempest"],"picked":"Coolheaded+1","floor":44.0},{"not_picked":["Genetic Algorithm+1","Steam","Stack+1"],"picked":"SKIP","floor":48.0}],"player_experience":13700,"relics_obtained":[{"floor":7.0,"key":"Whetstone"},{"floor":9.0,"key":"Vajra"},{"floor":13.0,"key":"Smiling Mask"},{"floor":26.0,"key":"InkBottle"},{"floor":30.0,"key":"MealTicket"},{"floor":43.0,"key":"Happy Flower"},{"floor":48.0,"key":"MawBank"}],"event_choices":[{"damage_healed":0.0,"max_hp_gain":0.0,"max_hp_loss":0.0,"gold_gain":0.0,"event_name":"Accursed Blacksmith","player_choice":"Forge","floor":2.0,"gold_loss":0.0,"damage_taken":0.0,"cards_upgraded":["Apotheosis"]},{"damage_healed":0.0,"max_hp_gain":0.0,"max_hp_loss":0.0,"gold_gain":0.0,"event_name":"The Library","player_choice":"Read","floor":25.0,"gold_loss":0.0,"damage_taken":0.0,"cards_obtained":["Chaos"]},{"damage_healed":0.0,"max_hp_gain":5.0,"max_hp_loss":0.0,"gold_gain":0.0,"event_name":"Forgotten Altar","player_choice":"Shed Blood","floor":28.0,"gold_loss":0.0,"damage_taken":20.0},{"cards_removed":["Strike_B"],"damage_healed":0.0,"max_hp_gain":0.0,"max_hp_loss":0.0,"gold_gain":0.0,"event_name":"Falling","player_choice":"Removed Attack","floor":36.0,"gold_loss":0.0,"damage_taken":0.0},{"damage_healed":0.0,"max_hp_gain":0.0,"max_hp_loss":0.0,"gold_gain":999.0,"event_name":"MindBloom","player_choice":"Gold","floor":38.0,"gold_loss":0.0,"damage_taken":0.0,"cards_obtained":["Normality","Normality"]},{"damage_healed":0.0,"max_hp_gain":0.0,"max_hp_loss":0.0,"gold_gain":0.0,"event_name":"SensoryStone","player_choice":"Memory 3","floor":41.0,"gold_loss":0.0,"damage_taken":10.0},{"damage_healed":0.0,"max_hp_gain":0.0,"max_hp_loss":0.0,"gold_gain":0.0,"event_name":"Mysterious Sphere","player_choice":"Ignored","floor":45.0,"gold_loss":0.0,"damage_taken":0.0},{"damage_healed":0.0,"max_hp_gain":0.0,"max_hp_loss":4.0,"gold_gain":0.0,"event_name":"Winding Halls","player_choice":"Max HP","floor":47.0,"gold_loss":0.0,"damage_taken":0.0}],"is_beta":false,"boss_relics":[{"not_picked":["Philosopher\u0027s Stone","Snecko Eye"],"picked":"Tiny House"},{"not_picked":["Busted Crown","Empty Cage"],"picked":"Inserter"}],"items_purged_floors":[19,22,39,46],"is_endless":false,"potions_floor_spawned":[1,3,5,14,18,23,27,31,37,42,44,48],"ascension_level":0}}