{"host":"qekv59dthhdg54sz","time":1612787088,"event":{"mods":["AchievementEnabler","BaseMod","Colored Map","DeckTracker","KOR Keyword Fix","Minty Spire (QoL Compilation)","Rare Cards Sparkle","StSLib","SuperFastMode"],"gold_per_floor":[114,189,199,15,33,33,53,53,53,33,45,45,65,78,78,154,204,215,177,227,240,240,240,240],"floor_reached":23,"language":"KOR","playtime":447,"items_purged":["Strike_G"],"score":366,"play_id":"d202b198-0ae8-4a74-895b-75530d4cb668","local_time":"20210208212448","is_ascension_mode":true,"campfire_choices":[{"data":"Poisoned Stab","floor":6,"key":"SMITH"},{"floor":8,"key":"REST"},{"data":"Acrobatics","floor":15,"key":"SMITH"}],"circlet_count":0,"master_deck":["AscendersBane","Strike_G","Strike_G","Strike_G","Defend_G","Defend_G","Defend_G","Defend_G+1","Survivor","Neutralize","Poisoned Stab+1","Flying Knee","Infinite Blades","Backflip","Predator","Infinite Blades","Choke","Accuracy","Acrobatics+1","Corpse Explosion","Cloak And Dagger","Cloak And Dagger"],"relics":["Ring of the Snake","Membership Card","Kunai","Tiny House"],"acts_visited":["Exordium","TheCity"],"potions_floor_usage":[16,18,23,23],"damage_taken":[{"damage":2,"enemies":"2 Louse","floor":1,"turns":3},{"damage":0,"enemies":"Small Slimes","floor":3,"turns":4},{"damage":7,"enemies":"Jaw Worm","floor":5,"turns":4},{"damage":6,"enemies":"Red Slaver","floor":7,"turns":5},{"damage":6,"enemies":"Exordium Wildlife","floor":11,"turns":4},{"damage":23,"enemies":"Exordium Thugs","floor":13,"turns":6},{"damage":4,"enemies":"3 Louse","floor":14,"turns":4},{"damage":13,"enemies":"The Guardian","floor":16,"turns":11},{"damage":16,"enemies":"Chosen","floor":18,"turns":5},{"damage":4,"enemies":"3 Byrds","floor":21,"turns":4},{"damage":42,"enemies":"Book of Stabbing","floor":23,"turns":4}],"seed_played":"-8338505149127704294","potions_obtained":[{"floor":3,"key":"Weak Potion"},{"floor":7,"key":"Explosive Potion"},{"floor":16,"key":"PowerPotion"},{"floor":17,"key":"GhostInAJar"},{"floor":21,"key":"Energy Potion"}],"is_trial":false,"path_per_floor":["M","?","M","$","M","R","M","R","T","$","M","?","M","M","R","B",null,"M","$","?","M","?","E"],"character_chosen":"THE_SILENT","items_purchased":["Membership Card","Infinite Blades","Infinite Blades"],"campfire_rested":1,"item_purchase_floors":[4,4,10],"current_hp_per_floor":[42,31,31,31,24,24,18,37,37,37,31,53,30,26,26,13,58,42,42,42,38,38,0,0],"gold":240,"neow_bonus":"REMOVE_TWO","is_daily":false,"chose_seed":true,"campfire_upgraded":2,"win_rate":0.0,"timestamp":1612787088,"path_taken":["M","?","M","$","M","R","M","R","T","$","M","?","M","M","R","BOSS","M","$","?","?","?","E"],"items_purchased_type":["Relic","Card","Card"],"build_version":"2020-12-22","purchased_purges":1,"victory":false,"max_hp_per_floor":[66,66,66,66,66,66,66,66,66,66,66,66,66,66,66,66,71,71,71,71,71,71,71,71],"card_choices":[{"not_picked":["Slice","Quick Slash"],"picked":"Poisoned Stab","floor":1},{"not_picked":["Dagger Spray","PiercingWail"],"picked":"Flying Knee","floor":3},{"not_picked":["Poisoned Stab","Dagger Spray"],"picked":"Backflip","floor":5},{"not_picked":["PiercingWail","Flying Knee"],"picked":"Predator","floor":7},{"not_picked":["Dagger Spray","Acrobatics"],"picked":"Choke","floor":11},{"not_picked":["Dodge and Roll","Die Die Die"],"picked":"Accuracy","floor":13},{"not_picked":["Footwork","Infinite Blades"],"picked":"Acrobatics","floor":14},{"not_picked":["Malaise","Burst"],"picked":"Corpse Explosion","floor":16},{"not_picked":["Reflex","Acrobatics"],"picked":"Cloak And Dagger","floor":17},{"not_picked":["Slice","Quick Slash","Deadly Poison"],"picked":"SKIP","floor":18},{"not_picked":["Flying Knee","Heel Hook","Outmaneuver"],"picked":"SKIP","floor":21}],"player_experience":881269,"relics_obtained":[{"floor":9,"key":"Kunai"}],"event_choices":[{"damage_healed":0,"gold_gain":75,"player_choice":"Gather Gold","damage_taken":11,"max_hp_gain":0,"max_hp_loss":0,"event_name":"World of Goop","floor":2,"gold_loss":0},{"damage_healed":22,"gold_gain":0,"player_choice":"Banana","damage_taken":0,"max_hp_gain":0,"max_hp_loss":0,"event_name":"Big Fish","floor":12,"gold_loss":0},{"damage_healed":0,"gold_gain":100,"player_choice":"Bet on Murderer","damage_taken":0,"max_hp_gain":0,"max_hp_loss":0,"event_name":"The Joust","floor":20,"gold_loss":50},{"damage_healed":0,"gold_gain":0,"player_choice":"Read","damage_taken":0,"max_hp_gain":0,"max_hp_loss":0,"event_name":"The Library","floor":22,"gold_loss":0,"cards_obtained":["Cloak And Dagger"]}],"is_beta":false,"boss_relics":[{"not_picked":["Sozu","Snecko Eye"],"picked":"Tiny House"}],"items_purged_floors":[19],"is_endless":false,"potions_floor_spawned":[3,7,13,16,21],"killed_by":"Book of Stabbing","ascension_level":20}}