{"host":"ymmeoa1x24ihslbm","time":1612771302,"event":{"mods":["AchievementEnabler","BaseMod","Colored Map","Colored Powertips","Defuse TimeMaze Blight","Hermit","Highlight Path","Hyrulean Relics","Minty Spire (QoL Compilation)","Permanent Neow","Quick Restart","Rare Cards Sparkle","Relic Sorter","Replay The Spire","Shop Mod","StSLib","The Hierophant"],"gold_per_floor":[113,132,132,152,171,171,171,171,198,198,216,64,64,78,78,181,181,193,193,209,242,242,242,267,267,267,291,291,313,253,253,253,260,260],"floor_reached":33,"language":"ENG","playtime":6621,"items_purged":[],"score":237,"play_id":"82724888-4a05-4bce-8763-0fed743dc1d5","local_time":"20210208090142","is_ascension_mode":false,"campfire_choices":[{"data":"hermit:SprayPray","floor":6,"key":"SMITH"},{"data":"hermit:WideOpen","floor":8,"key":"SMITH"},{"data":"m_Survivalism","floor":10,"key":"SMITH"},{"data":"hermit:ShadowCloak","floor":13,"key":"SMITH"},{"data":"hermit:CursedWeapon","floor":23,"key":"SMITH"},{"data":"hermit:HighNoon","floor":25,"key":"SMITH"},{"data":"hermit:Snapshot","floor":28,"key":"SMITH"},{"data":"hermit:Scavenge","floor":32,"key":"SMITH"}],"circlet_count":0,"master_deck":["hermit:Strike_Hermit","hermit:Strike_Hermit","hermit:Strike_Hermit","hermit:Strike_Hermit","hermit:Defend_Hermit","hermit:Defend_Hermit","hermit:Defend_Hermit","hermit:Defend_Hermit","hermit:Snapshot+1","hermit:Covet","Defend_P","m_Survivalism+1","hermit:Deadeye","hermit:Cheat+1","hermit:WideOpen+1","hermit:SprayPray+1","hermit:CursedWeapon+1","hermit:ShadowCloak+1","hermit:Misfire","hermit:SprayPray","hermit:Manifest","hermit:HighNoon+1","hermit:Scavenge+1","hermit:Vantage","hermit:Spite+1","hermit:Deadeye","hermit:Enervate","hermit:BigShot"],"relics":["hermit:Momento","Bronze Scales","Boot","Ancient Tea Set","Akabeko","Coffee Dripper","Red Mask","MutagenicStrength"],"acts_visited":["Exordium","TheCity"],"potions_floor_usage":[16,18,21,21,27,33],"damage_taken":[{"damage":0,"enemies":"Jaw Worm","floor":1,"turns":5},{"damage":0,"enemies":"2 Louse","floor":2,"turns":3},{"damage":0,"enemies":"Small Slimes","floor":4,"turns":3},{"damage":5,"enemies":"3 Louse","floor":5,"turns":4},{"damage":0,"enemies":"Exordium Thugs","floor":11,"turns":4},{"damage":1,"enemies":"2 Fungi Beasts","floor":14,"turns":3},{"damage":79,"enemies":"Hexaghost","floor":16,"turns":13},{"damage":2,"enemies":"Shell Parasite","floor":18,"turns":3},{"damage":0,"enemies":"3 Byrds","floor":20,"turns":5},{"damage":44,"enemies":"Masked Bandits","floor":21,"turns":7},{"damage":9,"enemies":"Cultist and Chosen","floor":24,"turns":9},{"damage":3,"enemies":"3 Cultists","floor":27,"turns":5},{"damage":7,"enemies":"Shelled Parasite and Fungi","floor":29,"turns":5},{"damage":24,"enemies":"Pondfish","floor":33,"turns":29}],"seed_played":"2733343378233657099","potions_obtained":[{"floor":1,"key":"SpeedPotion"},{"floor":5,"key":"Dexterity Potion"},{"floor":11,"key":"Elixir"},{"floor":16,"key":"FearPotion"},{"floor":20,"key":"Weak Potion"},{"floor":27,"key":"AttackPotion"},{"floor":29,"key":"Strength Potion"}],"is_trial":false,"path_per_floor":["M","M","?","M","M","R","?","R","T","R","M","$","R","M","R_BF","B",null,"M","?","M","?","?","R","M","R","T","M","R","M","?","?","R_BF","B"],"character_chosen":"HERMIT","items_purchased":["hermit:ShadowCloak","hermit:Misfire","hermit:SprayPray"],"campfire_rested":0,"item_purchase_floors":[12,12,12],"current_hp_per_floor":[89,89,82,82,77,77,77,77,77,77,77,77,77,76,89,10,89,87,87,87,43,43,43,34,34,34,31,31,24,24,24,24,0,0],"gold":260,"neow_bonus":"TWENTY_PERCENT_HP_BONUS","is_daily":false,"chose_seed":false,"campfire_upgraded":8,"win_rate":0.0,"timestamp":1612771302,"path_taken":["M","M","?","M","M","R","?","R","T","R","M","$","R","M","R_BF","BOSS","M","?","M","?","?","R","M","R","T","M","R","?","?","?","R_BF","BOSS"],"items_purchased_type":["Card","Card","Card"],"build_version":"2020-12-22","purchased_purges":0,"victory":false,"max_hp_per_floor":[89,89,89,89,89,89,89,89,89,89,89,89,89,89,89,89,89,89,89,89,89,89,89,89,89,89,89,89,89,89,89,89,89,89],"card_choices":[{"not_picked":["hermit:Midnight","hermit:Spite"],"picked":"hermit:Deadeye","floor":1},{"not_picked":["hermit:TakeCover","hermit:ItchyTrigger"],"picked":"hermit:Cheat","floor":2},{"not_picked":["hermit:ItchyTrigger","hermit:Brawl"],"picked":"hermit:WideOpen","floor":4},{"not_picked":["hermit:Spite","hermit:Coalescence"],"picked":"hermit:SprayPray","floor":5},{"not_picked":["hermit:HighCaliber","hermit:Roughhouse"],"picked":"hermit:CursedWeapon","floor":11},{"not_picked":["hermit:LowProfile","hermit:Misfire"],"picked":"hermit:Manifest","floor":14},{"not_picked":["hermit:RoundhouseKick","hermit:OverwhelmingPower"],"picked":"hermit:HighNoon","floor":16},{"not_picked":["hermit:CalledShot","hermit:Manifest"],"picked":"hermit:Scavenge","floor":18},{"not_picked":["hermit:ItchyTrigger","hermit:Misfire"],"picked":"hermit:Vantage","floor":20},{"not_picked":["hermit:Misfire","hermit:NoHoldsBarred"],"picked":"hermit:Spite+1","floor":21},{"not_picked":["hermit:Brawl","hermit:Vantage"],"picked":"hermit:Deadeye","floor":24},{"not_picked":["hermit:Dive+1","hermit:Misfire"],"picked":"hermit:Enervate","floor":27},{"not_picked":["hermit:Coalescence+1","hermit:NoHoldsBarred+1"],"picked":"hermit:BigShot","floor":29}],"player_experience":775934,"relics_obtained":[{"floor":9,"key":"Akabeko"},{"floor":21,"key":"Red Mask"},{"floor":26,"key":"Bronze Scales"}],"event_choices":[{"damage_healed":0,"gold_gain":0,"player_choice":"Success","damage_taken":7,"relics_obtained":["Boot"],"max_hp_gain":0,"max_hp_loss":0,"event_name":"Scrap Ooze","floor":3,"gold_loss":0},{"damage_healed":0,"gold_gain":0,"player_choice":"Box","damage_taken":0,"relics_obtained":["Ancient Tea Set"],"max_hp_gain":0,"max_hp_loss":0,"event_name":"Big Fish","floor":7,"gold_loss":0,"cards_obtained":["Regret"]},{"damage_healed":0,"gold_gain":0,"player_choice":"Ignored","damage_taken":0,"max_hp_gain":0,"max_hp_loss":0,"event_name":"Vampires","floor":19,"gold_loss":0},{"damage_healed":0,"gold_gain":0,"player_choice":"Fought Bandits","damage_taken":0,"max_hp_gain":0,"max_hp_loss":0,"event_name":"Masked Bandits","floor":21,"gold_loss":0},{"cards_removed":["Regret"],"damage_healed":0,"gold_gain":0,"player_choice":"Removed Curses","damage_taken":0,"max_hp_gain":0,"max_hp_loss":0,"event_name":"Fountain of Cleansing","floor":22,"gold_loss":0},{"damage_healed":0,"gold_gain":0,"player_choice":"Inject Mutagens","damage_taken":0,"relics_obtained":["MutagenicStrength"],"max_hp_gain":0,"max_hp_loss":0,"event_name":"Drug Dealer","floor":31,"gold_loss":0}],"is_beta":false,"boss_relics":[{"not_picked":["Philosopher\u0027s Stone","Black Star"],"picked":"Coffee Dripper"}],"items_purged_floors":[],"is_endless":false,"potions_floor_spawned":[1,5,11,16,20,27,29],"killed_by":"Pondfish","ascension_level":0}}