{"host":"ydg0vn0pu4pubmdt","time":1612784668,"event":{"mods":["AchievementEnabler","BaseMod","Colored Map","Gold Saver","Minty Spire (QoL Compilation)","Quick Restart","SuperFastMode"],"gold_per_floor":[667,667,678,19,33,33,44,119,142,142,142,142,153,153,153,232,232,247,247,247,247,297,326,326,376,376,386,386,411,511,542,542,619,619,635,647,547,563,577,612,612,639,666,684,734,734,784,318,318,318,318,318,318,157,187,187,187],"floor_reached":56,"language":"KOR","playtime":1674,"items_purged":["Strike_P","Strike_P","Defend_P"],"score":2097,"play_id":"4d12bb08-1ff4-4dce-af8a-c3761ed89e35","local_time":"20210208204428","is_ascension_mode":true,"campfire_choices":[{"data":"Eruption","floor":6.0,"key":"SMITH"},{"data":"Apotheosis","floor":12.0,"key":"SMITH"},{"data":"Adaptation","floor":15.0,"key":"SMITH"},{"floor":24.0,"key":"RECALL"},{"floor":28.0,"key":"REST"},{"data":"Scrawl","floor":32.0,"key":"SMITH"},{"floor":41.0,"key":"REST"},{"floor":46.0,"key":"REST"},{"data":"Study","floor":49.0,"key":"SMITH"},{"floor":53.0,"key":"REST"}],"circlet_count":0,"master_deck":["AscendersBane","Defend_P","Defend_P","Eruption+1","Vigilance","Adaptation+1","Indignation","Apotheosis+1","FearNoEvil","FlurryOfBlows","EmptyFist","Scrawl+1","Meditate","ReachHeaven","Scrawl","Study+1","Flash of Steel","Fasting2+1"],"relics":["PureWater","Blood Vial","OrangePellets","Potion Belt","Juzu Bracelet","WarpedTongs","Spirit Poop","SlaversCollar","Bronze Scales","SsserpentHead","Strawberry","MealTicket","Lizard Tail","Ancient Tea Set","SacredBark","Centennial Puzzle","InkBottle","Incense Burner","Orrery","Bag of Preparation"],"acts_visited":["Exordium","TheCity","TheBeyond","TheEnding"],"potions_floor_usage":[56,56,56,56],"damage_taken":[{"damage":0.0,"enemies":"2 Louse","floor":1.0,"turns":3.0},{"damage":2.0,"enemies":"Cultist","floor":3.0,"turns":3.0},{"damage":4.0,"enemies":"Jaw Worm","floor":5.0,"turns":2.0},{"damage":0.0,"enemies":"Blue Slaver","floor":7.0,"turns":2.0},{"damage":4.0,"enemies":"Gremlin Gang","floor":13.0,"turns":3.0},{"damage":22.0,"enemies":"The Guardian","floor":16.0,"turns":9.0},{"damage":0.0,"enemies":"Spheric Guardian","floor":18.0,"turns":2.0},{"damage":14.0,"enemies":"Book of Stabbing","floor":23.0,"turns":2.0},{"damage":0.0,"enemies":"Chosen","floor":27.0,"turns":2.0},{"damage":18.0,"enemies":"Gremlin Leader","floor":29.0,"turns":4.0},{"damage":1.0,"enemies":"Book of Stabbing","floor":31.0,"turns":3.0},{"damage":14.0,"enemies":"Collector","floor":33.0,"turns":5.0},{"damage":0.0,"enemies":"3 Darklings","floor":35.0,"turns":2.0},{"damage":0.0,"enemies":"Orb Walker","floor":36.0,"turns":2.0},{"damage":0.0,"enemies":"Sphere and 2 Shapes","floor":38.0,"turns":2.0},{"damage":2.0,"enemies":"3 Darklings","floor":39.0,"turns":3.0},{"damage":92.0,"enemies":"Nemesis","floor":40.0,"turns":7.0},{"damage":1.0,"enemies":"Giant Head","floor":42.0,"turns":4.0},{"damage":0.0,"enemies":"Spire Growth","floor":44.0,"turns":2.0},{"damage":0.0,"enemies":"Donu and Deca","floor":50.0,"turns":2.0},{"damage":29.0,"enemies":"Awakened One","floor":51.0,"turns":3.0},{"damage":0.0,"enemies":"Shield and Spear","floor":55.0,"turns":1.0},{"damage":75,"enemies":"The Heart","floor":56,"turns":5}],"seed_played":"-1900831531851632642","potions_obtained":[{"floor":1.0,"key":"Dexterity Potion"},{"floor":16.0,"key":"LiquidBronze"},{"floor":27.0,"key":"SmokeBomb"},{"floor":33.0,"key":"Energy Potion"},{"floor":36.0,"key":"BottledMiracle"},{"floor":40.0,"key":"Weak Potion"},{"floor":42.0,"key":"Ancient Potion"},{"floor":44.0,"key":"AttackPotion"}],"is_trial":false,"path_per_floor":["M","?","M","$","M","R","M","?","T","?","?","R","M","?","R","B",null,"M","T","?","?","?","E","R","?","T","M","R","E","?","E","R","B",null,"M","M","$","M","M","E","R","E","T","M","?","R","?","$","R","B","B",null,"R","$","E","B"],"character_chosen":"WATCHER","items_purchased":["Apotheosis","FearNoEvil","OrangePellets","Potion Belt","Incense Burner","Orrery"],"campfire_rested":4,"item_purchase_floors":[4,4,4,4,48,54],"current_hp_per_floor":[61,61,61,61,59,59,61,50,50,50,50,50,48,48,48,28,58,60,60,60,60,60,55,55,55,55,57,75,57,57,58,58,46,68,70,72,75,75,73,24,46,47,47,49,39,61,61,75,75,75,46,68,75,75,75,0,0],"gold":187,"neow_bonus":"ONE_RANDOM_RARE_CARD","is_daily":false,"chose_seed":false,"campfire_upgraded":5,"win_rate":0.0,"timestamp":1612784668,"path_taken":["M","?","M","$","M","R","?","?","T","?","?","R","M","?","R","BOSS","M","?","?","?","?","E","R","?","T","M","R","E","?","E","R","BOSS","M","M","$","M","M","E","R","E","T","M","?","R","?","$","R","BOSS","BOSS","R","$","E","BOSS"],"items_purchased_type":["Card","Card","Relic","Relic","Relic","Relic"],"build_version":"2020-12-22","purchased_purges":3,"victory":false,"max_hp_per_floor":[68,68,68,68,68,68,68,68,68,68,68,68,68,68,68,68,68,68,68,68,68,68,75,75,75,75,75,75,75,75,75,75,75,75,75,75,75,75,75,75,75,75,75,75,75,75,75,75,75,75,75,75,75,75,75,75,75],"card_choices":[{"not_picked":["SandsOfTime","CutThroughFate"],"picked":"Adaptation","floor":1.0},{"not_picked":["Vengeance","Crescendo"],"picked":"Indignation","floor":3.0},{"not_picked":["Worship","SandsOfTime"],"picked":"FlurryOfBlows","floor":5.0},{"not_picked":["Consecrate","Halt"],"picked":"EmptyFist","floor":7.0},{"not_picked":["Pray","Conclude","WindmillStrike"],"picked":"SKIP","floor":13.0},{"not_picked":["Devotion","DevaForm"],"picked":"Scrawl","floor":16.0},{"not_picked":["Protect+1","ClearTheMind","CutThroughFate"],"picked":"SKIP","floor":18.0},{"not_picked":["Indignation","ForeignInfluence","SignatureMove"],"picked":"SKIP","floor":23.0},{"not_picked":["ReachHeaven","FollowUp","Crescendo"],"picked":"SKIP","floor":27.0},{"not_picked":["Pray","CutThroughFate","SandsOfTime"],"picked":"SKIP","floor":29.0},{"not_picked":["FlurryOfBlows","Prostrate+1"],"picked":"Scrawl","floor":31.0},{"not_picked":["FollowUp","Perseverance","ClearTheMind+1"],"picked":"SKIP","floor":35.0},{"not_picked":["Meditate","EmptyFist","CrushJoints"],"picked":"SKIP","floor":36.0},{"not_picked":["ThirdEye","Alpha","ReachHeaven"],"picked":"SKIP","floor":38.0},{"not_picked":["Halt","ThirdEye+1","Fasting2+1"],"picked":"SKIP","floor":39.0},{"not_picked":["ClearTheMind","ThirdEye","Fasting2"],"picked":"SKIP","floor":40.0},{"not_picked":["CutThroughFate","FlurryOfBlows","Wireheading+1"],"picked":"SKIP","floor":42.0},{"not_picked":["Worship+1","PathToVictory"],"picked":"Study","floor":44.0},{"not_picked":["Jack Of All Trades","Good Instincts"],"picked":"Flash of Steel","floor":45.0},{"not_picked":["PathToVictory+1","CrushJoints"],"picked":"Fasting2+1","floor":54.0},{"not_picked":["Study+1","CutThroughFate+1","FlurryOfBlows"],"picked":"SKIP","floor":55.0}],"player_experience":670153,"relics_obtained":[{"floor":9.0,"key":"Juzu Bracelet"},{"floor":19.0,"key":"Bronze Scales"},{"floor":23.0,"key":"Strawberry"},{"floor":26.0,"key":"MealTicket"},{"floor":29.0,"key":"Lizard Tail"},{"floor":31.0,"key":"Ancient Tea Set"},{"floor":40.0,"key":"Centennial Puzzle"},{"floor":42.0,"key":"InkBottle"},{"floor":55.0,"key":"Bag of Preparation"}],"event_choices":[{"cards_removed":["MasterReality"],"damage_healed":0.0,"max_hp_gain":0.0,"max_hp_loss":0.0,"gold_gain":0.0,"event_name":"WeMeetAgain","player_choice":"Gave Card","floor":2.0,"gold_loss":0.0,"damage_taken":0.0,"relics_obtained":["Blood Vial"]},{"damage_healed":0.0,"max_hp_gain":0.0,"max_hp_loss":0.0,"gold_gain":75.0,"event_name":"World of Goop","player_choice":"Gather Gold","floor":8.0,"gold_loss":0.0,"damage_taken":11.0},{"damage_healed":0.0,"max_hp_gain":0.0,"max_hp_loss":0.0,"gold_gain":0.0,"event_name":"Match and Keep!","player_choice":"0 cards matched","floor":10.0,"gold_loss":0.0,"damage_taken":0.0,"cards_obtained":[]},{"damage_healed":0.0,"max_hp_gain":0.0,"max_hp_loss":0.0,"gold_gain":0.0,"event_name":"Accursed Blacksmith","player_choice":"Rummage","floor":11.0,"gold_loss":0.0,"damage_taken":0.0,"relics_obtained":["WarpedTongs"],"cards_obtained":["Pain"]},{"cards_removed":["Pain"],"damage_healed":0.0,"max_hp_gain":0.0,"max_hp_loss":0.0,"gold_gain":0.0,"event_name":"Bonfire Elementals","player_choice":"Offered Curse","floor":14.0,"gold_loss":0.0,"damage_taken":0.0,"relics_obtained":["Spirit Poop"]},{"damage_healed":0.0,"max_hp_gain":0.0,"max_hp_loss":0.0,"gold_gain":0.0,"event_name":"The Mausoleum","player_choice":"Ignored","floor":20.0,"gold_loss":0.0,"damage_taken":0.0},{"damage_healed":0.0,"max_hp_gain":0.0,"max_hp_loss":0.0,"gold_gain":0.0,"event_name":"FaceTrader","player_choice":"Trade","floor":21.0,"gold_loss":0.0,"damage_taken":0.0,"relics_obtained":["SsserpentHead"]},{"damage_healed":0.0,"max_hp_gain":0.0,"max_hp_loss":0.0,"gold_gain":0.0,"cards_transformed":["Strike_P","Defend_P"],"event_name":"Drug Dealer","player_choice":"Became Test Subject","floor":22.0,"gold_loss":0.0,"damage_taken":0.0,"cards_obtained":["Meditate","ReachHeaven"]},{"cards_removed":["Strike_P"],"damage_healed":0.0,"max_hp_gain":0.0,"max_hp_loss":0.0,"gold_gain":0.0,"event_name":"Back to Basics","player_choice":"Elegance","floor":25.0,"gold_loss":0.0,"damage_taken":0.0},{"damage_healed":0.0,"max_hp_gain":0.0,"max_hp_loss":0.0,"gold_gain":50.0,"event_name":"Nest","player_choice":"Stole From Cult","floor":30.0,"gold_loss":0.0,"damage_taken":0.0},{"damage_healed":0.0,"max_hp_gain":0.0,"max_hp_loss":0.0,"gold_gain":0.0,"event_name":"SensoryStone","player_choice":"Memory 3","floor":45.0,"gold_loss":0.0,"damage_taken":10.0},{"damage_healed":0.0,"max_hp_gain":0.0,"max_hp_loss":0.0,"gold_gain":0.0,"event_name":"Tomb of Lord Red Mask","player_choice":"Ignored","floor":47.0,"gold_loss":0.0,"damage_taken":0.0}],"is_beta":false,"boss_relics":[{"not_picked":["Coffee Dripper","Runic Dome"],"picked":"SlaversCollar"},{"not_picked":["Busted Crown","Tiny House"],"picked":"SacredBark"}],"items_purged_floors":[4,37,48],"is_endless":false,"potions_floor_spawned":[1,16,27,33,36,40,42,44],"killed_by":"The Heart","ascension_level":20}}