{"host":"exvcjv2xb14ho3gf","time":1612790122,"event":{"mods":["Act Like it!","Arknights","BaseMod","Gensokyo","Highlight Path","KinomotoSakuraMod(ƒæ÷Æ±æ”£)","KomeijiMod","Marisa£®ÏF”Í°°ƒß¿Ì…≥£©","Minty Spire (QoL Compilation)","Quick Restart","Reimu£®≤©¿ˆ¡È√Œ£©","Remilia£®¿Ÿ√◊¿Ú—«£©","StSLib","TestMod","The Senshi","The Servant 0.9.4","UnlockEverythingMod","Youmu£®ªÍ∆«—˝√Œ£©"],"gold_per_floor":[111,111,123,138,157,182,182,201,249,249,424,424,424,85,85,182,182,200,218,237,152,152,167,167,31,103,134,134,167,57,71,71,176,176,195,205,205,1,17,17,46,46,123,123,173,173,35,35,35,35],"floor_reached":51,"language":"ZHS","playtime":2157,"items_purged":["Doubt","Confused"],"score":811,"play_id":"4c058bc3-810a-4dbe-87c3-777d7b569844","local_time":"20210208211522","is_ascension_mode":false,"campfire_choices":[{"data":"Coolheaded","floor":7.0,"key":"SMITH"},{"data":"Dualcast","floor":10.0,"key":"SMITH"},{"data":"Go for the Eyes","floor":13.0,"key":"SMITH"},{"data":"testmod-Recap","floor":15.0,"key":"SMITH"},{"data":"Defragment","floor":28.0,"key":"SMITH"},{"data":"Echo Form","floor":32,"key":"SMITH"},{"data":"Apotheosis","floor":40,"key":"SMITH"},{"data":"Creative AI","floor":42,"key":"SMITH"},{"data":"White Noise","floor":49,"key":"SMITH"}],"circlet_count":0,"master_deck":["Strike_B","Strike_B+1","Strike_B","Defend_B","Defend_B","Defend_B+1","Defend_B","Zap+1","Dualcast+1","Cold Snap","Go for the Eyes+1","Coolheaded+1","Defragment+1","testmod-Recap+1","Electrodynamics","Redo","White Noise+1","Conserve Battery","testmod-ChaoticCore","Echo Form+1","Creative AI+1","Heatsinks","Apotheosis+1","Skim","Defragment"],"relics":["Cracked Core","testmod-TestBox","NeowsBlessing","testmod-Fanaticism","Singing Bowl","Juzu Bracelet","testmod-TimeTraveler","The Courier","Tea:ReiMu","ScarletDevilRocket","Busted Crown","Blue Candle","Shuriken","Turnip"],"acts_visited":["Exordium","TheCity","TheBeyond"],"potions_floor_usage":[50,50,50,50],"damage_taken":[{"damage":0.0,"enemies":"2 Louse","floor":1.0,"turns":1.0},{"damage":0.0,"enemies":"ats:Genji","floor":3.0,"turns":1.0},{"damage":0.0,"enemies":"Jaw Worm","floor":4.0,"turns":1.0},{"damage":11.0,"enemies":"2 Fungi Beasts","floor":5.0,"turns":2.0},{"damage":0.0,"enemies":"Gremlin Nob","floor":6.0,"turns":3.0},{"damage":5.0,"enemies":"3 Louse","floor":8.0,"turns":2.0},{"damage":0.0,"enemies":"Slime Boss","floor":16.0,"turns":6.0},{"damage":9.0,"enemies":"Chosen","floor":18.0,"turns":3.0},{"damage":27.0,"enemies":"2 Thieves","floor":19.0,"turns":2.0},{"damage":20.0,"enemies":"Centurion and Healer","floor":20.0,"turns":5.0},{"damage":30.0,"enemies":"Shelled Parasite and Fungi","floor":23.0,"turns":3.0},{"damage":39.0,"enemies":"Gremlin Leader","floor":27.0,"turns":7.0},{"damage":81,"enemies":"Slavers","floor":29,"turns":4},{"damage":32,"enemies":"3 Cultists","floor":31,"turns":5},{"damage":43,"enemies":"Champ","floor":33,"turns":8},{"damage":10,"enemies":"3 Shapes","floor":35,"turns":4},{"damage":6,"enemies":"Orb Walker","floor":36,"turns":3},{"damage":53,"enemies":"Jaw Worm Horde","floor":39,"turns":3},{"damage":78,"enemies":"Nemesis","floor":41,"turns":5},{"damage":14,"enemies":"Mind Bloom Boss Battle","floor":45,"turns":6},{"damage":167,"enemies":"Awakened One","floor":50,"turns":12}],"seed_played":"-7729020535872569725","potions_obtained":[{"floor":5.0,"key":"CalmPotion"},{"floor":6.0,"key":"BlessingOfTheForge"},{"floor":16.0,"key":"Regen Potion"},{"floor":23.0,"key":"Strength Potion"},{"floor":37,"key":"DistilledChaos"},{"floor":45,"key":"EntropicBrew"}],"is_trial":false,"path_per_floor":["M","?","M","M","M","E","R","M","T","R","?","?","R","$","R","B",null,"M","M","M","?","?","M","?","$","T","E","R","E","$","M","R","B",null,"M","M","?","$","M","R","E","R","T","?","?","?","$","?","R","B",null],"character_chosen":"DEFECT","items_purchased":["Defragment","testmod-Recap","testmod-ChaoticCore","Echo Form","Apotheosis","Skim","Defragment"],"campfire_rested":0,"item_purchase_floors":[14,14,25,30,38,38,47],"current_hp_per_floor":[75,60,60,60,56,58,58,55,55,55,55,55,55,55,55,55,79,78,74,81,81,81,74,81,81,81,83,83,85,85,72,72,87,87,83,80,80,80,56,83,93,93,93,93,95,95,95,90,90,90],"gold":35,"neow_bonus":"THREE_ENEMY_KILL","is_daily":false,"chose_seed":false,"campfire_upgraded":9,"win_rate":0.0,"timestamp":1612790122,"path_taken":["M","?","M","M","M","E","R","M","T","R","?","?","R","$","R","BOSS","M","M","M","?","?","M","?","$","T","E","R","E","$","M","R","BOSS","M","M","?","$","M","R","E","R","T","?","?","?","$","?","R","BOSS"],"items_purchased_type":["Card","Card","Card","Card","Card","Card","Card"],"build_version":"2020-12-22","purchased_purges":2,"victory":true,"max_hp_per_floor":[75,75,75,75,75,77,77,79,79,79,79,79,79,79,79,79,79,79,79,81,81,81,81,81,81,81,83,83,85,85,87,87,87,87,89,89,89,89,91,91,93,93,93,93,95,95,95,90,90,90],"card_choices":[{"not_picked":["Leap","Rebound"],"picked":"Cold Snap","floor":1.0},{"not_picked":["Rebound","Sweeping Beam"],"picked":"Ball Lightning","floor":3.0},{"not_picked":["Sweeping Beam","Barrage"],"picked":"Go for the Eyes","floor":4.0},{"not_picked":["Streamline","Undo"],"picked":"Coolheaded","floor":5.0},{"not_picked":["Aggregate","Amplify","Gash"],"picked":"Singing Bowl","floor":6.0},{"not_picked":["Doom and Gloom","Reinforced Body","Beam Cell"],"picked":"Singing Bowl","floor":8.0},{"not_picked":["Fission","Meteor Strike"],"picked":"Electrodynamics","floor":16.0},{"not_picked":["Sunder","Fusion+1"],"picked":"Redo","floor":18.0},{"not_picked":["Sunder","Blizzard"],"picked":"White Noise","floor":19.0},{"not_picked":["Compile Driver","Leap","Beam Cell"],"picked":"Singing Bowl","floor":20.0},{"not_picked":["Coolheaded","Gash"],"picked":"Conserve Battery","floor":23.0},{"not_picked":["Cold Snap","Steam+1","Rebound"],"picked":"Singing Bowl","floor":27.0},{"not_picked":["Barrage","Coolheaded","Doom and Gloom"],"picked":"Singing Bowl","floor":29},{"not_picked":["FTL+1","Barrage","Rebound+1"],"picked":"Singing Bowl","floor":31},{"not_picked":["Electrodynamics","Machine Learning"],"picked":"Creative AI","floor":33},{"not_picked":["Hologram"],"picked":"Singing Bowl","floor":35},{"not_picked":[],"picked":"Heatsinks","floor":36},{"not_picked":["Barrage+1"],"picked":"Singing Bowl","floor":39},{"not_picked":["Leap"],"picked":"Singing Bowl","floor":41},{"not_picked":["Stack+1"],"picked":"Singing Bowl","floor":45}],"player_experience":237066,"relics_obtained":[{"floor":6.0,"key":"Singing Bowl"},{"floor":9.0,"key":"Juzu Bracelet"},{"floor":26.0,"key":"Tea:ReiMu"},{"floor":27.0,"key":"ScarletDevilRocket"},{"floor":41,"key":"Blue Candle"},{"floor":43,"key":"Shuriken"},{"floor":45,"key":"Turnip"}],"event_choices":[{"damage_healed":0.0,"max_hp_gain":0.0,"max_hp_loss":0.0,"gold_gain":0.0,"event_name":"Shining Light","player_choice":"Entered Light","floor":2.0,"gold_loss":0.0,"damage_taken":15.0,"cards_upgraded":["Defend_B","Strike_B"]},{"damage_healed":0.0,"max_hp_gain":0.0,"max_hp_loss":0.0,"gold_gain":175.0,"event_name":"Liars Game","player_choice":"AGREE","floor":11.0,"gold_loss":0.0,"damage_taken":0.0,"cards_obtained":["Doubt"]},{"damage_healed":0.0,"max_hp_gain":0.0,"max_hp_loss":0.0,"gold_gain":0.0,"event_name":"Upgrade Shrine","player_choice":"Upgraded","floor":12.0,"gold_loss":0.0,"damage_taken":0.0,"cards_upgraded":["Zap"]},{"damage_healed":0.0,"max_hp_gain":0.0,"max_hp_loss":0.0,"gold_gain":0.0,"event_name":"Addict","player_choice":"Obtained Relic","floor":21.0,"gold_loss":85.0,"damage_taken":0.0,"relics_obtained":["The Courier"]},{"cards_removed":["Strike_B"],"damage_healed":0.0,"max_hp_gain":0.0,"max_hp_loss":0.0,"gold_gain":0.0,"event_name":"Back to Basics","player_choice":"Elegance","floor":22.0,"gold_loss":0.0,"damage_taken":0.0},{"damage_healed":0,"gold_gain":0,"player_choice":"Got Potions","damage_taken":0,"max_hp_gain":0,"max_hp_loss":0,"event_name":"Lab","floor":37,"gold_loss":0},{"damage_healed":0,"gold_gain":0,"player_choice":"Fight","damage_taken":0,"max_hp_gain":0,"max_hp_loss":0,"event_name":"MindBloom","floor":45,"gold_loss":0},{"cards_removed":["Ball Lightning"],"damage_healed":0,"gold_gain":0,"player_choice":"Removed Attack","damage_taken":0,"max_hp_gain":0,"max_hp_loss":0,"event_name":"Falling","floor":46,"gold_loss":0},{"damage_healed":0,"gold_gain":0,"player_choice":"Max HP","damage_taken":0,"max_hp_gain":0,"max_hp_loss":5,"event_name":"Winding Halls","floor":48,"gold_loss":0}],"is_beta":false,"boss_relics":[{"not_picked":["testmod-Temperance","testmod-HarvestTotem"],"picked":"testmod-TimeTraveler"},{"not_picked":["Fusion Hammer","RedLine:ReiMu"],"picked":"Busted Crown"}],"items_purged_floors":[14,47],"is_endless":false,"potions_floor_spawned":[5,6,16,18,19,23,41,45],"ascension_level":0}}