{"host":"csn9i02amg5zm780","time":1612795747,"event":{"mods":["2.2 Compatiblity","AchievementEnabler","Aspiration","BaseMod","Better Third Choice","Bossed Relics","Colored Map","Colored Powertips","Curses Come First","Dark Map","Defuse TimeMaze Blight","Evolution","Halation","Highlight Path","Minty Spire (QoL Compilation)","Permanent Neow","Poor People Problems","Quick Restart","Rare Cards Sparkle","Relic Stats","Reliquary","Shade Mod","Spire Arcade","StSLib","Transform Curses","Waifu the Spire","Weighted Paths"],"gold_per_floor":[117,117,135,155,168,181,181,198,266,266,283,0,27,27,27,122,122,133,133,133,63,63,94,94,113,137,137,152,152,179,199,199,295,295,306,324,27,27,44,44,44,44,123,123,138,151,151,170,170,170,170,170,15,15,15],"floor_reached":54,"language":"ENG","playtime":5656,"items_purged":["Pain"],"score":679,"play_id":"f56a0687-5876-4457-94ed-67f32ca297f1","local_time":"20210208154906","is_ascension_mode":false,"campfire_choices":[{"data":"Shade:SensePrey","floor":7,"key":"SMITH"},{"floor":10,"key":"RECALL"},{"data":"Shade:AuraOfUnlife","floor":15,"key":"SMITH"},{"data":"Shade:LichForm","floor":24,"key":"SMITH"},{"floor":27,"key":"REST"},{"floor":29,"key":"REST"},{"floor":32,"key":"REST"},{"data":"Enlightenment","floor":40,"key":"SMITH"},{"data":"Shade:OminousRitual","floor":42,"key":"SMITH"},{"data":"Shade:SoulPierce","floor":44,"key":"SMITH"},{"floor":49,"key":"REST"},{"data":"Shade:FreshBones","floor":52,"key":"SMITH"}],"circlet_count":0,"master_deck":["Shade:Strike_Shade+1","Shade:Strike_Shade+1","Shade:Strike_Shade+1","Shade:Strike_Shade","Shade:Defend_Shade+1","Shade:Defend_Shade","Shade:AnimateDead+1","Shade:CarefulCut+1","Shade:Bonestorm","Shade:FreshBones+1","Shade:GraveStillness+1","Shade:FleshToFlesh+1","Shade:SensePrey+1","Shade:CoffinDance+1","Shade:WallOfFlesh+1","Enlightenment+1","Shade:AuraOfUnlife+1","Shade:SoulPierce+1","Shade:OminousRitual+1","Shade:FleshOffering+1","Writhe","Shade:SpectralStrikes+1","Shade:LichForm+1","Shade:CallWraith+1","Shade:Excise+1","Shade:WallOfFlesh+1","Shade:SkeletonHug+1","Shade:Consume+1","Shade:ScuttlingHand+1","Shade:ExtraLimbs+1","Shade:Excise+1","Shade:FreshBones+1","Writhe","Parasite","Shade:AuraOfUnlife+1","Shade:GraveStillness+1","Shade:CloudOfShrapnel+1","Shade:WallOfFlesh+1","Shade:PotionOfRestlessness"],"relics":["Shade:YorickSkull","EVO:Axolotl","reliquary:Buckler","halation:TwoAmDonut","Toxic Egg 2","Cursed Key","reliquary:NewFriend","Nilry\u0027s Codex","Lantern","Oddly Smooth Stone","halation:WeightlessCrab","halation:HeavySnake","reliquary:PurpleTingedLeaf","Kunai"],"acts_visited":["Exordium","TheCity","TheBeyond","TheEnding"],"potions_floor_usage":[18,23,23,30,48,50,54],"damage_taken":[{"damage":0,"enemies":"2 Louse","floor":1,"turns":3},{"damage":0,"enemies":"Cultist","floor":3,"turns":3},{"damage":0,"enemies":"Jaw Worm","floor":4,"turns":2},{"damage":0,"enemies":"Looter","floor":5,"turns":3},{"damage":0,"enemies":"Red Slaver","floor":6,"turns":3},{"damage":0,"enemies":"Exordium Wildlife","floor":8,"turns":3},{"damage":0,"enemies":"2 Fungi Beasts","floor":11,"turns":2},{"damage":4,"enemies":"Lagavulin","floor":13,"turns":8},{"damage":9,"enemies":"Hexaghost","floor":16,"turns":10},{"damage":0,"enemies":"2 Thieves","floor":18,"turns":4},{"damage":6,"enemies":"Slavers","floor":23,"turns":5},{"damage":20,"enemies":"Spheric Guardian","floor":25,"turns":6},{"damage":5,"enemies":"Snecko","floor":28,"turns":6},{"damage":45,"enemies":"Book of Stabbing","floor":30,"turns":8},{"damage":8,"enemies":"Centurion and Healer","floor":31,"turns":5},{"damage":42,"enemies":"Automaton","floor":33,"turns":11},{"damage":1,"enemies":"3 Darklings","floor":35,"turns":3},{"damage":0,"enemies":"3 Shapes","floor":36,"turns":4},{"damage":5,"enemies":"3 Darklings","floor":39,"turns":6},{"damage":1,"enemies":"Sphere and 2 Shapes","floor":45,"turns":5},{"damage":6,"enemies":"Maw","floor":46,"turns":10},{"damage":31,"enemies":"3 Darklings","floor":48,"turns":4},{"damage":45,"enemies":"Time Eater","floor":50,"turns":9},{"damage":82,"enemies":"Shield and Spear","floor":54,"turns":6}],"seed_played":"-8896096564425249332","potions_obtained":[{"floor":1,"key":"Dexterity Potion"},{"floor":3,"key":"Block Potion"},{"floor":11,"key":"DistilledChaos"},{"floor":18,"key":"AttackPotion"},{"floor":30,"key":"Explosive Potion"},{"floor":35,"key":"PowerPotion"},{"floor":45,"key":"SteroidPotion"}],"is_trial":false,"path_per_floor":["M","?","M","M","M","M","R","M","T","R","M","?","E","?","R","B",null,"M","?","?","$","?","E","R","M","T","R","M","R","E","M","R","B",null,"M","M","$","?","M","R","T","R","T","R","M","M","?","M","R","B",null,"R","$","E"],"character_chosen":"SHADE","items_purchased":["Shade:SpectralStrikes","reliquary:PurpleTingedLeaf","Shade:Excise+1","Shade:PotionOfRestlessness"],"campfire_rested":4,"item_purchase_floors":[21,37,37,53],"current_hp_per_floor":[65,65,65,65,65,65,65,65,65,65,65,71,67,67,67,58,71,71,71,55,55,65,59,59,39,39,61,56,76,31,23,45,3,76,75,75,75,75,72,72,72,72,72,72,72,75,75,47,69,30,76,76,76,0,0],"gold":15,"neow_bonus":"RANDOM_COMMON_RELIC","is_daily":false,"chose_seed":false,"campfire_upgraded":7,"win_rate":0.0,"timestamp":1612795746,"path_taken":["M","?","M","M","M","M","R","M","T","R","?","?","E","?","R","BOSS","M","?","?","$","?","E","R","M","T","R","M","R","E","M","R","BOSS","M","M","$","?","?","R","?","R","T","R","M","M","?","M","R","BOSS","R","$","E"],"items_purchased_type":["Card","Relic","Card","Card"],"build_version":"2020-12-22","purchased_purges":1,"victory":false,"max_hp_per_floor":[65,65,65,65,65,65,65,65,65,65,65,71,71,71,71,71,71,71,71,71,71,76,76,76,76,76,76,76,76,76,76,76,76,76,76,76,76,76,76,76,76,76,76,76,76,76,76,76,76,76,76,76,76,76,76],"relic_stats":{"counters":[24,128],"Kunai":[7],"Cursed Key":3,"obtain_stats":[{"Lantern":23,"Shade:YorickSkull":0,"Nilry\u0027s Codex":20,"Oddly Smooth Stone":26,"halation:WeightlessCrab":30,"EVO:Axolotl":0,"Cursed Key":17,"halation:HeavySnake":34,"reliquary:Buckler":0,"reliquary:NewFriend":19,"halation:TwoAmDonut":9,"Kunai":43,"Toxic Egg 2":13,"reliquary:PurpleTingedLeaf":37},{"Lantern":11,"Shade:YorickSkull":0,"Nilry\u0027s Codex":10,"Oddly Smooth Stone":12,"halation:WeightlessCrab":14,"EVO:Axolotl":0,"Cursed Key":9,"halation:HeavySnake":16,"reliquary:Buckler":0,"reliquary:NewFriend":10,"halation:TwoAmDonut":6,"Kunai":19,"Toxic Egg 2":8,"reliquary:PurpleTingedLeaf":18},{"Lantern":46,"Shade:YorickSkull":0,"Nilry\u0027s Codex":41,"Oddly Smooth Stone":52,"halation:WeightlessCrab":66,"EVO:Axolotl":0,"Cursed Key":37,"halation:HeavySnake":82,"reliquary:Buckler":0,"reliquary:NewFriend":41,"halation:TwoAmDonut":17,"Kunai":95,"Toxic Egg 2":27,"reliquary:PurpleTingedLeaf":89}]},"card_choices":[{"not_picked":["Shade:Patience","Shade:FingerOfDeath"],"picked":"Shade:Bonestorm","floor":1},{"not_picked":["Shade:Brains","Shade:Asphyxiate"],"picked":"Shade:FreshBones","floor":3},{"not_picked":["Shade:DangerousRitual","Shade:ScuttlingHand"],"picked":"Shade:GraveStillness","floor":4},{"not_picked":["Shade:Bonestorm","Shade:CoffinDance"],"picked":"Shade:FleshToFlesh","floor":5},{"not_picked":["Shade:ClawBack","Shade:FreshBones"],"picked":"Shade:SensePrey","floor":6},{"not_picked":["Shade:Premonition","Shade:FreshBones"],"picked":"Shade:CoffinDance","floor":8},{"not_picked":["Shade:Doomsay","Shade:BoneShards"],"picked":"Shade:WallOfFlesh","floor":11},{"not_picked":["Shade:Bite_Shade","Shade:SoulToxin+1"],"picked":"Shade:AuraOfUnlife","floor":13},{"not_picked":["Shade:OneIsEnough","Shade:DarkOfNight+1"],"picked":"Shade:OminousRitual","floor":16},{"not_picked":["Shade:GraveStillness+1","Shade:SoulToxin+1"],"picked":"Shade:FleshOffering+1","floor":18},{"not_picked":["Shade:FuneraryArmor+1","Shade:GreaterAnimation"],"picked":"Shade:LichForm","floor":23},{"not_picked":["Shade:Asphyxiate","Shade:ExtraLimbs+1"],"picked":"Shade:CallWraith+1","floor":25},{"not_picked":["Shade:PressTheAttack","Shade:Awaken+1"],"picked":"Shade:Excise+1","floor":28},{"not_picked":["Shade:SanguineRitual+1","Shade:GreyBargain+1"],"picked":"Shade:WallOfFlesh+1","floor":30},{"not_picked":["Shade:SpectralStrikes","Shade:Trample+1"],"picked":"Shade:SkeletonHug","floor":31},{"not_picked":["Shade:LastGasp+1","Shade:OneIsEnough"],"picked":"Shade:Consume","floor":33},{"not_picked":["Shade:Premonition+1","Shade:CommandSoldier+1"],"picked":"Shade:ScuttlingHand","floor":35},{"not_picked":["Shade:SpectralStrikes","Shade:GreyBargain+1"],"picked":"Shade:ExtraLimbs+1","floor":36},{"not_picked":["Shade:FleshToFlesh+1","Shade:LyeBath+1"],"picked":"Shade:FreshBones+1","floor":39},{"not_picked":["Shade:GraveStillness+1","Shade:LyeBath+1"],"picked":"Shade:AuraOfUnlife+1","floor":45},{"not_picked":["Shade:FreshBones+1","Shade:SkeletonHug+1"],"picked":"Shade:GraveStillness+1","floor":46},{"not_picked":["Shade:CoffinDance","Shade:SkeletonHug+1"],"picked":"Shade:WallOfFlesh+1","floor":48}],"player_experience":56237,"relics_obtained":[{"floor":9,"key":"halation:TwoAmDonut"},{"floor":13,"key":"Toxic Egg 2"},{"floor":20,"key":"Nilry\u0027s Codex"},{"floor":23,"key":"Lantern"},{"floor":26,"key":"Oddly Smooth Stone"},{"floor":30,"key":"halation:WeightlessCrab"},{"floor":43,"key":"Kunai"}],"event_choices":[{"damage_healed":0,"gold_gain":0,"player_choice":"Bought 0 Potions","damage_taken":0,"max_hp_gain":0,"max_hp_loss":0,"event_name":"The Woman in Blue","floor":2,"gold_loss":0},{"damage_healed":0,"gold_gain":0,"player_choice":"RENOUNCE","damage_taken":283,"max_hp_gain":0,"max_hp_loss":0,"event_name":"betterThird:BetterSerpent","floor":12,"gold_loss":283,"cards_obtained":["Enlightenment"]},{"damage_healed":0,"gold_gain":0,"cards_transformed":["Shade:Defend_Shade"],"player_choice":"Transformed","damage_taken":0,"max_hp_gain":0,"max_hp_loss":0,"event_name":"Transmorgrifier","floor":14,"gold_loss":0,"cards_obtained":["Shade:SoulPierce"]},{"damage_healed":0,"gold_gain":0,"player_choice":"Opened","damage_taken":0,"relics_obtained":["reliquary:NewFriend"],"max_hp_gain":0,"max_hp_loss":0,"event_name":"The Mausoleum","floor":19,"gold_loss":0,"cards_obtained":["Writhe"]},{"damage_healed":0,"gold_gain":0,"player_choice":"Obtained Book","damage_taken":16,"max_hp_gain":0,"max_hp_loss":0,"event_name":"Cursed Tome","floor":20,"gold_loss":0},{"damage_healed":0,"gold_gain":0,"player_choice":"Upgraded","damage_taken":0,"max_hp_gain":0,"max_hp_loss":0,"event_name":"Upgrade Shrine","floor":38,"gold_loss":0,"cards_upgraded":["Shade:SpectralStrikes"]},{"damage_healed":0,"gold_gain":0,"cards_transformed":["Shade:Defend_Shade"],"player_choice":"Transformed","damage_taken":0,"max_hp_gain":0,"max_hp_loss":0,"event_name":"Transmorgrifier","floor":47,"gold_loss":0,"cards_obtained":["Shade:CloudOfShrapnel"]}],"is_beta":false,"boss_relics":[{"not_picked":["aspiration:SilentSkillbook","Runic Pyramid"],"picked":"Cursed Key"},{"not_picked":["Tiny House","aspiration:WatcherSkillbook"],"picked":"halation:HeavySnake"}],"items_purged_floors":[53],"is_endless":false,"potions_floor_spawned":[1,3,11,13,18,30,35,45],"killed_by":"Shield and Spear","ascension_level":0}}