{"host":"cjhtzh7tp54jdfyv","time":1612746003,"event":{"mods":["AchievementEnabler","BaseMod","Colored Map","Colored Powertips","Curses Come First","DeckTracker","Minty Spire (QoL Compilation)","RNG Fix","Relic Sorter","Relic Stats","StSLib","UnlockEverythingMod","ojb\u0027s Better Paths Mod","ojb\u0027s Info Mod"],"gold_per_floor":[114,132,145,145,145,145,178,178,178,205,216,216,216,291,291,385,385,410,410,325,345,345,345,680,680,680],"floor_reached":25,"language":"ENG","playtime":5673,"items_purged":[],"score":454,"play_id":"8a7a518a-4433-4ec8-813b-58bd1912f68e","local_time":"20210207200003","is_ascension_mode":true,"campfire_choices":[{"data":"All Out Attack","floor":6,"key":"SMITH"},{"data":"Dash","floor":8,"key":"SMITH"},{"data":"Envenom","floor":12,"key":"SMITH"},{"floor":15,"key":"REST"},{"floor":23,"key":"REST"}],"circlet_count":0,"master_deck":["AscendersBane","Strike_G","Strike_G","Strike_G","Strike_G+1","Strike_G+1","Defend_G","Defend_G","Defend_G+1","Defend_G","Defend_G","Survivor+1","Neutralize","All Out Attack+1","Neutralize","Dash+1","Envenom+1","Dagger Spray","Burst","Bullet Time"],"relics":["Ring of the Serpent","Whetstone","Sundial","War Paint","Tiny Chest","Regal Pillow","Golden Idol","Nunchaku","Anchor","Old Coin"],"acts_visited":["Exordium","TheCity"],"potions_floor_usage":[7,16,24,25],"damage_taken":[{"damage":0,"enemies":"Cultist","floor":1,"turns":3},{"damage":0,"enemies":"Jaw Worm","floor":2,"turns":5},{"damage":6,"enemies":"2 Louse","floor":3,"turns":3},{"damage":9,"enemies":"Gremlin Nob","floor":7,"turns":3},{"damage":9,"enemies":"3 Sentries","floor":10,"turns":6},{"damage":1,"enemies":"Looter","floor":11,"turns":3},{"damage":50,"enemies":"Slime Boss","floor":16,"turns":8},{"damage":19,"enemies":"Spheric Guardian","floor":18,"turns":6},{"damage":26,"enemies":"2 Thieves","floor":21,"turns":5},{"damage":49,"enemies":"Slavers","floor":24,"turns":5},{"damage":14,"enemies":"Snecko","floor":25,"turns":3}],"seed_played":"-3574068417480393719","potions_obtained":[{"floor":1,"key":"ColorlessPotion"},{"floor":3,"key":"FearPotion"},{"floor":16,"key":"Dexterity Potion"},{"floor":21,"key":"FairyPotion"},{"floor":24,"key":"EssenceOfSteel"}],"is_trial":false,"path_per_floor":["M","M","M","?","?","R","E","R","T","E","M","R","?","?","R","B",null,"M","T","?","M","?","R","E","M"],"character_chosen":"THE_SILENT","items_purchased":[],"campfire_rested":2,"item_purchase_floors":[],"current_hp_per_floor":[59,59,53,53,53,53,44,44,44,35,34,34,34,23,56,6,47,28,28,28,2,2,35,14,0,0],"gold":680,"neow_bonus":"RANDOM_COMMON_RELIC","is_daily":false,"chose_seed":false,"campfire_upgraded":3,"win_rate":0.0,"timestamp":1612746003,"path_taken":["M","M","M","?","?","R","E","R","T","E","?","R","?","?","R","BOSS","M","?","?","M","?","R","E","?"],"items_purchased_type":[],"build_version":"2020-12-22","purchased_purges":0,"victory":false,"max_hp_per_floor":[66,66,66,66,66,66,66,66,66,66,66,66,60,60,60,60,60,60,60,60,60,60,60,60,60,60],"relic_stats":{"Regal Pillow":30,"Nunchaku":[3],"counters":[11,50],"Sundial":[4],"Golden Idol":35,"Tiny Chest":1,"Whetstone":["Strike_G","Strike_G"],"War Paint":["Defend_G","Survivor"],"obtain_stats":[{"Regal Pillow":10,"Nunchaku":19,"Anchor":20,"Sundial":5,"Golden Idol":13,"Tiny Chest":9,"Whetstone":0,"War Paint":7,"Ring of the Serpent":17,"Ring of the Snake":0,"Old Coin":24},{"Regal Pillow":5,"Nunchaku":8,"Anchor":8,"Sundial":3,"Golden Idol":6,"Tiny Chest":4,"Whetstone":0,"War Paint":4,"Ring of the Serpent":7,"Ring of the Snake":0,"Old Coin":10},{"Regal Pillow":20,"Nunchaku":37,"Anchor":37,"Sundial":11,"Golden Idol":23,"Tiny Chest":14,"Whetstone":0,"War Paint":14,"Ring of the Serpent":31,"Ring of the Snake":0,"Old Coin":47}]},"card_choices":[{"not_picked":["Flechettes","Well Laid Plans","Cloak And Dagger"],"picked":"SKIP","floor":1},{"not_picked":["Cloak And Dagger","Expertise"],"picked":"All Out Attack","floor":2},{"not_picked":["Expertise","Concentrate","Dodge and Roll"],"picked":"SKIP","floor":3},{"not_picked":["Expertise","Concentrate","Dodge and Roll"],"picked":"SKIP","floor":3},{"not_picked":["Backflip","Dagger Throw"],"picked":"Dash","floor":7},{"not_picked":["Footwork","Distraction"],"picked":"Envenom","floor":10},{"not_picked":["Setup","Outmaneuver"],"picked":"Dagger Spray","floor":11},{"not_picked":["A Thousand Cuts","Doppelganger"],"picked":"Burst","floor":16},{"not_picked":["Cloak And Dagger","Poisoned Stab","Slice"],"picked":"SKIP","floor":18},{"not_picked":["Dagger Throw","Well Laid Plans","Underhanded Strike"],"picked":"SKIP","floor":21},{"not_picked":["Blur","Deadly Poison"],"picked":"Bullet Time","floor":24}],"player_experience":4773878,"relics_obtained":[{"floor":7,"key":"War Paint"},{"floor":9,"key":"Tiny Chest"},{"floor":10,"key":"Regal Pillow"},{"floor":19,"key":"Nunchaku"},{"floor":24,"key":"Old Coin"}],"event_choices":[{"damage_healed":0,"gold_gain":0,"player_choice":"1 cards matched","damage_taken":0,"max_hp_gain":0,"max_hp_loss":0,"event_name":"Match and Keep!","floor":4,"gold_loss":0,"cards_obtained":["Neutralize"]},{"damage_healed":0,"gold_gain":0,"player_choice":"Box","damage_taken":0,"relics_obtained":["Sundial"],"max_hp_gain":0,"max_hp_loss":0,"event_name":"Big Fish","floor":5,"gold_loss":0,"cards_obtained":["Regret"]},{"damage_healed":0,"gold_gain":0,"player_choice":"Lose Max HP","damage_taken":0,"relics_obtained":["Golden Idol"],"max_hp_gain":0,"max_hp_loss":6,"event_name":"Golden Idol","floor":13,"gold_loss":0},{"damage_healed":0,"gold_gain":75,"player_choice":"Gather Gold","damage_taken":11,"max_hp_gain":0,"max_hp_loss":0,"event_name":"World of Goop","floor":14,"gold_loss":0},{"damage_healed":0,"gold_gain":0,"player_choice":"Obtained Relic","damage_taken":0,"relics_obtained":["Anchor"],"max_hp_gain":0,"max_hp_loss":0,"event_name":"Addict","floor":20,"gold_loss":85},{"cards_removed":["Regret"],"damage_healed":0,"gold_gain":0,"player_choice":"Purged","damage_taken":0,"max_hp_gain":0,"max_hp_loss":0,"event_name":"Purifier","floor":22,"gold_loss":0}],"is_beta":false,"boss_relics":[{"not_picked":["Velvet Choker","Sozu"],"picked":"Ring of the Serpent"}],"items_purged_floors":[],"is_endless":false,"potions_floor_spawned":[1,3,16,21,24],"killed_by":"Snecko","ascension_level":20}}