{"host":"s35nwqpfw06w1dve","time":1612810745,"event":{"mods":["Ascension Reborn","Aspiration","BaseMod","Colored Map","Friendly Minions","GungeonMod","Hermit","Kiyohime£¨?ýï£©","Koishi","Marisa£¨Ùöéë¡¡Øª×âÞÞ£©","Minty Spire (QoL Compilation)","Replay The Spire","StSLib"],"gold_per_floor":[109,128,78,78,88,88,100,135,159,182,215,233,233,88,88,217,217,242,242,260,22,40,65,84,111,111,160,181,199,199,225,225,324,324,352,300,333,400,439,474,493,518,591,662,683,683,715,727,727,727,727,727,314,349,349,349],"floor_reached":55,"language":"KOR","playtime":6420,"items_purged":["Injury","Sickly","DemoMod:Defend_Huntress"],"score":701,"play_id":"677c14c2-a858-4acf-9185-597801cf76a6","local_time":"20210209035904","is_ascension_mode":true,"campfire_choices":[{"data":"DemoMod:Roll","floor":6,"key":"SMITH"},{"floor":15,"key":"REST"},{"data":"DemoMod:PotionOfGunFriendShip","floor":30,"key":"SMITH"},{"floor":32,"key":"REST"},{"floor":46,"key":"RECALL"},{"floor":49,"key":"REST"},{"data":"DemoMod:ChanceBullets","floor":52,"key":"SMITH"}],"circlet_count":0,"master_deck":["DemoMod:Strike_Huntress","DemoMod:Defend_Huntress","DemoMod:Defend_Huntress","DemoMod:Defend_Huntress","DemoMod:Roll+1","DemoMod:ManualReload","DemoMod:RustySidearm","DemoMod:CrossBow","DemoMod:ZorGun+1","DemoMod:GunstockTap","DemoMod:FastSwitch","DemoMod:SAA","DemoMod:TeaPot","DemoMod:PotionOfGunFriendShip+1","DemoMod:DarkMarker","DemoMod:Desperate","DemoMod:ShadowBullets+1","DemoMod:SuppressiveFire","DemoMod:SniperShot","DemoMod:HungryBullets","DemoMod:ChanceBullets+1","DemoMod:MegaHand+1","DemoMod:BattleInHaste","DemoMod:FinishedGun+1","DemoMod:MachoBrace","DemoMod:CursedBullets","DemoMod:GunslingerForm","DemoMod:TeaPot+1","DemoMod:ProbeStrike+1","DemoMod:TeaPot+1","DemoMod:BalloonGun+1","DemoMod:Unmoved+1","Parasite","DemoMod:CursedBullets","DemoMod:ChanceBullets+1","DemoMod:FightSabre+1"],"relics":["DemoMod:Dog","Matryoshka","Orichalcum","Happy Flower","Pen Nib","Anchor","aspiration:FrozenJewel","Bloody Idol","Black Star","Membership Card","Chameleon Ring","Molten Egg 2","DemoMod:HoleyGrail","Gremlin Horn","Iron Hammer","DemoMod:ClearGuonStone","ChewingGum","Mercury Hourglass","ReplayTheSpireMod:CursedCoin","Boot","Replay:Kaleidoscope","Akabeko","Replay:Towering Pillar of Hats","Bottled Lightning","Replay:PocketPolymizer","ReplayTheSpireMod:Shallot","TheAbacus","White Beast Statue","Bag of Marbles","Replay:Wax Seal"],"acts_visited":["Exordium","TheCity","TheBeyond","TheEnding"],"potions_floor_usage":[8,16,22,33,40,54,55],"damage_taken":[{"damage":7,"enemies":"Cultist","floor":1,"turns":5},{"damage":1,"enemies":"Jaw Worm","floor":2,"turns":3},{"damage":1,"enemies":"2 Louse","floor":5,"turns":3},{"damage":0,"enemies":"2 Fungi Beasts","floor":7,"turns":2},{"damage":34,"enemies":"Gremlin Nob","floor":8,"turns":4},{"damage":22,"enemies":"Replay:BlueRogue","floor":11,"turns":6},{"damage":0,"enemies":"Exordium Thugs","floor":12,"turns":4},{"damage":14,"enemies":"Fading Forest","floor":16,"turns":11},{"damage":8,"enemies":"3 Byrds","floor":18,"turns":6},{"damage":2,"enemies":"Spheric Guardian","floor":20,"turns":3},{"damage":9,"enemies":"Centurion and Healer","floor":22,"turns":6},{"damage":19,"enemies":"Replay:Snechameleon","floor":23,"turns":8},{"damage":12,"enemies":"3 Cultists","floor":24,"turns":4},{"damage":21,"enemies":"Gremlin Leader","floor":25,"turns":7},{"damage":0,"enemies":"Sentry and Sphere","floor":28,"turns":3},{"damage":0,"enemies":"Centurion and Healer","floor":29,"turns":3},{"damage":0,"enemies":"3 Cultists","floor":31,"turns":4},{"damage":5,"enemies":"Champ","floor":33,"turns":7},{"damage":9,"enemies":"3 Shapes","floor":35,"turns":3},{"damage":2,"enemies":"Orb Walker","floor":37,"turns":5},{"damage":5,"enemies":"Orb Walker","floor":39,"turns":6},{"damage":0,"enemies":"Nemesis","floor":40,"turns":2},{"damage":0,"enemies":"Orb Walker","floor":41,"turns":2},{"damage":24,"enemies":"4 Shapes","floor":42,"turns":7},{"damage":6,"enemies":"Writhing Mass","floor":44,"turns":6},{"damage":0,"enemies":"Writhing Mass","floor":45,"turns":3},{"damage":14,"enemies":"Jaw Worm Horde","floor":47,"turns":3},{"damage":0,"enemies":"Transient","floor":48,"turns":5},{"damage":47,"enemies":"Replay:Hell Engine","floor":50,"turns":7},{"damage":0,"enemies":"Shield and Spear","floor":54,"turns":3},{"damage":142,"enemies":"The Heart","floor":55,"turns":5}],"seed_played":"6788103525413796082","potions_obtained":[{"floor":2,"key":"ColorlessPotion"},{"floor":7,"key":"Explosive Potion"},{"floor":11,"key":"Energy Potion"},{"floor":23,"key":"Elixir"},{"floor":25,"key":"AttackPotion"},{"floor":29,"key":"ColorlessPotion"},{"floor":33,"key":"SpeedPotion"},{"floor":35,"key":"FairyPotion"},{"floor":35,"key":"Cursed Concoction"},{"floor":41,"key":"Swift Potion"},{"floor":54,"key":"SteroidPotion"}],"is_trial":false,"path_per_floor":["M","M","?","?","M","R","M","E","T","T","E","M","?","$","R_BF","B",null,"M","?","M","$","M","E","M","E","T","T","M","M","R","M","R","B",null,"M","$","?","?","?","E","M","M","T","?","M","R","M","M","R","B",null,"R","$","E","B"],"character_chosen":"HUNTRESS","items_purchased":["DemoMod:DarkMarker","Membership Card","DemoMod:SniperShot","DemoMod:HungryBullets","Mercury Hourglass","ReplayTheSpireMod:CursedCoin","DemoMod:TeaPot+1","ReplayTheSpireMod:Shallot","TheAbacus","White Beast Statue","Explosive Potion"],"campfire_rested":3,"item_purchase_floors":[14,21,21,21,36,36,36,53,53,53,53],"current_hp_per_floor":[63,62,62,62,61,61,61,27,27,27,5,5,5,5,26,22,70,62,62,65,65,61,47,40,24,24,29,34,39,39,44,65,65,70,66,70,70,47,47,52,57,38,43,42,47,47,38,43,64,17,70,70,70,70,0,0],"gold":349,"neow_bonus":"TRANSFORM_CARD","is_daily":false,"chose_seed":false,"campfire_upgraded":3,"win_rate":0.0,"timestamp":1612810744,"path_taken":["M","M","?","?","M","R","?","E","T","?","E","M","?","$","R_BF","BOSS","M","?","M","$","M","E","M","E","T","?","M","M","R","M","R","BOSS","M","$","?","?","?","E","M","M","T","?","M","R","?","M","R","BOSS","R","$","E","BOSS"],"items_purchased_type":["Card","Relic","Card","Card","Relic","Relic","Card","Relic","Relic","Relic","Potion"],"build_version":"2020-12-22","purchased_purges":3,"victory":false,"max_hp_per_floor":[70,70,70,70,70,70,70,70,70,70,70,70,70,70,70,70,70,70,70,70,70,70,70,70,70,70,70,70,70,70,70,70,70,70,70,70,70,70,70,70,70,70,70,70,70,70,70,70,70,70,70,70,70,70,70,70],"card_choices":[{"not_picked":["DemoMod:HardPowerCard","DemoMod:StickyCrossBow"],"picked":"DemoMod:GunstockTap","floor":1},{"not_picked":["DemoMod:Unity","DemoMod:AC15"],"picked":"DemoMod:FastSwitch","floor":2},{"not_picked":["DemoMod:AWP","DemoMod:Polaris","DemoMod:CombinedRifle"],"picked":"SKIP","floor":5},{"not_picked":["DemoMod:FastSwitch","DemoMod:BoxingGlove"],"picked":"DemoMod:SAA","floor":7},{"not_picked":["DemoMod:JK47","DemoMod:Polaris"],"picked":"DemoMod:TeaPot","floor":8},{"not_picked":["DemoMod:FastSwitch","DemoMod:Ejector"],"picked":"DemoMod:PotionOfGunFriendShip","floor":11},{"not_picked":["DemoMod:PotionOfGunFriendShip","DemoMod:FastSwitch","DemoMod:DirectionalPad"],"picked":"SKIP","floor":12},{"not_picked":["DemoMod:ThirdPartyController","DemoMod:BlackHoleGun"],"picked":"DemoMod:Desperate","floor":16},{"not_picked":["DemoMod:TripleGun","DemoMod:MegaHand+1"],"picked":"DemoMod:ShadowBullets+1","floor":18},{"not_picked":["DemoMod:HardPowerCard","DemoMod:Unmoved+1"],"picked":"DemoMod:SuppressiveFire","floor":20},{"not_picked":["DemoMod:Purify","DemoMod:EasyReloadBullets"],"picked":"DemoMod:ChanceBullets","floor":22},{"not_picked":["DemoMod:GunShield","DemoMod:HuntsMan+1"],"picked":"DemoMod:MegaHand+1","floor":23},{"not_picked":["DemoMod:StickyCrossBow+1","DemoMod:DirectionalPad+1"],"picked":"DemoMod:BattleInHaste","floor":24},{"not_picked":["DemoMod:SuppressiveFire","DemoMod:Purify+1"],"picked":"DemoMod:FinishedGun+1","floor":25},{"not_picked":["DemoMod:HardPowerCard","DemoMod:Unmoved+1"],"picked":"DemoMod:MachoBrace","floor":28},{"not_picked":["DemoMod:AC15+1","DemoMod:GunstockTap+1"],"picked":"DemoMod:CursedBullets","floor":29},{"not_picked":["DemoMod:AWP+1","DemoMod:AC15+1","DemoMod:Ejector"],"picked":"SKIP","floor":31},{"not_picked":["DemoMod:FullFirepower","DemoMod:Elimentaler+1"],"picked":"DemoMod:GunslingerForm","floor":33},{"not_picked":["DemoMod:EasyReloadBullets+1","DemoMod:AWP+1","DemoMod:HardPowerCard"],"picked":"SKIP","floor":35},{"not_picked":["DemoMod:HardPowerCard","DemoMod:ConditionalReflex"],"picked":"DemoMod:ProbeStrike+1","floor":37},{"not_picked":["DemoMod:TeaPot+1","DemoMod:JK47+1","DemoMod:Ejector"],"picked":"SKIP","floor":39},{"not_picked":["DemoMod:EasyReloadBullets","DemoMod:Unmoved+1"],"picked":"DemoMod:TeaPot+1","floor":40},{"not_picked":["DemoMod:BattleInHaste+1","DemoMod:MegaHand+1"],"picked":"DemoMod:BalloonGun+1","floor":41},{"not_picked":["DemoMod:Ejector+1","DemoMod:DoubleSwitch","DemoMod:ZorGun+1"],"picked":"SKIP","floor":42},{"not_picked":["DemoMod:Ejector","DemoMod:DirectionalPad+1"],"picked":"DemoMod:Unmoved+1","floor":44},{"not_picked":["DemoMod:TripleGun+1","DemoMod:HuntsMan+1"],"picked":"DemoMod:CursedBullets","floor":45},{"not_picked":["DemoMod:MachoBrace","DemoMod:EasyReloadBullets","DemoMod:Purify+1"],"picked":"SKIP","floor":47},{"not_picked":["DemoMod:HuntsMan+1","DemoMod:SkilledReload+1"],"picked":"DemoMod:ChanceBullets+1","floor":48},{"not_picked":["DemoMod:SuppressiveFire","DemoMod:DoubleSwitch"],"picked":"DemoMod:FightSabre+1","floor":54}],"player_experience":459185,"relics_obtained":[{"floor":8,"key":"Matryoshka"},{"floor":9,"key":"Orichalcum"},{"floor":9,"key":"Happy Flower"},{"floor":10,"key":"Pen Nib"},{"floor":10,"key":"Anchor"},{"floor":11,"key":"aspiration:FrozenJewel"},{"floor":23,"key":"Chameleon Ring"},{"floor":23,"key":"Molten Egg 2"},{"floor":25,"key":"DemoMod:HoleyGrail"},{"floor":25,"key":"Gremlin Horn"},{"floor":26,"key":"Iron Hammer"},{"floor":27,"key":"DemoMod:ClearGuonStone"},{"floor":38,"key":"Boot"},{"floor":39,"key":"Replay:Kaleidoscope"},{"floor":40,"key":"DemoMod:WeirdEgg"},{"floor":40,"key":"Replay:Towering Pillar of Hats"},{"floor":43,"key":"Bottled Lightning"},{"floor":44,"key":"Replay:PocketPolymizer"},{"floor":54,"key":"Bag of Marbles"},{"floor":54,"key":"Replay:Wax Seal"}],"event_choices":[{"cards_removed":["DemoMod:Strike_Huntress"],"damage_healed":0,"gold_gain":0,"player_choice":"Card Removal","damage_taken":0,"max_hp_gain":0,"max_hp_loss":0,"event_name":"The Cleric","floor":3,"gold_loss":50},{"damage_healed":0,"gold_gain":0,"player_choice":"Upgraded","damage_taken":0,"max_hp_gain":0,"max_hp_loss":0,"event_name":"Upgrade Shrine","floor":4,"gold_loss":0,"cards_upgraded":["DemoMod:ZorGun"]},{"damage_healed":0,"gold_gain":0,"player_choice":"Take Wound","damage_taken":0,"relics_obtained":["Golden Idol"],"max_hp_gain":0,"max_hp_loss":0,"event_name":"Golden Idol","floor":13,"gold_loss":0,"cards_obtained":["Injury"]},{"damage_healed":0,"gold_gain":0,"player_choice":"Gave Idol","damage_taken":0,"relics_obtained":["Bloody Idol"],"max_hp_gain":0,"max_hp_loss":0,"event_name":"Forgotten Altar","floor":19,"relics_lost":["Golden Idol"],"gold_loss":0}],"is_beta":false,"boss_relics":[{"not_picked":["Cursed Key","Replay:Drink Me"],"picked":"Black Star"},{"not_picked":["ReplayTheSpireMod:DimensionalGlitch","Replay:Wanted Poster"],"picked":"ChewingGum"}],"items_purged_floors":[21,36,53],"is_endless":false,"potions_floor_spawned":[2,7,11,23,25,29,33,35,35,41,47,54],"killed_by":"The Heart","ascension_level":0}}