{"host":"2zu58scgr3ekv4lr","time":1612827923,"event":{"mods":["AchievementEnabler","BaseMod","Minty Spire (QoL Compilation)","Quick Restart","StSLib","The Cursed"],"gold_per_floor":[118,130,130,130,19,51,51,78,78,111,130,130,130,140,140,244,244,260,175,52,64,76,76,102,117,141,141,157,190,62,78,78,181,181,201,75,89,18,1017,1017,1017,1017],"floor_reached":41,"language":"ENG","playtime":2287,"items_purged":["Strike_B","Strike_B","Strike_B","Dualcast"],"score":524,"play_id":"0aaac9c1-5e03-4d23-90e7-a874211f34bd","local_time":"20210209004523","is_ascension_mode":false,"campfire_choices":[{"floor":7,"key":"REST"},{"floor":12,"key":"REST"},{"data":"Loop","floor":15,"key":"SMITH"},{"data":"Double Energy","floor":23,"key":"SMITH"},{"floor":32,"key":"REST"},{"floor":40,"key":"REST"}],"circlet_count":0,"master_deck":["Defend_B","Defend_B","Defend_B","Zap","Loop+1","Capacitor+1","Undo","Ball Lightning","Steam","Reinforced Body","Rainbow","Cold Snap","Static Discharge+1","Double Energy+1","Genetic Algorithm+1","Melter","Ghostly","Ghostly","Ghostly","Ghostly","Ghostly","Sweeping Beam","Ball Lightning","Storm+1","Hologram+1","Meteor Strike","Defragment+1","Defragment+1","Self Repair+1","Normality","Normality"],"relics":["Cracked Core","NeowsBlessing","Frozen Egg 2","Smiling Mask","Bag of Marbles","Eternal Feather","Incense Burner","Sozu","Letter Opener","Bird Faced Urn","Toy Ornithopter","Toxic Egg 2","Empty Cage"],"acts_visited":["Exordium","TheCity","TheBeyond"],"potions_floor_usage":[29,37,37],"damage_taken":[{"damage":0,"enemies":"2 Louse","floor":1,"turns":1},{"damage":0,"enemies":"Small Slimes","floor":2,"turns":1},{"damage":0,"enemies":"Gremlin Nob","floor":6,"turns":1},{"damage":29,"enemies":"Lagavulin","floor":8,"turns":8},{"damage":20,"enemies":"Gremlin Nob","floor":10,"turns":4},{"damage":2,"enemies":"Jaw Worm","floor":11,"turns":4},{"damage":2,"enemies":"Exordium Wildlife","floor":14,"turns":4},{"damage":45,"enemies":"Slime Boss","floor":16,"turns":12},{"damage":0,"enemies":"Chosen","floor":18,"turns":5},{"damage":18,"enemies":"2 Thieves","floor":21,"turns":4},{"damage":33,"enemies":"Cultist and Chosen","floor":22,"turns":6},{"damage":21,"enemies":"Slavers","floor":24,"turns":6},{"damage":12,"enemies":"Centurion and Healer","floor":25,"turns":13},{"damage":12,"enemies":"Snake Plant","floor":28,"turns":4},{"damage":15,"enemies":"Book of Stabbing","floor":29,"turns":6},{"damage":6,"enemies":"3 Cultists","floor":31,"turns":5},{"damage":1,"enemies":"Collector","floor":33,"turns":11},{"damage":3,"enemies":"Orb Walker","floor":35,"turns":5},{"damage":37,"enemies":"3 Darklings","floor":37,"turns":4},{"damage":42,"enemies":"Giant Head","floor":41,"turns":9}],"seed_played":"8908664936125293319","potions_obtained":[{"floor":1,"key":"EssenceOfDarkness"},{"floor":6,"key":"SpeedPotion"},{"floor":8,"key":"LiquidBronze"},{"floor":16,"key":"EssenceOfSteel"}],"is_trial":false,"path_per_floor":["M","M","?","?","$","E","R","E","T","E","M","R","?","M","R","B",null,"M","?","$","M","M","R","E","M","T","?","M","E","$","M","R","B",null,"M","$","M","$","?","R","E"],"character_chosen":"DEFECT","items_purchased":["Capacitor+1","Static Discharge+1","Storm+1","Defragment+1","Self Repair+1"],"campfire_rested":4,"item_purchase_floors":[5,20,30,36,38],"current_hp_per_floor":[75,75,80,38,38,38,62,33,33,13,11,44,44,42,51,6,80,80,80,80,62,29,38,17,11,11,11,5,1,1,1,28,35,40,40,40,13,13,13,40,0,0],"gold":1017,"neow_bonus":"THREE_ENEMY_KILL","is_daily":false,"chose_seed":false,"campfire_upgraded":2,"win_rate":0.0,"timestamp":1612827923,"path_taken":["M","M","?","?","$","E","R","E","T","E","M","R","?","M","R","BOSS","M","?","$","M","M","R","E","M","T","?","M","E","?","M","R","BOSS","M","$","M","$","?","R","E"],"items_purchased_type":["Card","Card","Card","Card","Card"],"build_version":"2020-12-22","purchased_purges":4,"victory":false,"max_hp_per_floor":[75,75,80,80,80,80,80,80,80,80,80,80,80,80,80,80,80,80,80,80,80,80,80,80,80,80,40,40,40,40,40,40,40,40,40,40,40,40,40,40,40,40],"card_choices":[{"not_picked":["Redo","Cold Snap"],"picked":"Loop","floor":1},{"not_picked":["Rebound","Stack","Go for the Eyes"],"picked":"SKIP","floor":2},{"not_picked":["Force Field","Consume"],"picked":"Undo","floor":6},{"not_picked":["BootSequence","Darkness"],"picked":"Ball Lightning","floor":8},{"not_picked":["Go for the Eyes","Conserve Battery"],"picked":"Steam","floor":10},{"not_picked":["Compile Driver","Streamline"],"picked":"Reinforced Body","floor":11},{"not_picked":["Capacitor+1","Darkness"],"picked":"Rainbow","floor":14},{"not_picked":["Stack","Rebound"],"picked":"Cold Snap","floor":18},{"not_picked":["Streamline","Redo"],"picked":"Double Energy","floor":21},{"not_picked":["Compile Driver","Turbo"],"picked":"Genetic Algorithm+1","floor":22},{"not_picked":["Chaos","Echo Form+1"],"picked":"Melter","floor":24},{"not_picked":["Go for the Eyes","Force Field","Compile Driver"],"picked":"SKIP","floor":25},{"not_picked":["Recycle","Genetic Algorithm+1"],"picked":"Sweeping Beam","floor":28},{"not_picked":["Blizzard","Barrage+1"],"picked":"Ball Lightning","floor":29},{"not_picked":["Glacier+1","Cold Snap"],"picked":"Hologram+1","floor":31},{"not_picked":["Echo Form+1","Reboot+1"],"picked":"Meteor Strike","floor":33},{"not_picked":["Hello World+1","Stack+1","Cold Snap+1"],"picked":"SKIP","floor":35},{"not_picked":["Capacitor+1","Leap+1"],"picked":"Defragment+1","floor":37}],"player_experience":23877,"relics_obtained":[{"floor":6,"key":"Smiling Mask"},{"floor":8,"key":"Bag of Marbles"},{"floor":9,"key":"Eternal Feather"},{"floor":10,"key":"Incense Burner"},{"floor":24,"key":"Bird Faced Urn"},{"floor":26,"key":"Toy Ornithopter"},{"floor":29,"key":"Toxic Egg 2"}],"event_choices":[{"damage_healed":0,"gold_gain":0,"player_choice":"Donut","damage_taken":0,"max_hp_gain":5,"max_hp_loss":0,"event_name":"Big Fish","floor":3,"gold_loss":0},{"damage_healed":0,"gold_gain":0,"player_choice":"Success","damage_taken":42,"relics_obtained":["Frozen Egg 2"],"max_hp_gain":0,"max_hp_loss":0,"event_name":"Scrap Ooze","floor":4,"gold_loss":0},{"damage_healed":0,"gold_gain":0,"player_choice":"Ignored","damage_taken":0,"max_hp_gain":0,"max_hp_loss":0,"event_name":"Liars Game","floor":13,"gold_loss":0},{"damage_healed":0,"gold_gain":0,"player_choice":"Obtained Relic","damage_taken":0,"relics_obtained":["Letter Opener"],"max_hp_gain":0,"max_hp_loss":0,"event_name":"Addict","floor":19,"gold_loss":85},{"damage_healed":0,"gold_gain":0,"player_choice":"Became a Ghost","damage_taken":0,"max_hp_gain":0,"max_hp_loss":40,"event_name":"Ghosts","floor":27,"gold_loss":0,"cards_obtained":["Ghostly","Ghostly","Ghostly","Ghostly","Ghostly"]},{"damage_healed":0,"gold_gain":999,"player_choice":"Gold","damage_taken":0,"max_hp_gain":0,"max_hp_loss":0,"event_name":"MindBloom","floor":39,"gold_loss":0,"cards_obtained":["Normality","Normality"]}],"is_beta":false,"boss_relics":[{"not_picked":["Fusion Hammer","Velvet Choker"],"picked":"Sozu"},{"not_picked":["Tiny House","Black Star"],"picked":"Empty Cage"}],"items_purged_floors":[5,20,30,36],"is_endless":false,"potions_floor_spawned":[1,6,8,16,24,25,31,35],"killed_by":"Giant Head","ascension_level":0}}