{"host":"aduepa6pof7ckcrz","time":1612808973,"event":{"mods":["Act Like it!","Arknights","Aspiration","BaseMod","CapriCore","Colored Map","Colored Powertips","Downfall","Hallownest","Hermit","Hubris","Minty Spire (QoL Compilation)","Quick Restart","Replay The Spire","Robot Space Explorer","Shop Mod","StSLib","The Bug Knight","The Marked"],"gold_per_floor":[114,130,130,141,141,170,170,185,234,234,267,267,278,295,295,295,295],"floor_reached":16,"language":"FRA","playtime":1276,"items_purged":[],"score":112,"play_id":"d85cba12-0e53-4386-afd7-56617b90073f","local_time":"20210208192933","is_ascension_mode":false,"campfire_choices":[{"data":"ats:Powerful Strike","floor":7,"key":"SMITH"},{"data":"ats:Armor Crushing Shot","floor":12,"key":"SMITH"},{"data":"ats:Consecutive Shot Auto","floor":15,"key":"SMITH"}],"circlet_count":0,"master_deck":["ats:Strike C","ats:Strike G","ats:Strike S","ats:Strike V","ats:Armor Crushing Shot+1","ats:Defend","ats:Defend","ats:Defend","ats:Defend","ats:Emotion Absorption","ats:Ambush+1","ats:Absolute Focus","ats:Closed Bolt Burst Fire","ats:Blood Oath","ats:Powerful Strike+1","ats:Thorns","ats:Ambush","ats:Guard Mode","ats:Consecutive Shot Auto+1"],"relics":["ats:Sanity","Hallownest:DreamNailRelic","ats:Originium","Bottled Tornado","Replay:Wax Seal","ats:Rhine Circuitry"],"acts_visited":["Hallownest:Greenpath"],"potions_floor_usage":[6,8,11],"damage_taken":[{"damage":7,"enemies":"2_ Uuma","floor":1,"turns":7},{"damage":6,"enemies":"Hallownest:monsterHuskWarrior","floor":2,"turns":4},{"damage":0,"enemies":"Hallownest:monsterHuskGuard","floor":4,"turns":4},{"damage":13,"enemies":"Hallownest:eliteVengeflyKing","floor":6,"turns":7},{"damage":2,"enemies":"Hallownest:Wandering_and_Horned","floor":8,"turns":6},{"damage":9,"enemies":"Hallownest:eliteMossKnight","floor":11,"turns":8},{"damage":9,"enemies":"Hallownest:MossCreep_and_Mosskin","floor":13,"turns":5},{"damage":19,"enemies":"Hallownest:1_Ooma_and_2_Uuma","floor":14,"turns":7},{"damage":17,"enemies":"Hallownest:BossBrokenVessel","floor":16,"turns":6}],"seed_played":"1124171633518557302","potions_obtained":[{"floor":4,"key":"Toxic Potion"},{"floor":6,"key":"ColorlessPotion"},{"floor":8,"key":"Dexterity Potion"}],"is_trial":false,"path_per_floor":["M","M","?","M","?","E","R","M","T","?","E","R","M","M","R","B"],"character_chosen":"DOCTOR_CLASS","items_purchased":[],"campfire_rested":0,"item_purchase_floors":[],"current_hp_per_floor":[65,59,59,59,59,52,52,59,59,66,66,66,60,44,44,30,30],"gold":295,"neow_bonus":"ONE_RANDOM_RARE_CARD","is_daily":false,"chose_seed":false,"campfire_upgraded":3,"win_rate":0.0,"timestamp":1612808973,"path_taken":["M","M","?","?","?","E","R","M","T","?","E","R","M","M","R","BOSS"],"items_purchased_type":[],"build_version":"2020-12-22","purchased_purges":0,"victory":false,"max_hp_per_floor":[72,72,72,72,72,72,72,72,72,72,72,72,72,72,72,72,72],"card_choices":[{"not_picked":["ats:Defend Order","ats:Burning Ground"],"picked":"ats:Absolute Focus","floor":1},{"not_picked":["ats:Burning Ground","ats:Apocalypse"],"picked":"ats:Closed Bolt Burst Fire","floor":2},{"not_picked":["ats:Serious Mode","ats:Very Hot Blade"],"picked":"ats:Blood Oath","floor":4},{"not_picked":["ats:Explosion Area Strengthen","ats:Ignite"],"picked":"ats:Powerful Strike","floor":6},{"not_picked":["ats:Sashimi Platter","ats:Hook Shot"],"picked":"ats:Thorns","floor":8},{"not_picked":["ats:Explosion Area Strengthen","ats:Absolute Focus"],"picked":"ats:Ambush","floor":11},{"not_picked":["ats:Shell Defense","ats:Healing Strengthening"],"picked":"ats:Guard Mode","floor":13},{"not_picked":["ats:Curse Doll","ats:Serious Mode"],"picked":"ats:Consecutive Shot Auto","floor":14}],"player_experience":1032742,"relics_obtained":[{"floor":6,"key":"ats:Originium"},{"floor":6,"key":"Bottled Tornado"},{"floor":9,"key":"Replay:Wax Seal"},{"floor":11,"key":"ats:Originium"},{"floor":11,"key":"ats:Rhine Circuitry"}],"event_choices":[],"is_beta":false,"boss_relics":[],"items_purged_floors":[],"is_endless":false,"potions_floor_spawned":[4,6,8],"killed_by":"Hallownest:BossBrokenVessel","ascension_level":0}}