{"host":"8fl9fk3sx00hvnsh","time":1612747070,"event":{"mods":["BaseMod","Bestiary","Bossed Relics","Minty Spire (QoL Compilation)","Practice Mode","Reliquary","StSLib","The Blue Laboratory","The Marked"],"gold_per_floor":[118,135,6,25,25,52,52,52,52,52,64,82,82,113,113,214,214,227,240,240,240,240,240,260,260,260,260,260],"floor_reached":27,"language":"ENG","playtime":1114,"items_purged":[],"score":221,"play_id":"4c61c9f7-7f8d-4116-942d-8a284129c113","local_time":"20210207201750","is_ascension_mode":false,"campfire_choices":[{"data":"Accuracy","floor":7,"key":"SMITH"},{"floor":13,"key":"REST"},{"floor":15,"key":"REST"},{"floor":23,"key":"RECALL"}],"circlet_count":0,"master_deck":["Strike_G+1","Strike_G+1","Strike_G+1","Strike_G+1","Strike_G+1","Defend_G+1","Defend_G+1","Defend_G+1","Defend_G+1","Defend_G+1","Survivor","Neutralize","Night Terror","Infinite Blades","Accuracy+1","Footwork","Backflip","Acrobatics","Cloak And Dagger","Dodge and Roll","Noxious Fumes","Adrenaline","Storm of Steel","Noxious Fumes+1","Dodge and Roll"],"relics":["Ring of the Snake","Lantern","reliquary:IridiumChain","Letter Opener","HoveringKite","NlothsMask"],"acts_visited":["Exordium","TheCity"],"potions_floor_usage":[2,16,24],"damage_taken":[{"damage":8,"enemies":"Jaw Worm","floor":1,"turns":5},{"damage":1,"enemies":"2 Louse","floor":2,"turns":4},{"damage":0,"enemies":"Small Slimes","floor":4,"turns":5},{"damage":26,"enemies":"3 Sentries","floor":6,"turns":13},{"damage":10,"enemies":"2 Fungi Beasts","floor":11,"turns":4},{"damage":5,"enemies":"Exordium Thugs","floor":12,"turns":4},{"damage":18,"enemies":"Gremlin Nob","floor":14,"turns":5},{"damage":24,"enemies":"Hexaghost","floor":16,"turns":9},{"damage":5,"enemies":"Chosen","floor":18,"turns":4},{"damage":0,"enemies":"Shell Parasite","floor":19,"turns":1},{"damage":51,"enemies":"Cultist and Chosen","floor":24,"turns":6},{"damage":2,"enemies":"Shelled Parasite and Fungi","floor":27,"turns":2}],"seed_played":"-6359050627597986711","potions_obtained":[{"floor":1,"key":"blueLaboratory:EmptyBottle"},{"floor":11,"key":"AttackPotion"},{"floor":19,"key":"blueLaboratory:BottleOfVodka"}],"is_trial":false,"path_per_floor":["M","M","$","M","$","E","R","?","T","?","M","M","R","E","R","B",null,"M","M","?","?","?","R","M","?","T","M"],"character_chosen":"THE_SILENT","items_purchased":["Footwork","Backflip"],"campfire_rested":2,"item_purchase_floors":[3,3],"current_hp_per_floor":[62,61,61,61,61,35,35,35,35,35,25,20,41,23,44,20,70,65,65,65,52,52,52,1,1,1,0,0],"gold":260,"neow_bonus":"ONE_RANDOM_RARE_CARD","is_daily":false,"chose_seed":false,"campfire_upgraded":1,"win_rate":0.0,"timestamp":1612747070,"path_taken":["M","M","$","M","$","E","R","?","T","?","M","M","R","E","R","BOSS","M","M","?","?","?","R","M","?","T","?"],"items_purchased_type":["Card","Card"],"build_version":"2020-12-22","purchased_purges":0,"victory":false,"max_hp_per_floor":[70,70,70,70,70,70,70,70,70,70,70,70,70,70,70,70,70,70,70,70,75,75,75,75,75,75,75,75],"card_choices":[{"not_picked":["PiercingWail","Prepared"],"picked":"Infinite Blades","floor":1},{"not_picked":["Backstab","Dagger Spray"],"picked":"Accuracy","floor":2},{"not_picked":["Poisoned Stab","Leg Sweep"],"picked":"Acrobatics","floor":4},{"not_picked":["Dagger Throw","Predator"],"picked":"Cloak And Dagger","floor":6},{"not_picked":["Dagger Spray","Quick Slash"],"picked":"Dodge and Roll","floor":11},{"not_picked":["Finisher","Bouncing Flask"],"picked":"Noxious Fumes","floor":12},{"not_picked":["Dagger Spray","Crippling Poison"],"picked":"Adrenaline","floor":14},{"not_picked":["Venomology","Corpse Explosion"],"picked":"Storm of Steel","floor":16},{"not_picked":["Sucker Punch","Terror"],"picked":"Noxious Fumes+1","floor":18},{"not_picked":["Prepared","Finisher","Backflip"],"picked":"SKIP","floor":19},{"not_picked":["Poisoned Stab","Outmaneuver"],"picked":"Dodge and Roll","floor":24}],"player_experience":207493,"relics_obtained":[{"floor":6,"key":"Lantern"},{"floor":9,"key":"reliquary:IridiumChain"},{"floor":14,"key":"Letter Opener"}],"event_choices":[{"damage_healed":0,"gold_gain":0,"player_choice":"Fled","damage_taken":0,"max_hp_gain":0,"max_hp_loss":0,"event_name":"Scrap Ooze","floor":8,"gold_loss":0},{"damage_healed":0,"gold_gain":0,"player_choice":"Ignored","damage_taken":0,"max_hp_gain":0,"max_hp_loss":0,"event_name":"Shining Light","floor":10,"gold_loss":0},{"damage_healed":0,"gold_gain":0,"player_choice":"Simplicity","damage_taken":0,"max_hp_gain":0,"max_hp_loss":0,"event_name":"Back to Basics","floor":20,"gold_loss":0,"cards_upgraded":["Strike_G","Strike_G","Strike_G","Strike_G","Strike_G","Defend_G","Defend_G","Defend_G","Defend_G","Defend_G"]},{"damage_healed":0,"gold_gain":0,"player_choice":"Shed Blood","damage_taken":18,"max_hp_gain":5,"max_hp_loss":0,"event_name":"Forgotten Altar","floor":21,"gold_loss":0},{"damage_healed":0,"gold_gain":0,"player_choice":"Ignored","damage_taken":0,"max_hp_gain":0,"max_hp_loss":0,"event_name":"Vampires","floor":22,"gold_loss":0},{"damage_healed":0,"gold_gain":0,"player_choice":"Trade","damage_taken":0,"relics_obtained":["NlothsMask"],"max_hp_gain":0,"max_hp_loss":0,"event_name":"FaceTrader","floor":25,"gold_loss":0}],"is_beta":false,"boss_relics":[{"not_picked":["Snecko Eye","Cursed Key"],"picked":"HoveringKite"}],"items_purged_floors":[],"is_endless":false,"potions_floor_spawned":[1,11,19],"killed_by":"Shelled Parasite and Fungi","ascension_level":0}}