{"host":"k919bq8mkuzdqhzi","time":1612759885,"event":{"mods":["AchievementEnabler","BaseMod","Colored Map","Colored Powertips","DeckTracker","Minty Spire (QoL Compilation)","Relic Sorter","SuperFastMode"],"gold_per_floor":[209,234,234,250,85,119,84,110,136,136,136,151,151,164,164,265,315,304,304,319,339,339,339,56,71,98,49,49,49,65,81,81,178,178,190,200,216,216,216],"floor_reached":38,"language":"ENG","playtime":2416,"items_purged":["Strike_B","Strike_B"],"score":376,"play_id":"4fdef0ce-9abe-4694-9d88-276a3514e656","local_time":"20210207235125","is_ascension_mode":false,"campfire_choices":[{"data":"Dualcast","floor":11,"key":"SMITH"},{"data":"Fusion","floor":13,"key":"SMITH"},{"floor":15,"key":"REST"},{"floor":23,"key":"REST"},{"data":"Redo","floor":28,"key":"SMITH"},{"floor":32,"key":"REST"}],"circlet_count":0,"master_deck":["Strike_B+1","Strike_B","Defend_B","Defend_B+1","Defend_B","Defend_B","Zap+1","Dualcast+1","Fusion+1","Defragment+1","White Noise","Gash+1","Genetic Algorithm","Steam","Loop","Meteor Strike","Chill","Ball Lightning","Necronomicurse","Go for the Eyes+1","Glacier","Decay","Redo+1","Defragment","Leap","Gash","Self Repair","Beam Cell","Biased Cognition","Blizzard","Defragment+1"],"relics":["Cracked Core","Ancient Tea Set","War Paint","Strawberry","Juzu Bracelet","Tiny House","Necronomicon","Happy Flower","Philosopher\u0027s Stone"],"acts_visited":["Exordium","TheCity","TheBeyond"],"potions_floor_usage":[16,16,16,33,33,33],"damage_taken":[{"damage":0,"enemies":"Cultist","floor":1,"turns":3},{"damage":9,"enemies":"2 Louse","floor":4,"turns":3},{"damage":32,"enemies":"Lagavulin","floor":6,"turns":7},{"damage":8,"enemies":"Small Slimes","floor":12,"turns":3},{"damage":0,"enemies":"Looter","floor":14,"turns":3},{"damage":3,"enemies":"Slime Boss","floor":16,"turns":6},{"damage":15,"enemies":"2 Thieves","floor":18,"turns":4},{"damage":0,"enemies":"Spheric Guardian","floor":20,"turns":3},{"damage":24,"enemies":"Shelled Parasite and Fungi","floor":21,"turns":6},{"damage":2,"enemies":"Snecko","floor":25,"turns":6},{"damage":30,"enemies":"Centurion and Healer","floor":30,"turns":6},{"damage":22,"enemies":"3 Cultists","floor":31,"turns":8},{"damage":2,"enemies":"Automaton","floor":33,"turns":13},{"damage":21,"enemies":"3 Darklings","floor":35,"turns":9},{"damage":17,"enemies":"Orb Walker","floor":36,"turns":6},{"damage":27,"enemies":"Spire Growth","floor":37,"turns":6},{"damage":67,"enemies":"4 Shapes","floor":38,"turns":3}],"seed_played":"8555706357097248201","potions_obtained":[{"floor":4,"key":"Dexterity Potion"},{"floor":6,"key":"FearPotion"},{"floor":14,"key":"FocusPotion"},{"floor":17,"key":"SneckoOil"},{"floor":18,"key":"Strength Potion"},{"floor":21,"key":"PotionOfCapacity"},{"floor":35,"key":"SmokeBomb"},{"floor":36,"key":"SpeedPotion"}],"is_trial":false,"path_per_floor":["M","T","?","M","$","E","?","T","T","?","R","M","R","M","R","B",null,"M","?","M","M","?","R","$","M","T","$","R","$","M","M","R","B",null,"M","M","M","M"],"character_chosen":"DEFECT","items_purchased":["White Noise","Gash","Redo","Defragment","Leap","Gash","Dexterity Potion"],"campfire_rested":3,"item_purchase_floors":[5,5,24,24,24,24,27],"current_hp_per_floor":[75,75,75,66,66,34,52,59,59,43,43,35,35,35,59,56,87,72,56,56,32,32,58,58,56,56,56,56,56,26,11,37,42,87,73,63,43,0,0],"gold":216,"neow_bonus":"HUNDRED_GOLD","is_daily":false,"chose_seed":false,"campfire_upgraded":3,"win_rate":0.0,"timestamp":1612759885,"path_taken":["M","?","?","M","$","E","?","?","T","?","R","M","R","M","R","BOSS","M","?","M","M","?","R","$","M","T","?","R","$","M","M","R","BOSS","M","M","M","M"],"items_purchased_type":["Card","Card","Card","Card","Card","Card","Potion"],"build_version":"2020-12-22","purchased_purges":2,"victory":false,"max_hp_per_floor":[75,75,75,75,75,75,75,82,82,82,82,82,82,82,82,82,87,87,87,87,87,87,87,87,87,87,87,87,87,87,87,87,87,87,87,87,87,87,87],"card_choices":[{"not_picked":["Gash","Darkness"],"picked":"Fusion","floor":1},{"not_picked":["Fusion","Go for the Eyes"],"picked":"Defragment","floor":4},{"not_picked":["Seek","Blizzard"],"picked":"Genetic Algorithm","floor":6},{"not_picked":["Sweeping Beam","Ball Lightning"],"picked":"Steam","floor":12},{"not_picked":["Barrage","Compile Driver"],"picked":"Loop","floor":14},{"not_picked":["All For One","Hyperbeam"],"picked":"Meteor Strike","floor":16},{"not_picked":["Hologram","Coolheaded"],"picked":"Chill","floor":17},{"not_picked":["Hologram","Rip and Tear"],"picked":"Ball Lightning","floor":18},{"not_picked":["Steam Power","Auto Shields"],"picked":"Go for the Eyes+1","floor":20},{"not_picked":["Beam Cell","Defragment"],"picked":"Glacier","floor":21},{"not_picked":["Skim","Genetic Algorithm+1","Compile Driver"],"picked":"SKIP","floor":25},{"not_picked":["Barrage+1","Heatsinks"],"picked":"Self Repair","floor":30},{"not_picked":["Aggregate","Rebound"],"picked":"Beam Cell","floor":31},{"not_picked":["Creative AI","Multi-Cast"],"picked":"Biased Cognition","floor":33},{"not_picked":["Steam","Cold Snap+1"],"picked":"Blizzard","floor":35},{"not_picked":["Sweeping Beam","Loop"],"picked":"Defragment+1","floor":36},{"not_picked":["FTL+1","Genetic Algorithm","Turbo+1"],"picked":"SKIP","floor":37}],"player_experience":133134,"relics_obtained":[{"floor":2,"key":"Ancient Tea Set"},{"floor":6,"key":"War Paint"},{"floor":8,"key":"Strawberry"},{"floor":9,"key":"Juzu Bracelet"},{"floor":19,"key":"Necronomicon"},{"floor":26,"key":"Happy Flower"}],"event_choices":[{"damage_healed":0,"gold_gain":0,"player_choice":"Fled","damage_taken":0,"max_hp_gain":0,"max_hp_loss":0,"event_name":"Scrap Ooze","floor":3,"gold_loss":0},{"damage_healed":18,"gold_gain":0,"player_choice":"Healed","damage_taken":0,"max_hp_gain":0,"max_hp_loss":0,"event_name":"The Cleric","floor":7,"gold_loss":35},{"damage_healed":0,"gold_gain":0,"player_choice":"Entered Light","damage_taken":16,"max_hp_gain":0,"max_hp_loss":0,"event_name":"Shining Light","floor":10,"gold_loss":0,"cards_upgraded":["Strike_B","Defragment"]},{"damage_healed":0,"gold_gain":0,"player_choice":"Obtained Book","damage_taken":16,"max_hp_gain":0,"max_hp_loss":0,"event_name":"Cursed Tome","floor":19,"gold_loss":0},{"damage_healed":0,"gold_gain":0,"player_choice":"Smashed Altar","damage_taken":0,"max_hp_gain":0,"max_hp_loss":0,"event_name":"Forgotten Altar","floor":22,"gold_loss":0,"cards_obtained":["Decay"]}],"is_beta":false,"boss_relics":[{"not_picked":["Empty Cage","FrozenCore"],"picked":"Tiny House"},{"not_picked":["Black Star","Snecko Eye"],"picked":"Philosopher\u0027s Stone"}],"items_purged_floors":[5,24],"is_endless":false,"potions_floor_spawned":[4,6,14,18,21,30,31,35,36],"killed_by":"4 Shapes","ascension_level":0}}