{"host":"4h8o09gisu0rxdvb","time":1612813940,"event":{"mods":["BaseMod","Better Third Choice","Downfall","Hermit","Minty Spire (QoL Compilation)","Reliquary","StSLib","The Construct","The Death Knight","The Hierophant","The Runesmith"],"gold_per_floor":[99,117,217,229,249,282,282,293,49,59,59,59,59,70,89,191,191,191,202,202,102,202,202,202,202,202,202,216,242,242,261,273,374,374,374,384,384,398,417,452,497,515,515,515,515],"floor_reached":43,"language":"ENG","playtime":5039,"items_purged":["bronze:Strike","bronze:Strike"],"score":480,"play_id":"24df7538-ae98-4f97-b537-d2da4382bcb0","local_time":"20210208145220","is_ascension_mode":false,"campfire_choices":[{"data":"bronze:Replicate","floor":1.0,"key":"SMITH"},{"data":"bronze:Mutator","floor":13.0,"key":"SMITH"},{"data":"bronze:RecursiveStrike","floor":18.0,"key":"SMITH"},{"data":"bronze:BuggyMess","floor":23.0,"key":"SMITH"},{"data":"bronze:Goto","floor":25.0,"key":"SMITH"},{"data":"bronze:BronzeOrb","floor":27.0,"key":"SMITH"},{"floor":30.0,"key":"REST"},{"data":"bronze:Assembly","floor":35,"key":"SMITH"}],"circlet_count":0,"master_deck":["bronze:Strike","bronze:Strike","bronze:Defend","bronze:Defend","bronze:Defend","bronze:Defend","bronze:Replicate+1","bronze:Goto+1","bronze:OilSpill","bronze:CutThrough","bronze:Backtrace","bronze:Mutator+1","bronze:DelayedSlice","bronze:BronzeOrb+1","bronze:BuggyMess+1","bronze:Optimize","bronze:WildBeam","bronze:RecursiveStrike+1","bronze:Iterate+1","bronze:FineTuning","bronze:MaxOutput","bronze:DelayedGuard+1","bronze:Flail","bronze:BuggyMess","bronze:BuggyMess","bronze:ClassDefault","bronze:Assembly+1","bronze:DigitalCarnage+1"],"relics":["bronze:BronzeCore","reliquary:QuartzCube","reliquary:BoilingFlask","Membership Card","construct:ClawGrip","Prayer Wheel","reliquary:BallBearing","Kunai","Meat on the Bone","Black Star","reliquary:JackalopeAntler","reliquary:Sideboard","MealTicket"],"acts_visited":["Exordium","TheCity","TheBeyond"],"potions_floor_usage":[40,40,42,43],"damage_taken":[{"damage":0.0,"enemies":"2 Louse","floor":2.0,"turns":3.0},{"damage":0.0,"enemies":"Cultist","floor":4.0,"turns":3.0},{"damage":1.0,"enemies":"Jaw Worm","floor":5.0,"turns":2.0},{"damage":25.0,"enemies":"Gremlin Nob","floor":6.0,"turns":4.0},{"damage":9.0,"enemies":"Blue Slaver","floor":8.0,"turns":3.0},{"damage":5.0,"enemies":"downfall:FleeingMerchant","floor":9.0,"turns":4.0},{"damage":12.0,"enemies":"Exordium Wildlife","floor":10.0,"turns":2.0},{"damage":0.0,"enemies":"3 Louse","floor":14.0,"turns":5.0},{"damage":10.0,"enemies":"Large Slime","floor":15.0,"turns":4.0},{"damage":69.0,"enemies":"DF_ARCHETYPE_STREAMLINE","floor":16.0,"turns":12.0},{"damage":6.0,"enemies":"Shell Parasite","floor":19.0,"turns":3.0},{"damage":5.0,"enemies":"downfall:FleeingMerchant","floor":21.0,"turns":4.0},{"damage":12.0,"enemies":"SI_SHIV_ARCHETYPE","floor":22.0,"turns":5.0},{"damage":7.0,"enemies":"Shelled Parasite and Fungi","floor":28.0,"turns":3.0},{"damage":7.0,"enemies":"Book of Stabbing","floor":29.0,"turns":3.0},{"damage":1.0,"enemies":"Centurion and Healer","floor":31.0,"turns":5.0},{"damage":0.0,"enemies":"Cultist and Chosen","floor":32.0,"turns":3.0},{"damage":14.0,"enemies":"IC_MUSHROOM_ARCHETYPE","floor":33.0,"turns":5.0},{"damage":2,"enemies":"3 Shapes","floor":36,"turns":3},{"damage":1,"enemies":"Orb Walker","floor":38,"turns":2},{"damage":0,"enemies":"3 Darklings","floor":39,"turns":3},{"damage":77,"enemies":"Reptomancer","floor":40,"turns":7},{"damage":13,"enemies":"4 Shapes","floor":42,"turns":5},{"damage":25,"enemies":"Maw","floor":43,"turns":2}],"seed_played":"91711331697552294","potions_obtained":[{"floor":6.0,"key":"DistilledChaos"},{"floor":10.0,"key":"ColorlessPotion"},{"floor":15.0,"key":"bronze:BurnAndBuffPotion"},{"floor":19.0,"key":"Strength Potion"},{"floor":31.0,"key":"hexamod:SoulburnPotion"},{"floor":32.0,"key":"AttackPotion"},{"floor":33.0,"key":"ColorlessPotion"},{"floor":40,"key":"SteroidPotion"},{"floor":42,"key":"SkillPotion"}],"is_trial":false,"path_per_floor":["R","M","?","M","M","E","T","M","$","M","?","?","R","M","M","B",null,"R","M","?","$","?","R","T","R","?","R","M","E","R","M","M","B",null,"R","M","?","M","M","E","T","M","M"],"character_chosen":"THE_AUTOMATON","items_purchased":["Membership Card","bronze:BronzeOrb","bronze:MaxOutput"],"campfire_rested":1,"item_purchase_floors":[9,9,21],"current_hp_per_floor":[77,77,77,77,76,51,51,42,37,25,87,87,87,87,77,8,87,87,81,81,76,64,64,64,64,64,64,57,50,76,75,75,61,87,87,85,85,84,84,19,19,18,0,0,0],"gold":515,"neow_bonus":"TEN_PERCENT_HP_BONUS","is_daily":false,"chose_seed":false,"campfire_upgraded":7,"win_rate":0.0,"timestamp":1612813940,"path_taken":["R","M","?","M","?","E","T","M","$","M","?","?","R","M","M","BOSS","R","M","?","$","?","R","T","R","?","R","M","E","R","M","M","BOSS","R","M","?","M","M","E","T","M","M"],"items_purchased_type":["Relic","Card","Card"],"build_version":"2020-12-22","purchased_purges":2,"victory":false,"max_hp_per_floor":[77,77,77,77,77,77,77,77,77,77,87,87,87,87,87,87,87,87,87,87,87,87,87,87,87,87,87,87,87,87,87,87,87,87,87,87,87,87,87,87,87,87,87,87,87],"card_choices":[{"not_picked":["bronze:Invalidate","bronze:BugBarrage"],"picked":"bronze:OilSpill","floor":2.0},{"not_picked":["bronze:Turbo","bronze:Safeguard"],"picked":"bronze:CutThrough","floor":4.0},{"not_picked":["bronze:BuggyMess","bronze:WildBeam"],"picked":"bronze:Backtrace","floor":5.0},{"not_picked":["bronze:Overheat","bronze:WhirlingStrike"],"picked":"bronze:Mutator","floor":6.0},{"not_picked":["bronze:OilSpill","bronze:Return"],"picked":"bronze:DelayedSlice","floor":8.0},{"not_picked":["bronze:Branch","bronze:CloningBeam"],"picked":"bronze:HardenedForm","floor":9.0},{"not_picked":["bronze:CutThrough","bronze:Return"],"picked":"bronze:BuggyMess","floor":10.0},{"not_picked":["bronze:BronzeArmor","bronze:Invalidate"],"picked":"bronze:Optimize","floor":14.0},{"not_picked":["bronze:Turbo","bronze:BitShift"],"picked":"bronze:WildBeam","floor":15.0},{"not_picked":["bronze:HardenedForm","bronze:ShipIt"],"picked":"bronze:RecursiveStrike","floor":16.0},{"not_picked":["bronze:Backtrace","bronze:Deprecate"],"picked":"bronze:Iterate+1","floor":19.0},{"not_picked":["bronze:DarkDash","bronze:Iterate"],"picked":"bronze:FineTuning","floor":21.0},{"not_picked":["bronze:Backtrace","bronze:BuggyMess"],"picked":"bronze:DelayedGuard+1","floor":22.0},{"not_picked":["bronze:Deprecate","bronze:Overload","bronze:DelayedGuard+1"],"picked":"SKIP","floor":28.0},{"not_picked":["bronze:ShipIt","bronze:ForLoop","bronze:Iterate"],"picked":"SKIP","floor":28.0},{"not_picked":["bronze:ForceShield","bronze:Return"],"picked":"bronze:Flail","floor":29.0},{"not_picked":["bronze:Safeguard+1","bronze:Overheat"],"picked":"bronze:BuggyMess","floor":31.0},{"not_picked":["bronze:Turbo+1","bronze:Iterate"],"picked":"bronze:BuggyMess","floor":31.0},{"not_picked":["bronze:DelayedSlice","bronze:FineTuning"],"picked":"bronze:ClassDefault","floor":32.0},{"not_picked":["bronze:Shell","bronze:Invalidate+1","bronze:Philosophize"],"picked":"SKIP","floor":32.0},{"not_picked":["bronze:Mutator","bronze:ShipIt"],"picked":"bronze:Assembly","floor":33.0},{"not_picked":["bronze:BitShift","bronze:Iterate","bronze:Invalidate"],"picked":"SKIP","floor":36},{"not_picked":["bronze:CutThrough+1","bronze:WildBeam+1","bronze:Return+1"],"picked":"SKIP","floor":36},{"not_picked":["bronze:Allocate+1","bronze:Invalidate+1"],"picked":"bronze:DigitalCarnage+1","floor":38},{"not_picked":["bronze:OilSpill+1","bronze:NullPointer+1","bronze:BugBarrage"],"picked":"SKIP","floor":38},{"not_picked":["bronze:WildBeam+1","bronze:WhirlingStrike","bronze:Turbo"],"picked":"SKIP","floor":39},{"not_picked":["bronze:Turbo+1","bronze:CloningBeam+1","bronze:BurnOut"],"picked":"SKIP","floor":39},{"not_picked":["bronze:BitShift","bronze:Overheat+1","bronze:DelayedGuard+1"],"picked":"SKIP","floor":40},{"not_picked":["bronze:Overheat+1","bronze:Return"],"picked":"bronze:FineTuning+1","floor":42},{"not_picked":["bronze:Overload+1","bronze:Overheat+1","bronze:BitShift+1"],"picked":"SKIP","floor":42}],"player_experience":519409,"relics_obtained":[{"floor":6.0,"key":"reliquary:QuartzCube"},{"floor":7.0,"key":"reliquary:BoilingFlask"},{"floor":22.0,"key":"Prayer Wheel"},{"floor":22.0,"key":"reliquary:BallBearing"},{"floor":24.0,"key":"Kunai"},{"floor":29.0,"key":"Meat on the Bone"},{"floor":40,"key":"reliquary:JackalopeAntler"},{"floor":40,"key":"reliquary:Sideboard"},{"floor":41,"key":"MealTicket"}],"event_choices":[],"is_beta":false,"boss_relics":[{"not_picked":["reliquary:Ember","bronze:PlatinumCore"],"picked":"construct:ClawGrip"},{"not_picked":["Empty Cage","Coffee Dripper"],"picked":"Black Star"}],"items_purged_floors":[9,21],"is_endless":false,"potions_floor_spawned":[6,10,15,19,31,32,33,36,38,40,42],"killed_by":"Maw","ascension_level":0}}