{"host":"v9ordiuf4xzdpttp","time":1612807814,"event":{"mods":["AchievementEnabler","Act Like it!","Aspiration","Bartender","BaseMod","Better Third Choice","Better Vampires","CCEM2","Colored Map","Gold Saver","Halation","Hermit","Hubris","Infinite Spire","Ironclad Rager","Jedi Mod","Marked Mod","Melee Mod","Minty Spire (QoL Compilation)","Quick Restart","Reliquary","Remove Card Discount Mod","Replay The Spire","SOS???????","Shop Mod","Small Relic Pack","Spicy Shops","StSLib","The Construct","The Death Knight","The Hierophant","The Runesmith","The Senshi","The Servant 0.9.4","The Showman","??????REMEMod"],"gold_per_floor":[114,114,114,88,107,107,107,26,26,45,64,64,33,71,71,136,136,55,55,24,24,43,43,81,81,131,150,169,88,107,126,126,251,251,60,60,79,98,98,136,136,155,155,186,48,48],"floor_reached":45,"language":"ENG","playtime":2593,"items_purged":[],"score":496,"play_id":"9929cac6-b9a5-43e0-8607-b3b52d16bd53","local_time":"20210208131014","daily_mods":["Shiny","Uncertain Future","Terminal"],"is_ascension_mode":false,"campfire_choices":[{"floor":6,"key":"REST"},{"data":"Darkslayer","floor":12,"key":"SMITH"},{"floor":15,"key":"REST"},{"data":"hubris:DuctTapeCard","floor":23,"key":"SMITH"},{"data":"Darkslayer","floor":32,"key":"SMITH"},{"data":"infinitespire:Collect","floor":41,"key":"SMITH"}],"circlet_count":0,"master_deck":["DevilstarL","Trickster","Purpleorb","Stylechange","VitalstarL","Enemystep","Weaponreturn","Demonreform","Darkslayer+1","Goldorb","Swordcombo","Royalguard+1","Airtrick","Blueorb","meleeMod_Taunt","LucifercomboC","infinitespire:Starlight","LucifercomboB","Darkslayer+1","hubris:DuctTapeCard+2","Overencumbered","Sickly","Royaldefend","hubris:Rewind","Royaldefend","LucifercomboB+1","infinitespire:Collect+1"],"relics":["SSS","Combocheck","REME_ComplimentaryCards","halation:EternalFortune","Golden Idol","REME_PuzzleBoxRelic","REME_IWantAll","Replay:Ancient Bell","Gremlin Food","hubris:DuctTape","aspiration:HatOfInfinitePower","relicPack:OneForAll","Gremlin Horn","reliquary:BallBearing","Sozu","CCEMRelics:Pendulum","Philosopher\u0027s Stone","hubris:Towel","infinitespire:Joker Card","jedi:battlestandard","hubris:CrystalStatue","CCEMRelics:OrganicArmor","MawBank"],"acts_visited":["Exordium","TheCity","TheBeyond"],"potions_floor_usage":[14,16,16,45,45,45],"damage_taken":[{"damage":0,"enemies":"Small Slimes","floor":1,"turns":1},{"damage":0,"enemies":"2 Louse","floor":5,"turns":1},{"damage":4,"enemies":"Jaw Worm","floor":8,"turns":2},{"damage":17,"enemies":"Gremlin Gang","floor":10,"turns":5},{"damage":18,"enemies":"Large Slime","floor":11,"turns":6},{"damage":0,"enemies":"Blue Slaver","floor":13,"turns":3},{"damage":16,"enemies":"Lagavulin","floor":14,"turns":4},{"damage":28,"enemies":"Fading Forest","floor":16,"turns":11},{"damage":21,"enemies":"Spheric Guardian","floor":18,"turns":4},{"damage":0,"enemies":"Chosen","floor":20,"turns":2},{"damage":0,"enemies":"3 Cultists","floor":22,"turns":2},{"damage":9,"enemies":"Nightmare","floor":24,"turns":5},{"damage":12,"enemies":"Snake Plant","floor":27,"turns":3},{"damage":0,"enemies":"Centurion and Healer","floor":28,"turns":1},{"damage":0,"enemies":"Snecko","floor":29,"turns":2},{"damage":1,"enemies":"Shelled Parasite and Fungi","floor":30,"turns":4},{"damage":0,"enemies":"Centurion and Healer","floor":31,"turns":2},{"damage":10,"enemies":"Automaton","floor":33,"turns":3},{"damage":6,"enemies":"3 Darklings","floor":35,"turns":2},{"damage":7,"enemies":"2 Orb Walkers","floor":37,"turns":2},{"damage":0,"enemies":"3 Shapes","floor":38,"turns":1},{"damage":0,"enemies":"Nightmare","floor":40,"turns":1},{"damage":0,"enemies":"Spire Growth","floor":42,"turns":2},{"damage":12,"enemies":"4 Shapes","floor":44,"turns":1},{"damage":0,"enemies":"infinitespire:Three Voidlings","floor":45,"turns":1},{"damage":52,"enemies":"Nightmare_Alpha","floor":45,"turns":3}],"seed_played":"-2425098010432476902","potions_obtained":[{"floor":1,"key":"FearPotion"},{"floor":5,"key":"Milkshake"},{"floor":13,"key":"LiquidBronze"},{"floor":14,"key":"ColorlessPotion"},{"floor":18,"key":"SpeedPotion"},{"floor":24,"key":"Elixir"}],"is_trial":false,"path_per_floor":["M","?","?","$","M","R","?","M","T","M","M","R","M","E","R","B",null,"M","?","M","?","M","R","NM","AVR","T","M","M","M","M","M","R","B",null,"M","?","?","M","AVR","NM","R","M","T","M","?"],"character_chosen":"DANTE","items_purchased":["LucifercomboC"],"campfire_rested":2,"item_purchase_floors":[4],"current_hp_per_floor":[78,80,60,60,63,79,60,56,56,64,59,59,82,66,80,73,78,63,63,75,74,73,72,63,63,63,51,51,61,70,74,73,72,71,70,69,62,67,66,65,64,63,62,50,0,0],"gold":48,"neow_bonus":"","is_daily":true,"chose_seed":false,"campfire_upgraded":4,"win_rate":0.0,"timestamp":1612807814,"path_taken":["M","?","?","$","M","R","?","M","T","M","M","R","M","E","R","BOSS","M","?","M","?","M","R","NM","AVR","T","M","M","M","?","M","R","BOSS","M","?","?","M","AVR","NM","R","M","T","M","?"],"items_purchased_type":["Card"],"build_version":"2020-12-22","purchased_purges":0,"victory":false,"max_hp_per_floor":[78,80,79,78,80,79,78,87,86,85,84,83,82,81,80,79,78,77,76,75,74,73,72,71,70,69,68,67,76,75,74,73,72,71,70,69,68,67,66,65,64,63,62,61,61,61],"card_choices":[{"not_picked":["Hightime","VitalstarS","Rebellion"],"picked":"SKIP","floor":1},{"not_picked":["Gunslinger","EbonyIvory","DevilstarS"],"picked":"SKIP","floor":5},{"not_picked":["ReplayTheSpireMod:Chaos Vortex","infinitespire:FinalStrike"],"picked":"infinitespire:Starlight","floor":7},{"not_picked":["Greenorb","Swordmaster"],"picked":"Dash2","floor":8},{"not_picked":["Rebellion","Kick13"],"picked":"BeastUppercut","floor":10},{"not_picked":["VitalstarM","Millionstab","GilgameshcomboA"],"picked":"SKIP","floor":11},{"not_picked":["Chargeshoot2","BeastUppercut"],"picked":"LucifercomboB","floor":13},{"not_picked":["Goldorb","GilgameshcomboA","Dash1"],"picked":"SKIP","floor":14},{"not_picked":["Enemystep","Blueorb"],"picked":"Darkslayer","floor":16},{"not_picked":["jedi:thedog","Voices"],"picked":"ReplayTheSpireMod:IOU","floor":17},{"not_picked":["Amnesia","ReplayTheSpireMod:Doomed"],"picked":"Overencumbered","floor":17},{"not_picked":["ReplayTheSpireMod:Faulty Equipment","hubris:Envy"],"picked":"Sickly","floor":17},{"not_picked":["Straight","LucifercomboD"],"picked":"Royaldefend","floor":18},{"not_picked":["Pandora","Honeycombofire","Greenorb"],"picked":"SKIP","floor":20},{"not_picked":["DT","SSScard","Holywater"],"picked":"SKIP","floor":22},{"not_picked":["infinitespire:Oblivion","infinitespire:FutureSight"],"picked":"hubris:Rewind","floor":24},{"not_picked":["Trickster","DevilstarS","Unrisingdragon"],"picked":"SKIP","floor":24},{"not_picked":["EbonyIvory","DT+1","Pandora"],"picked":"SKIP","floor":27},{"not_picked":["Gunstinger","EbonyIvory","Gunslinger"],"picked":"SKIP","floor":28},{"not_picked":["VitalstarS","Straight","Millionstab"],"picked":"SKIP","floor":29},{"not_picked":["Ecstasy","LucifercomboC"],"picked":"Royaldefend","floor":30},{"not_picked":["Greenorb","Millionkick"],"picked":"LucifercomboB+1","floor":31},{"not_picked":["VitalstarM","Whiteorb","VitalstarS"],"picked":"SKIP","floor":35},{"not_picked":["DevilstarS","Millionkick","Goldorb"],"picked":"SKIP","floor":38},{"not_picked":["LucifercomboC","Splesh","Millionkick"],"picked":"SKIP","floor":40},{"not_picked":["Millionstab+1","LucifercomboC","VitalstarM+1"],"picked":"SKIP","floor":42},{"not_picked":["Stinger+1","Chargeshoot","LucifercomboD+1"],"picked":"SKIP","floor":44}],"player_experience":325249,"relics_obtained":[{"floor":5,"key":"halation:EternalFortune"},{"floor":9,"key":"REME_PuzzleBoxRelic"},{"floor":14,"key":"REME_IWantAll"},{"floor":24,"key":"Gremlin Horn"},{"floor":26,"key":"CCEMRelics:Pendulum"},{"floor":37,"key":"infinitespire:Joker Card"},{"floor":40,"key":"CCEMRelics:OrganicArmor"},{"floor":43,"key":"MawBank"}],"event_choices":[{"damage_healed":0,"gold_gain":0,"player_choice":"Take Damage","damage_taken":20,"relics_obtained":["Golden Idol"],"max_hp_gain":0,"max_hp_loss":0,"event_name":"Golden Idol","floor":3,"gold_loss":0},{"damage_healed":0,"gold_gain":0,"player_choice":"Ignored","damage_taken":0,"max_hp_gain":0,"max_hp_loss":0,"event_name":"N\u0027loth","floor":21,"gold_loss":0},{"damage_healed":0,"gold_gain":0,"player_choice":"Fight","damage_taken":0,"max_hp_gain":0,"max_hp_loss":0,"event_name":"Mysterious Sphere","floor":37,"gold_loss":0}],"is_beta":false,"boss_relics":[{"not_picked":["CCEMRelics:TransientCore","ReplayTheSpireMod:SealedPack"],"picked":"Replay:Ancient Bell"},{"not_picked":["DeathKnight:PutricidesVial","CCEMRelics:PocketTank"],"picked":"Gremlin Food"},{"not_picked":["halation:BottledLove","reliquary:NewFriend"],"picked":"hubris:DuctTape"},{"not_picked":["Replay:Kaleidoscope","hubris:GlazedTorus"],"picked":"aspiration:HatOfInfinitePower"},{"not_picked":["halation:MonkeysPaw","halation:LoveArrow"],"picked":"Philosopher\u0027s Stone"}],"items_purged_floors":[],"is_endless":false,"potions_floor_spawned":[1,5,13,14,18,24,33,37,42,45],"killed_by":"Nightmare_Alpha","ascension_level":0}}