{"host":"q7zm4xeotpldz9qq","time":1612777041,"event":{"mods":["ATMod(阿瑾Mod)","BaseMod","Lobotomy","LobotomyExtend","Minty Spire (QoL Compilation)","Replay The Spire","StSLib","[功能]功能增强和修复MOD"],"gold_per_floor":[119,74,74,94,79,79,79,79,97,112,135,164,164,204,204,252,252,682,682,722,765,765,750,750,810,846,846,846,928,928,928,969,969,969,1369,1369,1393,1430,1471,1471,1461,1461,1508,1558,1558,1558,1637,1693,1693,1693,1693,1693,1693,1729,1729,1729,1729,1729,1793,1823,1823],"floor_reached":60,"language":"ZHS","playtime":3812,"items_purged":["Strike_G","Strike_G","Strike_G","Defend_G","Defend_G","Defend_G","Defend_G","Strike_G","Defend_G","Distraction","AT_ArcaneSupremacy","Caltrops","Survey Options","Pot Of Greed","Acrobatics+1","Cloak And Dagger+1","Blade Dance+1"],"score":1344,"play_id":"ec7f8959-7179-40cd-87f9-8252824cb8eb","local_time":"20210208173721","is_ascension_mode":true,"campfire_choices":[{"floor":6,"key":"RECALL"},{"floor":17,"key":"REST"},{"floor":27,"key":"REST"},{"data":"ReplayTheSpireMod:Necrosis","floor":42,"key":"SMITH"},{"data":"ReplayTheSpireMod:Necrosis","floor":53,"key":"SMITH"},{"data":"Envenom","floor":53,"key":"SMITH"},{"data":"Poison Darts","floor":57,"key":"SMITH"},{"data":"Poison Darts","floor":57,"key":"SMITH"}],"circlet_count":0,"master_deck":["AT_PowerWithin+1","Slice","ReplayTheSpireMod:Trickstab+1","Poisoned Stab+1","Sucker Punch","Replay:Bootleg Shield Generator","All Out Attack","Finisher","Mayhem+1","Flash of Steel","Quick Slash","Deflect","Deflect","Backstab","Slice","PiercingWail","ReplayTheSpireMod:Necrosis+1","Poison Darts+1","Burst","Pot Of Greed","Bane+1","AT_ThistleTea+1","Poisoned Stab","Dagger Spray","Sucker Punch","Bane+1","AT_Desolate","Poisoned Stab+1","Dagger Spray","Poisoned Stab+1","Pot Of Greed","Deadly Poison","AT_Desolate","Deflect","Backstab","AT_Desolate","Slice+1","AT_FocusSwordFire+1","Sucker Punch+1","Crippling Poison","RitualDagger","Quick Slash","Poison Darts+1","ReplayTheSpireMod:Necrosis+1","Envenom+1","Dagger Spray","Masterful Stab+1","Draining Mist","Poisoned Stab+1","ReplayTheSpireMod:Necrosis+1","Panache","Pot Of Greed","Replay:Poison Smokescreen+1","Slice+1","Deflect+1","Slice","Poisoned Stab","Toxin Wave","Quick Slash","Jack Of All Trades","Quick Slash","Dodge and Roll"],"relics":["Ring of the Snake","AT_ATBox","Pen Nib","Lantern","Cauldron","Ancient Tea Set","ReplayTheSpireMod:ShopPack","Juzu Bracelet","Replay:Bandana","Grinning Jar","Sling","Omamori","InkBottle","Guide Book","Meat on the Bone","Pet Ghost","Astrolabe","Eternal Feather","Blood Vial","Orichalcum","Medical Kit","Torii","Incense Burner","PreservedInsect","Orrery","Replay:Bottled Snecko","Strawberry","Gambling Chip","AT_TrinityForce","StoneCalendar","Tingsha","Lee\u0027s Waffle","Nunchaku","Kunai","FossilizedHelix","ReplayTheSpireMod:TigerMarble","Gremlin Food","ClockworkSouvenir","Calipers","Replay:Arrowhead","Strange Spoon","AT_GuinsooRageblade","AT_ChloranthyRing","TheAbacus","Mummified Hand"],"acts_visited":["Exordium","TheCity","TheBeyond","TheEnding"],"potions_floor_usage":[18,18,18,54,54,54,60],"damage_taken":[{"damage":4,"enemies":"Small Slimes","floor":1,"turns":3},{"damage":14,"enemies":"Cultist","floor":4,"turns":2},{"damage":0,"enemies":"Jaw Worm","floor":9,"turns":1},{"damage":4,"enemies":"3 Louse","floor":10,"turns":1},{"damage":21,"enemies":"3 Sentries","floor":12,"turns":4},{"damage":5,"enemies":"Gremlin Nob","floor":14,"turns":2},{"damage":8,"enemies":"3 Sentries","floor":16,"turns":2},{"damage":10,"enemies":"Fading Forest","floor":18,"turns":11},{"damage":0,"enemies":"Shell Parasite","floor":20,"turns":1},{"damage":0,"enemies":"Chosen","floor":21,"turns":3},{"damage":37,"enemies":"Slavers","floor":25,"turns":3},{"damage":19,"enemies":"Centurion and Healer","floor":26,"turns":4},{"damage":7,"enemies":"Gremlin Leader","floor":29,"turns":3},{"damage":9,"enemies":"Slavers","floor":32,"turns":2},{"damage":28,"enemies":"Automaton","floor":35,"turns":5},{"damage":2,"enemies":"Orb Walker","floor":37,"turns":2},{"damage":6,"enemies":"3 Darklings","floor":38,"turns":1},{"damage":0,"enemies":"Sphere and 2 Shapes","floor":39,"turns":1},{"damage":6,"enemies":"Reptomancer","floor":43,"turns":3},{"damage":0,"enemies":"Spire Growth","floor":44,"turns":1},{"damage":22,"enemies":"R_Hoarder","floor":48,"turns":3},{"damage":50,"enemies":"Replay:Hell Engine","floor":54,"turns":7},{"damage":15,"enemies":"Shield and Spear","floor":59,"turns":1},{"damage":75,"enemies":"The Heart","floor":60,"turns":5}],"seed_played":"2235933468905328301","potions_obtained":[{"floor":2,"key":"LiquidMemories"},{"floor":2,"key":"LiquidMemories"},{"floor":2,"key":"Toxic Potion"},{"floor":18,"key":"Dexterity Potion"},{"floor":20,"key":"FearPotion"},{"floor":59,"key":"Poison Potion"}],"is_trial":false,"path_per_floor":["M","$","?","M","$","R","PTL","PTL","M","M","T","E","$","E","$","E","R","B",null,"M","M","?","$","?","E","M","R","T","E","$","T","E","?","R","B",null,"M","M","M","?","$","R","E","M","PTL","PTL","T","E","$","$","?","?","R","B",null,null,"R","$","E","B"],"character_chosen":"THE_SILENT","items_purchased":["Pen Nib","Lantern","Cauldron","AT_ArcaneSupremacy","ReplayTheSpireMod:Trickstab","Poisoned Stab+1","Sucker Punch","Ancient Tea Set","ReplayTheSpireMod:ShopPack","Finisher","Replay:Bandana","Grinning Jar","Sling","InkBottle","Guide Book","Slice","Blood Vial","Orichalcum","Medical Kit","AT_Desolate","Poisoned Stab+1","Terror","Dagger Spray","Toxic Potion","Explosive Potion","PreservedInsect","Deflect","Backstab","AT_Desolate","Orrery","Replay:Bottled Snecko","StoneCalendar","Tingsha","Lee\u0027s Waffle","ReplayTheSpireMod:Necrosis","Panache","AT_WindFlip","ReplayTheSpireMod:TigerMarble","Gremlin Food","ClockworkSouvenir","Slice","Poisoned Stab","Calipers","Replay:Arrowhead","Strange Spoon","Toxin Wave","Quick Slash","AT_ChloranthyRing","TheAbacus","Jack Of All Trades","Quick Slash"],"campfire_rested":2,"item_purchase_floors":[2,2,2,2,2,2,2,5,5,5,13,13,13,15,15,15,23,23,23,23,23,23,23,23,23,30,30,30,30,30,30,41,41,41,41,41,41,49,49,49,49,49,50,50,50,50,50,58,58,58,58],"current_hp_per_floor":[59,59,59,45,45,45,45,45,45,41,41,20,20,15,15,7,28,40,63,63,63,63,63,63,40,35,70,70,63,63,70,63,57,77,49,70,70,66,68,68,84,84,78,80,80,80,80,60,60,60,60,76,84,46,46,75,84,84,69,0,0],"gold":1823,"neow_bonus":"UPGRADE_CARD","is_daily":false,"chose_seed":false,"campfire_upgraded":5,"win_rate":0.0,"timestamp":1612777041,"path_taken":["M","$","?","?","$","R","PTL","PTL","M","M","T","E","$","E","$","E","R","BOSS","M","M","?","$","?","E","M","R","T","E","$","?","E","?","R","BOSS","M","M","M","?","$","R","E","M","PTL","PTL","T","E","?","$","?","?","R","BOSS","R","$","E","BOSS"],"items_purchased_type":["Relic","Card","Relic","Card","Card","Card","Card","Relic","Relic","Card","Relic","Relic","Relic","Relic","Relic","Card","Relic","Relic","Relic","Card","Card","Card","Card","Potion","Potion","Relic","Card","Card","Card","Relic","Relic","Relic","Relic","Relic","Card","Card","Card","Relic","Relic","Relic","Card","Card","Relic","Relic","Relic","Card","Card","Relic","Relic","Card","Card"],"build_version":"2020-12-22","purchased_purges":17,"victory":false,"max_hp_per_floor":[70,70,70,70,70,70,70,70,70,70,70,70,70,70,70,70,70,70,70,70,70,70,70,70,70,70,70,70,70,70,77,77,77,77,77,77,77,77,77,77,84,84,84,84,84,84,84,84,84,84,84,84,84,84,84,84,84,84,84,84,84],"card_choices":[{"not_picked":["AT_WindFlip","Accuracy"],"picked":"Slice","floor":1},{"not_picked":["Flying Knee","Acrobatics"],"picked":"Distraction","floor":1},{"not_picked":["ReplayTheSpireMod:The Works","Acrobatics"],"picked":"PiercingWail","floor":4},{"not_picked":["ReplayTheSpireMod:The Works","Toxin Wave"],"picked":"All Out Attack","floor":4},{"not_picked":["Thinking Ahead","Midas Touch"],"picked":"Mayhem","floor":5},{"not_picked":["Transmutation","Replay:Bootleg Shield Generator"],"picked":"Survey Options","floor":5},{"not_picked":["Replay:Sssssssssshield","AT_FalsePromise"],"picked":"Flash of Steel","floor":5},{"not_picked":["Underhanded Strike","Footwork"],"picked":"Quick Slash","floor":9},{"not_picked":["Dagger Throw","Hidden Blade","ReplayTheSpireMod:The Works"],"picked":"SKIP","floor":9},{"not_picked":["Quick Slash","Cloak And Dagger"],"picked":"Deflect","floor":10},{"not_picked":["Choke","Poisoned Stab"],"picked":"Deflect","floor":10},{"not_picked":["Prepared","Dagger Spray"],"picked":"Backstab","floor":12},{"not_picked":["Outmaneuver","Dagger Throw","Deadly Poison"],"picked":"SKIP","floor":14},{"not_picked":["Sucker Punch","Poison Darts"],"picked":"PiercingWail","floor":16},{"not_picked":["After Image","Venomology"],"picked":"ReplayTheSpireMod:Necrosis","floor":18},{"not_picked":["Venomology","Malaise"],"picked":"Poison Darts","floor":18},{"not_picked":["After Image","Malaise"],"picked":"Burst","floor":18},{"not_picked":["All Out Attack","Sneak Up"],"picked":"Poisoned Stab","floor":20},{"not_picked":["Blade Dance","Prepared"],"picked":"Dagger Spray","floor":20},{"not_picked":["Blade Dance","Prepared"],"picked":"Sucker Punch","floor":21},{"not_picked":["Cloak And Dagger+1","Prepared+1"],"picked":"Bane+1","floor":21},{"not_picked":["Outmaneuver+1","Endless Agony+1"],"picked":"Poisoned Stab+1","floor":25},{"not_picked":["Infinite Blades+1","Predator+1"],"picked":"Deadly Poison","floor":26},{"not_picked":["PiercingWail","Cloak And Dagger"],"picked":"AT_Desolate","floor":26},{"not_picked":["ReplayTheSpireMod:Speed Training","Acrobatics+1","Flying Knee"],"picked":"SKIP","floor":29},{"not_picked":["Leg Sweep","Glass Knife"],"picked":"Sucker Punch","floor":30},{"not_picked":["Poisoned Stab","Caltrops"],"picked":"Slice+1","floor":30},{"not_picked":["Grand Finale","AT_WindFlip+1"],"picked":"AT_FocusSwordFire+1","floor":30},{"not_picked":["Dagger Throw","Predator"],"picked":"Cloak And Dagger+1","floor":30},{"not_picked":["Calculated Gamble+1","Prepared"],"picked":"Sucker Punch+1","floor":30},{"not_picked":["Bouncing Flask","ReplayTheSpireMod:Speed Training+1"],"picked":"Crippling Poison","floor":32},{"not_picked":["Glass Knife","Storm of Steel"],"picked":"Poison Darts","floor":35},{"not_picked":["A Thousand Cuts","Replay:Bag of Tricks"],"picked":"ReplayTheSpireMod:Necrosis","floor":35},{"not_picked":["Night Terror","Wraith Form v2"],"picked":"Envenom","floor":35},{"not_picked":["Hidden Blade","Deadly Poison"],"picked":"Dagger Spray","floor":37},{"not_picked":["Concentrate","Underhanded Strike","Blade Dance+1"],"picked":"SKIP","floor":37},{"not_picked":["Sucker Punch+1","AT_ShadowStep+1"],"picked":"Blade Dance+1","floor":38},{"not_picked":["Acrobatics+1","Cloak And Dagger+1"],"picked":"Masterful Stab+1","floor":38},{"not_picked":["AT_KneejerkReflex+1","AT_WomanClash+1"],"picked":"Draining Mist","floor":39},{"not_picked":["Underhanded Strike","Footwork"],"picked":"Poisoned Stab+1","floor":39},{"not_picked":["Quick Slash+1","Flying Knee+1"],"picked":"Replay:Poison Smokescreen+1","floor":43},{"not_picked":["Outmaneuver","Predator"],"picked":"Slice+1","floor":44},{"not_picked":["Phantasmal Killer","Underhanded Strike+1","Cloak And Dagger"],"picked":"SKIP","floor":44},{"not_picked":["AT_WindFlip+1","Bouncing Flask+1"],"picked":"Deflect+1","floor":48},{"not_picked":["Unload","AT_TinkerSharpsword"],"picked":"Dodge and Roll","floor":59}],"player_experience":78950,"relics_obtained":[{"floor":12,"key":"Juzu Bracelet"},{"floor":14,"key":"Omamori"},{"floor":16,"key":"Meat on the Bone"},{"floor":18,"key":"Pet Ghost"},{"floor":28,"key":"Torii"},{"floor":29,"key":"Incense Burner"},{"floor":31,"key":"Strawberry"},{"floor":35,"key":"Gambling Chip"},{"floor":43,"key":"Nunchaku"},{"floor":47,"key":"Kunai"},{"floor":48,"key":"FossilizedHelix"},{"floor":51,"key":"AT_GuinsooRageblade"},{"floor":59,"key":"Mummified Hand"}],"event_choices":[{"damage_healed":0,"gold_gain":0,"player_choice":"2 cards matched","damage_taken":0,"max_hp_gain":0,"max_hp_loss":0,"event_name":"Match and Keep!","floor":3,"gold_loss":0,"cards_obtained":["Caltrops","Replay:Bootleg Shield Generator"]},{"damage_healed":0,"gold_gain":0,"player_choice":"Upgraded","damage_taken":0,"max_hp_gain":0,"max_hp_loss":0,"event_name":"Upgrade Shrine","floor":24,"gold_loss":0,"cards_upgraded":["ReplayTheSpireMod:Necrosis"]},{"damage_healed":0,"gold_gain":0,"player_choice":"Joined the Cult","damage_taken":6,"max_hp_gain":0,"max_hp_loss":0,"event_name":"Nest","floor":33,"gold_loss":0,"cards_obtained":["RitualDagger"]},{"cards_removed":["Pot Of Greed"],"damage_healed":0,"gold_gain":0,"player_choice":"Removed Skill","damage_taken":0,"max_hp_gain":0,"max_hp_loss":0,"event_name":"Falling","floor":40,"gold_loss":0},{"damage_healed":0,"gold_gain":0,"player_choice":"Relic","damage_taken":0,"max_hp_gain":0,"max_hp_loss":0,"event_name":"Wheel of Change","floor":51,"gold_loss":0}],"is_beta":false,"boss_relics":[{"not_picked":["SacredBark","Ring of Chaos"],"picked":"Astrolabe"},{"not_picked":["SlaversCollar","ReplayTheSpireMod:DimensionalGlitch"],"picked":"AT_TrinityForce"}],"items_purged_floors":[2,2,2,2,2,2,2,2,2,5,5,5,23,23,23,41,41],"is_endless":false,"potions_floor_spawned":[9,10,14,16,18,20,25,35,39,48,59],"killed_by":"The Heart","ascension_level":9}}