{"host":"kmq7aw60w430zvtx","time":1612788920,"event":{"mods":["BaseMod","Downfall","GifTheSpireLib","Hermit","Hubris","Infinite Spire","Minty Spire (QoL Compilation)","Reliquary","Replay The Spire","Spire Arcade","StSLib","The Construct","The Cursed","The Hierophant","The Jungle","The Necromancer","The Runesmith"],"gold_per_floor":[119,135,150,166,166,195,254,254,254,279,19,139,64,84,84,184,184,198,264,264,278,278,278,311,311,393,407,407,407,407,407],"floor_reached":30,"language":"ENG","playtime":1305,"items_purged":["Strike_P"],"score":337,"play_id":"3ad74ef5-0f7f-4ba7-83d3-97dce6d1c086","local_time":"20210208135520","is_ascension_mode":true,"campfire_choices":[{"floor":8,"key":"REST"},{"floor":15,"key":"REST"},{"floor":23,"key":"RECALL"},{"floor":25,"key":"REST"}],"circlet_count":0,"master_deck":["Strike_P","Strike_P","Strike_P","Defend_P","Defend_P","Defend_P","Eruption","Vigilance","FollowUp","Prostrate","JustLucky","Wish","Replay:Vibes","SashWhip","Devotion","SignatureMove","Worship","DevaForm","Prostrate","FlurryOfBlows","Consecrate","SashWhip"],"relics":["PureWater","Bag of Marbles","Singing Bowl","Replay:Mystery Machine","Nunchaku","reliquary:RoseTintedGlasses","infinitespire:Beetle Shell","Sozu","theJungle:PaperFaux","construct:FoamFinger","Replay:Bottled Snecko"],"acts_visited":["Exordium","theJungle:Jungle"],"potions_floor_usage":[6,10,14,16,24],"damage_taken":[{"damage":0,"enemies":"Small Slimes","floor":1,"turns":2},{"damage":1,"enemies":"2 Louse","floor":2,"turns":3},{"damage":3,"enemies":"Jaw Worm","floor":3,"turns":3},{"damage":1,"enemies":"Blue Slaver","floor":4,"turns":3},{"damage":10,"enemies":"Gremlin Nob","floor":6,"turns":4},{"damage":28,"enemies":"Gremlin Nob","floor":7,"turns":4},{"damage":27,"enemies":"3 Sentries","floor":10,"turns":7},{"damage":4,"enemies":"3 Louse","floor":14,"turns":3},{"damage":0,"enemies":"Slime Boss","floor":16,"turns":7},{"damage":15,"enemies":"theJungle:MUSHROOMGANG","floor":18,"turns":6},{"damage":15,"enemies":"theJungle:Flameango_and_Byrd","floor":21,"turns":6},{"damage":36,"enemies":"theJungle:Cassacara","floor":24,"turns":6},{"damage":28,"enemies":"theJungle:2_Flameangoes","floor":27,"turns":4},{"damage":4,"enemies":"theJungle:Snecko_Cultist_And_Trap","floor":30,"turns":3}],"seed_played":"5179715858900288874","potions_obtained":[{"floor":2,"key":"Ancient Potion"},{"floor":3,"key":"StancePotion"},{"floor":6,"key":"Guardian:BlockOnCardUsePotion"},{"floor":12,"key":"Swift Potion"},{"floor":14,"key":"Ambrosia"}],"is_trial":false,"path_per_floor":["M","M","M","M","?","E","?","R","T","E","$","?","$","M","R","B",null,"M","?","?","M","?","R","E","R","T","M","?","?","M"],"character_chosen":"WATCHER","items_purchased":["infinitespire:Beetle Shell","LifebloodPotion","SignatureMove"],"campfire_rested":3,"item_purchase_floors":[11,11,11],"current_hp_per_floor":[72,71,68,67,64,54,26,47,47,20,20,20,20,16,37,37,72,57,59,59,44,44,44,8,30,30,2,2,2,0,0],"gold":407,"neow_bonus":"RANDOM_COMMON_RELIC","is_daily":false,"chose_seed":false,"campfire_upgraded":0,"win_rate":0.0,"timestamp":1612788920,"path_taken":["M","M","M","M","?","E","?","R","T","E","$","?","?","M","R","BOSS","M","?","?","?","?","R","E","R","T","M","?","?","M"],"items_purchased_type":["Relic","Potion","Card"],"build_version":"2020-12-22","purchased_purges":1,"victory":false,"max_hp_per_floor":[72,72,72,72,72,72,72,72,72,72,72,72,72,72,72,72,72,72,74,74,74,74,74,74,74,74,74,74,74,74,74],"card_choices":[{"not_picked":["EmptyBody","Replay:Vibes"],"picked":"FollowUp","floor":1},{"not_picked":["Replay:Vibes","CutThroughFate"],"picked":"Prostrate","floor":2},{"not_picked":["Conclude","TalkToTheHand"],"picked":"JustLucky","floor":3},{"not_picked":["FlyingSleeves","SandsOfTime"],"picked":"Wish","floor":4},{"not_picked":["FlyingSleeves","Study"],"picked":"Replay:Vibes","floor":6},{"not_picked":["EmptyFist","Replay:Cycle"],"picked":"SashWhip","floor":7},{"not_picked":["DevaForm","LikeWater"],"picked":"Devotion","floor":10},{"not_picked":["WheelKick","FlyingSleeves"],"picked":"Worship","floor":14},{"not_picked":["Judgement","Omniscience"],"picked":"DevaForm","floor":16},{"not_picked":["Adaptation","ThirdEye"],"picked":"Prostrate","floor":18},{"not_picked":["FlyingSleeves","InnerPeace","Replay:AtTheReady"],"picked":"Singing Bowl","floor":19},{"not_picked":["Tantrum","Worship"],"picked":"FlurryOfBlows","floor":21},{"not_picked":["Pray","Protect+1"],"picked":"Consecrate","floor":24},{"not_picked":["Replay:Hum","SignatureMove+1"],"picked":"SashWhip","floor":27}],"player_experience":351403,"relics_obtained":[{"floor":6,"key":"Replay:Mystery Machine"},{"floor":7,"key":"Nunchaku"},{"floor":10,"key":"reliquary:RoseTintedGlasses"},{"floor":24,"key":"construct:FoamFinger"},{"floor":26,"key":"Replay:Bottled Snecko"}],"event_choices":[{"damage_healed":0,"gold_gain":0,"player_choice":"Success","damage_taken":3,"relics_obtained":["Singing Bowl"],"max_hp_gain":0,"max_hp_loss":0,"event_name":"Scrap Ooze","floor":5,"gold_loss":0},{"damage_healed":0,"gold_gain":30,"player_choice":"Searched \u00273\u0027 times","damage_taken":0,"max_hp_gain":0,"max_hp_loss":0,"event_name":"Dead Adventurer","floor":7,"gold_loss":0},{"cards_removed":["Defend_P"],"damage_healed":0,"gold_gain":0,"player_choice":"Purged","damage_taken":0,"max_hp_gain":0,"max_hp_loss":0,"event_name":"Purifier","floor":20,"gold_loss":0},{"cards_removed":["Shame"],"damage_healed":0,"gold_gain":0,"player_choice":"Removed Curses","damage_taken":0,"max_hp_gain":0,"max_hp_loss":0,"event_name":"Fountain of Cleansing","floor":29,"gold_loss":0}],"is_beta":false,"boss_relics":[{"not_picked":["hubris:HollowSoul","reliquary:Ember"],"picked":"Sozu"}],"items_purged_floors":[13],"is_endless":false,"potions_floor_spawned":[2,3,6,14,18,24],"killed_by":"theJungle:Snecko_Cultist_And_Trap","ascension_level":2}}