{"host":"rmt60uil2jppa14k","time":1612800722,"event":{"mods":["AchievementEnabler","BaseMod","Better Third Choice","Colored Powertips","Highlight Path","Minty Spire (QoL Compilation)","Quick Restart","Rare Cards Sparkle","Shop Mod","StSLib"],"gold_per_floor":[111,111,122,122,50,50,65,65,65,75,102,102,121,136,136,233,233,247,64,64,80,80,80,100,110,136,136,28,28,45,45,45,142,142,162,212,212,228,243,254,35,35,35],"floor_reached":42,"language":"ENG","playtime":1590,"items_purged":[],"score":465,"play_id":"7df6a11b-f64f-4603-a308-b3da4bfa6d9a","local_time":"20210208161202","is_ascension_mode":false,"campfire_choices":[{"floor":8,"key":"REST"},{"floor":12,"key":"REST"},{"data":"Creative AI","floor":15,"key":"SMITH"},{"floor":23,"key":"REST"},{"floor":27,"key":"REST"},{"floor":29,"key":"REST"},{"data":"Buffer","floor":32,"key":"SMITH"}],"circlet_count":0,"master_deck":["Strike_B+1","Strike_B+1","Strike_B","Strike_B","Defend_B","Defend_B","Defend_B","Defend_B","Zap+1","Dualcast","Gash","Genetic Algorithm","Demon Form","Storm+1","Rebound","Ball Lightning","Creative AI+1","Aggregate","Sweeping Beam","Buffer+1","CurseOfTheBell","Ball Lightning+1","Static Discharge","Loop+1","Chaos+1","Defragment","Coolheaded","Discovery","Conserve Battery","Thunder Strike","Cold Snap","Stack+1","Capacitor","Jack Of All Trades","Turbo+1","Chaos+1","Chill+1","Self Repair","Thunder Strike"],"relics":["Cracked Core","NeowsBlessing","Regal Pillow","Whetstone","Odd Mushroom","Calling Bell","Lantern","Cables","Thread and Needle","Runic Capacitor","MutagenicStrength","Boot","Inserter","Shovel","Membership Card"],"acts_visited":["Exordium","TheCity","TheBeyond"],"potions_floor_usage":[14,16,16,24,25,33,35,40],"damage_taken":[{"damage":0,"enemies":"2 Louse","floor":1,"turns":1},{"damage":0,"enemies":"Small Slimes","floor":3,"turns":1},{"damage":0,"enemies":"Jaw Worm","floor":7,"turns":1},{"damage":10,"enemies":"Large Slime","floor":10,"turns":4},{"damage":20,"enemies":"The Mushroom Lair","floor":11,"turns":3},{"damage":6,"enemies":"3 Louse","floor":13,"turns":3},{"damage":0,"enemies":"2 Fungi Beasts","floor":14,"turns":3},{"damage":64,"enemies":"Hexaghost","floor":16,"turns":8},{"damage":13,"enemies":"3 Byrds","floor":18,"turns":4},{"damage":5,"enemies":"Shell Parasite","floor":21,"turns":5},{"damage":16,"enemies":"Cultist and Chosen","floor":24,"turns":5},{"damage":51,"enemies":"3 Cultists","floor":25,"turns":5},{"damage":10,"enemies":"Snake Plant","floor":30,"turns":4},{"damage":0,"enemies":"Champ","floor":33,"turns":10},{"damage":13,"enemies":"3 Shapes","floor":35,"turns":3},{"damage":0,"enemies":"Mind Bloom Boss Battle","floor":36,"turns":5},{"damage":19,"enemies":"Orb Walker","floor":38,"turns":3},{"damage":45,"enemies":"Writhing Mass","floor":39,"turns":5},{"damage":0,"enemies":"Maw","floor":40,"turns":8},{"damage":4,"enemies":"Spire Growth","floor":42,"turns":2}],"seed_played":"5362481441196094373","potions_obtained":[{"floor":1,"key":"AttackPotion"},{"floor":11,"key":"SteroidPotion"},{"floor":13,"key":"ColorlessPotion"},{"floor":14,"key":"LiquidMemories"},{"floor":16,"key":"DistilledChaos"},{"floor":21,"key":"LiquidMemories"},{"floor":25,"key":"SpeedPotion"},{"floor":30,"key":"Ancient Potion"},{"floor":33,"key":"Explosive Potion"},{"floor":38,"key":"PotionOfCapacity"},{"floor":40,"key":"PotionOfCapacity"}],"is_trial":false,"path_per_floor":["M","?","M","?","$","?","M","R","T","M","?","R","M","M","R","B",null,"M","$","?","M","?","R","M","M","T","R","$","R","M","?","R","B",null,"M","?","?","M","M","M","$","M"],"character_chosen":"DEFECT","items_purchased":["Storm","Static Discharge","Runic Capacitor","Coolheaded","Discovery","Membership Card","Self Repair","Thunder Strike"],"campfire_rested":5,"item_purchase_floors":[5,19,19,28,28,41,41,41],"current_hp_per_floor":[75,75,75,61,61,66,66,80,80,70,50,80,74,74,74,10,80,67,67,67,62,62,80,64,13,13,52,52,80,70,70,70,70,80,67,67,67,48,3,3,3,0,0],"gold":35,"neow_bonus":"THREE_ENEMY_KILL","is_daily":false,"chose_seed":false,"campfire_upgraded":2,"win_rate":0.0,"timestamp":1612800722,"path_taken":["M","?","M","?","$","?","M","R","T","M","?","R","?","M","R","BOSS","M","$","?","M","?","R","M","M","T","R","$","R","M","?","R","BOSS","M","?","?","M","M","?","$","M"],"items_purchased_type":["Card","Card","Relic","Card","Card","Relic","Card","Card"],"build_version":"2020-12-22","purchased_purges":0,"victory":false,"max_hp_per_floor":[75,75,75,75,75,80,80,80,80,80,80,80,80,80,80,80,80,80,80,80,80,80,80,80,80,80,80,80,80,80,80,80,80,80,80,80,80,80,80,80,80,80,80],"card_choices":[{"not_picked":["Steam Power","Go for the Eyes"],"picked":"Gash","floor":1},{"not_picked":["Ball Lightning","Glacier"],"picked":"Genetic Algorithm","floor":3},{"not_picked":["Barrage","Doom and Gloom"],"picked":"Rebound","floor":7},{"not_picked":["Aggregate","Stack"],"picked":"Ball Lightning","floor":10},{"not_picked":["Glacier","Go for the Eyes"],"picked":"Creative AI","floor":11},{"not_picked":["Rebound","Barrage"],"picked":"Aggregate","floor":13},{"not_picked":["Gash","White Noise"],"picked":"Sweeping Beam","floor":14},{"not_picked":["Meteor Strike","Creative AI"],"picked":"Buffer","floor":16},{"not_picked":["Cold Snap","Streamline+1"],"picked":"Ball Lightning+1","floor":18},{"not_picked":["Skim","Darkness"],"picked":"Loop+1","floor":21},{"not_picked":["Coolheaded","Ball Lightning"],"picked":"Chaos+1","floor":24},{"not_picked":["Cold Snap","Barrage+1"],"picked":"Defragment","floor":25},{"not_picked":["Sweeping Beam","Fission"],"picked":"Conserve Battery","floor":30},{"not_picked":["Machine Learning","Rainbow"],"picked":"Thunder Strike","floor":33},{"not_picked":["Doom and Gloom","Scrape"],"picked":"Cold Snap","floor":35},{"not_picked":["Compile Driver+1","BootSequence"],"picked":"Stack+1","floor":36},{"not_picked":["Chaos","Stack+1"],"picked":"Turbo+1","floor":38},{"not_picked":["Darkness+1","Sweeping Beam"],"picked":"Chaos+1","floor":39},{"not_picked":["Hologram+1","Go for the Eyes+1"],"picked":"Chill+1","floor":40}],"player_experience":146852,"relics_obtained":[{"floor":9,"key":"Whetstone"},{"floor":11,"key":"Odd Mushroom"},{"floor":17,"key":"Lantern"},{"floor":17,"key":"Cables"},{"floor":17,"key":"Thread and Needle"},{"floor":26,"key":"Boot"},{"floor":36,"key":"Shovel"}],"event_choices":[{"damage_healed":0,"gold_gain":0,"player_choice":"Grow","damage_taken":0,"max_hp_gain":0,"max_hp_loss":0,"event_name":"Living Wall","floor":2,"gold_loss":0,"cards_upgraded":["Zap"]},{"damage_healed":0,"gold_gain":0,"player_choice":"Donut","damage_taken":0,"max_hp_gain":5,"max_hp_loss":0,"event_name":"Big Fish","floor":6,"gold_loss":0},{"damage_healed":0,"gold_gain":0,"player_choice":"Fought Mushrooms","damage_taken":0,"max_hp_gain":0,"max_hp_loss":0,"event_name":"Mushrooms","floor":11,"gold_loss":0},{"damage_healed":0,"gold_gain":0,"player_choice":"Ignored","damage_taken":0,"max_hp_gain":0,"max_hp_loss":0,"event_name":"Ghosts","floor":20,"gold_loss":0},{"damage_healed":0,"gold_gain":0,"player_choice":"Inject Mutagens","damage_taken":0,"relics_obtained":["MutagenicStrength"],"max_hp_gain":0,"max_hp_loss":0,"event_name":"Drug Dealer","floor":22,"gold_loss":0},{"damage_healed":0,"gold_gain":0,"player_choice":"Forge","damage_taken":0,"max_hp_gain":0,"max_hp_loss":0,"event_name":"Accursed Blacksmith","floor":31,"gold_loss":0,"cards_upgraded":["Storm"]},{"damage_healed":0,"gold_gain":0,"player_choice":"Fight","damage_taken":0,"max_hp_gain":0,"max_hp_loss":0,"event_name":"MindBloom","floor":36,"gold_loss":0},{"damage_healed":0,"gold_gain":0,"player_choice":"2 cards matched","damage_taken":0,"max_hp_gain":0,"max_hp_loss":0,"event_name":"Match and Keep!","floor":37,"gold_loss":0,"cards_obtained":["Capacitor","Jack Of All Trades"]}],"is_beta":false,"boss_relics":[{"not_picked":["Runic Pyramid","Black Star"],"picked":"Calling Bell"},{"not_picked":["Busted Crown","Sozu"],"picked":"Inserter"}],"items_purged_floors":[],"is_endless":false,"potions_floor_spawned":[1,11,13,14,16,21,25,30,33,38,40],"killed_by":"Spire Growth","ascension_level":0}}