{"host":"axuns55dzq466eei","time":1612787792,"event":{"mods":["BaseMod","Colored Map","Keyboard Shortcuts","Minty Spire (QoL Compilation)","StSLib","SuperFastMode"],"gold_per_floor":[112,92,105,121,121,121,146,160,183,206,223,223,235,31,31,31,31],"floor_reached":16,"language":"KOR","playtime":344,"items_purged":["Strike_R"],"score":204,"play_id":"5b28c0bc-b916-4ae6-a665-f5c985b0dd49","local_time":"20210208213632","is_ascension_mode":true,"campfire_choices":[{"data":"Combust","floor":6,"key":"SMITH"},{"data":"Shockwave","floor":12,"key":"SMITH"},{"floor":15,"key":"REST"}],"circlet_count":0,"master_deck":["AscendersBane","Strike_R","Strike_R","Strike_R","Strike_R","Defend_R","Defend_R","Defend_R","Defend_R","Bash","Combust+1","Anger","Clothesline+1","Shockwave+1","Second Wind","Uppercut","Dark Embrace","Pommel Strike"],"relics":["Burning Blood","NeowsBlessing","Art of War","Centennial Puzzle","Anchor"],"acts_visited":["Exordium"],"potions_floor_usage":[7,16],"damage_taken":[{"damage":0,"enemies":"Small Slimes","floor":1,"turns":1},{"damage":0,"enemies":"Cultist","floor":3,"turns":1},{"damage":0,"enemies":"Jaw Worm","floor":4,"turns":1},{"damage":39,"enemies":"3 Sentries","floor":7,"turns":7},{"damage":23,"enemies":"Gremlin Gang","floor":8,"turns":3},{"damage":6,"enemies":"Exordium Wildlife","floor":11,"turns":3},{"damage":9,"enemies":"Blue Slaver","floor":13,"turns":5},{"damage":45,"enemies":"Slime Boss","floor":16,"turns":6}],"seed_played":"-8295287282311001138","potions_obtained":[{"floor":1,"key":"SpeedPotion"},{"floor":2,"key":"GamblersBrew"},{"floor":3,"key":"Energy Potion"},{"floor":8,"key":"Fire Potion"}],"is_trial":false,"path_per_floor":["M","?","M","M","?","R","E","M","T","T","M","R","M","$","R","B"],"character_chosen":"IRONCLAD","items_purchased":["Dark Embrace","Pommel Strike"],"campfire_rested":1,"item_purchase_floors":[14,14],"current_hp_per_floor":[74,74,75,75,75,75,42,25,25,25,25,25,22,22,44,0,0],"gold":31,"neow_bonus":"THREE_ENEMY_KILL","is_daily":false,"chose_seed":false,"campfire_upgraded":2,"win_rate":0.0,"timestamp":1612787792,"path_taken":["M","?","M","?","?","R","E","?","T","?","?","R","M","$","R","BOSS"],"items_purchased_type":["Card","Card"],"build_version":"2020-12-22","purchased_purges":1,"victory":false,"max_hp_per_floor":[75,75,75,75,75,75,75,75,75,75,75,75,75,75,75,75,75],"card_choices":[{"not_picked":["Cleave","Feel No Pain"],"picked":"Combust","floor":1},{"not_picked":["Pummel","Sever Soul"],"picked":"Anger","floor":3},{"not_picked":["Iron Wave","Heavy Blade"],"picked":"Clothesline","floor":4},{"not_picked":["Clothesline","Entrench"],"picked":"Shockwave","floor":7},{"not_picked":["Headbutt","Searing Blow"],"picked":"Second Wind","floor":8},{"not_picked":["Reckless Charge","Combust","Havoc"],"picked":"SKIP","floor":11},{"not_picked":["Anger","Armaments"],"picked":"Uppercut","floor":13}],"player_experience":1124723,"relics_obtained":[{"floor":7,"key":"Art of War"},{"floor":9,"key":"Centennial Puzzle"},{"floor":10,"key":"Anchor"}],"event_choices":[{"damage_healed":0,"gold_gain":0,"player_choice":"Bought 1 Potion","damage_taken":0,"max_hp_gain":0,"max_hp_loss":0,"event_name":"The Woman in Blue","floor":2,"gold_loss":0},{"damage_healed":0,"gold_gain":0,"player_choice":"Upgraded","damage_taken":0,"max_hp_gain":0,"max_hp_loss":0,"event_name":"Upgrade Shrine","floor":5,"gold_loss":0,"cards_upgraded":["Clothesline"]}],"is_beta":false,"boss_relics":[],"items_purged_floors":[14],"is_endless":false,"potions_floor_spawned":[1,3,8,13],"killed_by":"Slime Boss","ascension_level":20}}