{"host":"drjz7zl15rqtgg20","time":1612818688,"event":{"mods":["BaseMod","Colored Map","Downfall","Minty Spire (QoL Compilation)","Permanent Neow","Quick Restart","StSLib"],"gold_per_floor":[99,115,133,43,43,43,43,143,159,189,203,237,256,271,290,290,290,290],"floor_reached":16,"language":"ENG","playtime":718,"items_purged":["bronze:Strike"],"score":120,"play_id":"e833fcee-320f-4b09-832d-56d50bdc676d","local_time":"20210208161128","is_ascension_mode":true,"campfire_choices":[{"floor":1,"key":"RECALL"},{"data":"bronze:Iterate","floor":6,"key":"SMITH"}],"circlet_count":0,"master_deck":["bronze:Strike","bronze:Strike","bronze:Defend","bronze:Defend","bronze:Defend","bronze:Defend","bronze:Replicate","bronze:Goto","Dramatic Entrance","bronze:Frontload","bronze:Iterate+1","bronze:ChosenStrike","bronze:RecursiveStrike"],"relics":["bronze:BronzeCore","Pen Nib","Gambling Chip"],"acts_visited":["Exordium"],"potions_floor_usage":[],"damage_taken":[{"damage":1,"enemies":"Cultist","floor":2,"turns":4},{"damage":0,"enemies":"2 Louse","floor":3,"turns":3},{"damage":0,"enemies":"downfall:FleeingMerchant","floor":4,"turns":4},{"damage":0,"enemies":"Jaw Worm","floor":9,"turns":3},{"damage":8,"enemies":"3 Sentries","floor":10,"turns":9},{"damage":0,"enemies":"Blue Slaver","floor":11,"turns":3},{"damage":17,"enemies":"Gremlin Nob","floor":12,"turns":5},{"damage":6,"enemies":"Exordium Thugs","floor":13,"turns":3},{"damage":7,"enemies":"Large Slime","floor":14,"turns":5},{"damage":0,"enemies":"Lots of Slimes","floor":15,"turns":2},{"damage":31,"enemies":"WA_ARCHETYPE_RETAIN","floor":16,"turns":6}],"seed_played":"8315226213591418145","potions_obtained":[{"floor":2,"key":"SpeedPotion"},{"floor":9,"key":"PowerPotion"},{"floor":12,"key":"PowerPotion"}],"is_trial":false,"path_per_floor":["R","M","M","$","?","R","T","?","M","E","M","E","M","M","M","B"],"character_chosen":"THE_AUTOMATON","items_purchased":[],"campfire_rested":0,"item_purchase_floors":[],"current_hp_per_floor":[70,69,69,69,69,69,69,69,69,61,61,44,38,31,31,0,0,0],"gold":290,"neow_bonus":"RANDOM_COLORLESS","is_daily":false,"chose_seed":false,"campfire_upgraded":1,"win_rate":0.0,"timestamp":1612818688,"path_taken":["R","M","M","$","?","R","T","?","M","E","M","E","M","?","M","BOSS"],"items_purchased_type":[],"build_version":"2020-12-22","purchased_purges":1,"victory":false,"max_hp_per_floor":[70,70,70,70,70,70,70,70,70,70,70,70,70,70,70,70,70,70],"card_choices":[{"not_picked":["Trip","Good Instincts"],"picked":"Dramatic Entrance","floor":0},{"not_picked":["bronze:Repair","bronze:Optimize"],"picked":"bronze:Frontload","floor":2},{"not_picked":["bronze:WildBeam","bronze:Shield","bronze:BugBarrage"],"picked":"SKIP","floor":3},{"not_picked":["bronze:CutThrough","bronze:DelayedGuard"],"picked":"bronze:Iterate","floor":4},{"not_picked":["bronze:Deprecate","bronze:DelayedGuard","bronze:Invalidate"],"picked":"SKIP","floor":9},{"not_picked":["bronze:WildBeam","bronze:Backtrace","bronze:Overheat"],"picked":"SKIP","floor":10},{"not_picked":["bronze:Deprecate","bronze:Safeguard","bronze:Frontload"],"picked":"SKIP","floor":11},{"not_picked":["bronze:Repulsor","bronze:Iterate","bronze:Turbo"],"picked":"SKIP","floor":12},{"not_picked":["bronze:ForLoop","bronze:Iterate"],"picked":"bronze:ChosenStrike","floor":13},{"not_picked":["bronze:Shield","bronze:BugBarrage","bronze:DelayedSlice"],"picked":"SKIP","floor":14},{"not_picked":["bronze:Safeguard","bronze:Backtrace"],"picked":"bronze:RecursiveStrike","floor":15}],"player_experience":667919,"relics_obtained":[{"floor":10,"key":"Pen Nib"},{"floor":12,"key":"Gambling Chip"}],"event_choices":[{"cards_removed":["bronze:Strike"],"damage_healed":0,"gold_gain":0,"player_choice":"Card Removal","damage_taken":0,"max_hp_gain":0,"max_hp_loss":0,"event_name":"The Cleric","floor":5,"gold_loss":0}],"is_beta":false,"boss_relics":[],"items_purged_floors":[4],"is_endless":false,"potions_floor_spawned":[2,9,12,14],"killed_by":"WA_ARCHETYPE_RETAIN","ascension_level":1}}