{"host":"0u8wq8q0l49hd262","time":1612791396,"event":{"mods":["2.2 Compatiblity","AchievementEnabler","Act Like it!","BaseMod","Better Note","Better Third Choice","Block Reminder","Colored Map","Colored Powertips","GifTheSpireLib","Highlight Path","Minty Spire (QoL Compilation)","Pale of the Ancients","Permanent Neow","Quick Restart","Rare Cards Sparkle","Relic Sorter","Relic Stats","StSLib","Transform Curses","egg","everything is the same but u backflip on backflip"],"gold_per_floor":[119,69,69,69,83,114,114,142,142,142,142,176,25,25,25],"floor_reached":14,"language":"ENG","playtime":561,"items_purged":[],"score":155,"play_id":"994ab8b5-1982-4c23-9fbe-b68ac8037a7a","local_time":"20210208143636","is_ascension_mode":true,"campfire_choices":[{"data":"Dualcast","floor":7,"key":"SMITH"},{"data":"Static Discharge","floor":10,"key":"SMITH"}],"circlet_count":0,"master_deck":["Strike_B","Strike_B","Strike_B","Defend_B","Defend_B","Defend_B","Zap+1","Dualcast+1","Auto Shields","Ball Lightning","Static Discharge+1","All For One"],"relics":["Cracked Core","NeowsBlessing","WingedGreaves","CaptainsWheel","Pear","Gremlin Horn","Toxic Egg 2","Art of War"],"acts_visited":["Exordium"],"potions_floor_usage":[14],"damage_taken":[{"damage":0,"enemies":"Jaw Worm","floor":1,"turns":1},{"damage":0,"enemies":"2 Louse","floor":5,"turns":1},{"damage":0,"enemies":"3 Sentries","floor":6,"turns":1},{"damage":20,"enemies":"Gremlin Nob","floor":8,"turns":4},{"damage":4,"enemies":"Lagavulin","floor":12,"turns":4},{"damage":10,"enemies":"3 Sentries","floor":14,"turns":2}],"seed_played":"-4319169907610585547","potions_obtained":[{"floor":1,"key":"PowerPotion"},{"floor":5,"key":"SmokeBomb"}],"is_trial":false,"path_per_floor":["M","?","?","?","M","E","R","E","T","R","?","E","$","E"],"character_chosen":"DEFECT","items_purchased":["Art of War"],"campfire_rested":0,"item_purchase_floors":[13],"current_hp_per_floor":[75,75,68,19,19,29,29,9,9,9,9,5,5,0,0],"gold":25,"neow_bonus":"THREE_ENEMY_KILL","is_daily":false,"chose_seed":false,"campfire_upgraded":2,"win_rate":0.0,"timestamp":1612791396,"path_taken":["M","?","?","?","M","E","R","E","T","R","?","E","$","E"],"items_purchased_type":["Relic"],"build_version":"2020-12-22","purchased_purges":0,"victory":false,"max_hp_per_floor":[75,75,75,75,75,85,85,85,85,85,85,85,85,85,85],"relic_stats":{"Gremlin Horn":[0,0],"counters":[6,13],"Art of War":[0],"obtain_stats":[{"CaptainsWheel":4,"Pear":6,"NeowsBlessing":0,"Gremlin Horn":8,"WingedGreaves":4,"Art of War":13,"Toxic Egg 2":12,"Cracked Core":0},{"CaptainsWheel":1,"Pear":3,"NeowsBlessing":0,"Gremlin Horn":4,"WingedGreaves":1,"Art of War":5,"Toxic Egg 2":5,"Cracked Core":0},{"CaptainsWheel":1,"Pear":3,"NeowsBlessing":0,"Gremlin Horn":7,"WingedGreaves":1,"Art of War":11,"Toxic Egg 2":11,"Cracked Core":0}]},"card_choices":[{"not_picked":["Melter","Sunder"],"picked":"Auto Shields","floor":1},{"not_picked":["Beam Cell","White Noise"],"picked":"Ball Lightning","floor":5},{"not_picked":["FTL","Recycle","Stack"],"picked":"SKIP","floor":6},{"not_picked":["Beam Cell","Rip and Tear"],"picked":"Static Discharge","floor":8},{"not_picked":["Go for the Eyes","Coolheaded+1"],"picked":"All For One","floor":12}],"player_experience":394058,"relics_obtained":[{"floor":6,"key":"Pear"},{"floor":8,"key":"Gremlin Horn"},{"floor":12,"key":"Toxic Egg 2"}],"event_choices":[{"cards_removed":["Strike_B"],"damage_healed":0,"gold_gain":0,"player_choice":"Card Removal","damage_taken":0,"max_hp_gain":0,"max_hp_loss":0,"event_name":"The Cleric","floor":2,"gold_loss":50},{"cards_removed":["Defend_B"],"damage_healed":0,"gold_gain":0,"player_choice":"Card Removal","damage_taken":7,"max_hp_gain":0,"max_hp_loss":0,"event_name":"Golden Wing","floor":3,"gold_loss":0},{"damage_healed":0,"gold_gain":1,"player_choice":"Relic Relic ","damage_taken":49,"max_hp_gain":0,"max_hp_loss":0,"event_name":"betterThird:BetterScrap","floor":4,"gold_loss":0,"cards_obtained":["BattleHymn"]},{"damage_healed":0,"gold_gain":0,"player_choice":"Upgraded","damage_taken":0,"max_hp_gain":0,"max_hp_loss":0,"event_name":"Upgrade Shrine","floor":11,"gold_loss":0,"cards_upgraded":["Zap"]}],"is_beta":false,"boss_relics":[],"items_purged_floors":[],"is_endless":false,"potions_floor_spawned":[1,5],"killed_by":"3 Sentries","ascension_level":4}}