{"host":"aduepa6pof7ckcrz","time":1612747997,"event":{"mods":["Act Like it!","Arknights","Aspiration","BaseMod","CapriCore","Colored Map","Colored Powertips","Downfall","Hallownest","Hermit","Hubris","Minty Spire (QoL Compilation)","Quick Restart","Replay The Spire","Robot Space Explorer","Shop Mod","StSLib","The Bug Knight","The Marked"],"gold_per_floor":[116,116,126,142,158,158,191,252,306,316,316,391,421,421,421,518,518,533,548,548,259,275,304,304,320,320,320,355,355,355,367,367,463,463,463,463],"floor_reached":35,"language":"FRA","playtime":2113,"items_purged":["ats:Defend Order"],"score":480,"play_id":"410ec115-8089-4a9b-adaf-96339619de33","local_time":"20210208023317","is_ascension_mode":false,"campfire_choices":[{"data":"ats:Wolf Pack","floor":6,"key":"SMITH"},{"data":"ats:Demon Strength","floor":11,"key":"SMITH"},{"data":"ats:Soul Absorption","floor":15,"key":"SMITH"},{"floor":24,"key":"REST"},{"data":"ats:Burning Ground","floor":27,"key":"SMITH"},{"data":"ats:Armor Crushing Shot","floor":29,"key":"PURGE"},{"floor":32,"key":"REST"}],"circlet_count":0,"master_deck":["ats:Strike C","ats:Strike G","ats:Strike V","ats:Defend","ats:Defend","ats:Defend","ats:Defend","ats:Emotion Absorption","ats:Curse Doll","ats:Soul Absorption+1","ats:Closed Bolt Burst Fire","ats:Wolf Pack+1","ats:Closed Bolt Burst Fire","ats:Hammer On","ats:Powerful Strike","ats:Demon Strength+1","ats:Nebulous Foxfire","CurseOfTheBell","ats:Composite Medical Shells","ats:Burning Ground+1","ats:Mental Burst","ats:Very Hot Blade+1","ats:Ignite+1","ats:Spore Proliferation+1","ats:Echo Reverb","ats:Dogmatic Field"],"relics":["ats:Sanity","NeowsBlessing","ats:Originium","Replay:Bottled Flurry","hubris:TenFootPole","ats:Berate","HornCleat","hubris:Towel","Calling Bell","Tiny Chest","Pantograph","StoneCalendar","Strawberry","Art of War","ats:Emergency Defibrillator","Peace Pipe","aspiration:FutureDiary"],"acts_visited":["Exordium","TheCity","Hallownest:KingdomsEdge"],"potions_floor_usage":[7,13,18,22,23,28],"damage_taken":[{"damage":0,"enemies":"Jaw Worm","floor":1,"turns":1},{"damage":0,"enemies":"Cultist","floor":3,"turns":1},{"damage":0,"enemies":"Small Slimes","floor":4,"turns":1},{"damage":0,"enemies":"Looter","floor":5,"turns":5},{"damage":0,"enemies":"Lagavulin","floor":7,"turns":6},{"damage":0,"enemies":"3 Louse","floor":10,"turns":3},{"damage":10,"enemies":"3 Sentries","floor":13,"turns":5},{"damage":0,"enemies":"Slime Boss","floor":16,"turns":7},{"damage":14,"enemies":"2 Thieves","floor":18,"turns":5},{"damage":20,"enemies":"Shell Parasite","floor":19,"turns":5},{"damage":17,"enemies":"Chosen and Byrds","floor":22,"turns":4},{"damage":9,"enemies":"Replay:Snechameleon","floor":23,"turns":6},{"damage":27,"enemies":"Snecko","floor":25,"turns":6},{"damage":15,"enemies":"Book of Stabbing","floor":28,"turns":5},{"damage":15,"enemies":"Shelled Parasite and Fungi","floor":31,"turns":6},{"damage":41,"enemies":"Automaton","floor":33,"turns":8},{"damage":37,"enemies":"Hallownest:3_Siblings","floor":35,"turns":5}],"seed_played":"4251106422160263703","potions_obtained":[{"floor":1,"key":"CultistPotion"},{"floor":3,"key":"FairyPotion"},{"floor":4,"key":"Swift Potion"},{"floor":7,"key":"SkillPotion"},{"floor":13,"key":"EssenceOfSteel"},{"floor":18,"key":"Energy Potion"},{"floor":19,"key":"hexamod:SoulburnPotion"},{"floor":25,"key":"sneckomod:MuddlingPotion"},{"floor":31,"key":"Death Potion"}],"is_trial":false,"path_per_floor":["M","?","M","M","M","R","E","?","T","M","R","?","E","?","R","B",null,"M","M","?","$","M","E","R","M","T","R","E","R","?","M","R","B",null,"M"],"character_chosen":"DOCTOR_CLASS","items_purchased":["ats:Mental Burst","Strawberry"],"campfire_rested":2,"item_purchase_floors":[21,21],"current_hp_per_floor":[72,72,72,72,72,72,72,72,72,72,72,67,62,62,62,62,72,59,44,44,51,34,30,53,31,31,31,60,60,68,53,76,38,79,48,48],"gold":463,"neow_bonus":"THREE_ENEMY_KILL","is_daily":false,"chose_seed":false,"campfire_upgraded":4,"win_rate":0.0,"timestamp":1612747997,"path_taken":["M","?","?","M","M","R","E","?","T","M","R","?","E","?","R","BOSS","M","M","?","$","M","E","R","M","T","R","E","R","?","M","R","BOSS","M"],"items_purchased_type":["Card","Relic"],"build_version":"2020-12-22","purchased_purges":1,"victory":false,"max_hp_per_floor":[72,72,72,72,72,72,72,72,72,72,72,72,72,72,72,72,72,72,72,72,79,79,79,79,79,79,79,79,79,79,79,79,79,79,79,79],"card_choices":[{"not_picked":["ats:Support Order","ats:Rapid Magazine"],"picked":"ats:Curse Doll","floor":1},{"not_picked":["ats:Flame Of Heaven","ats:Overload"],"picked":"ats:Closed Bolt Burst Fire","floor":3},{"not_picked":["ats:Shell Defense","ats:Neurotoxin"],"picked":"ats:Wolf Pack","floor":4},{"not_picked":["ats:Curse Doll","ats:LN2 Cannon"],"picked":"ats:Closed Bolt Burst Fire","floor":5},{"not_picked":["ats:Guard Mode","ats:Absolute Focus"],"picked":"ats:Hammer On","floor":7},{"not_picked":["ats:Shell Defense","ats:Explosion Area Strengthen"],"picked":"ats:Powerful Strike","floor":8},{"not_picked":["ats:Leaping Hammer","ats:Burning Ground"],"picked":"ats:Demon Strength","floor":10},{"not_picked":["ats:Shadow Raid","ats:Absolute Focus"],"picked":"ats:Defend Order","floor":13},{"not_picked":["ats:Dogmatic Field","ats:Fractured Body"],"picked":"ats:Nebulous Foxfire","floor":16},{"not_picked":["ats:Revitalization","ats:Hammer On"],"picked":"ats:Composite Medical Shells","floor":18},{"not_picked":["ats:Curse Doll+1","ats:Hammer On"],"picked":"ats:Burning Ground","floor":19},{"not_picked":["ats:Composite Medical Shells","ats:Cat Scratch+1"],"picked":"ats:Very Hot Blade+1","floor":22},{"not_picked":["ats:Hammer On+1","ats:Closed Bolt Burst Fire"],"picked":"ats:Ignite+1","floor":23},{"not_picked":["ats:Hammer On","ats:Guard Mode"],"picked":"ats:Spore Proliferation+1","floor":25},{"not_picked":["ats:Soul Absorption","ats:Closed Bolt Burst Fire"],"picked":"ats:Echo Reverb","floor":28},{"not_picked":["ats:Chain Hook+1","ats:Explosion Area Strengthen","ats:Closed Bolt Burst Fire"],"picked":"SKIP","floor":31},{"not_picked":["ats:Durian","ats:Ambush"],"picked":"ats:Dogmatic Field","floor":33}],"player_experience":1014881,"relics_obtained":[{"floor":7,"key":"ats:Originium"},{"floor":7,"key":"Replay:Bottled Flurry"},{"floor":8,"key":"hubris:TenFootPole"},{"floor":9,"key":"ats:Berate"},{"floor":13,"key":"ats:Originium"},{"floor":13,"key":"HornCleat"},{"floor":17,"key":"Tiny Chest"},{"floor":17,"key":"Pantograph"},{"floor":17,"key":"StoneCalendar"},{"floor":23,"key":"ats:Originium"},{"floor":23,"key":"Art of War"},{"floor":26,"key":"ats:Emergency Defibrillator"},{"floor":28,"key":"ats:Originium"},{"floor":28,"key":"Peace Pipe"}],"event_choices":[{"damage_healed":0,"gold_gain":0,"cards_transformed":["ats:Strike S"],"player_choice":"Transformed","damage_taken":0,"max_hp_gain":0,"max_hp_loss":0,"event_name":"Transmorgrifier","floor":2,"gold_loss":0,"cards_obtained":["ats:Soul Absorption"]},{"damage_healed":0,"gold_gain":75,"player_choice":"Gather Gold","damage_taken":11,"max_hp_gain":0,"max_hp_loss":0,"event_name":"World of Goop","floor":12,"gold_loss":0},{"damage_healed":0,"gold_gain":0,"player_choice":"Ignored","damage_taken":0,"max_hp_gain":0,"max_hp_loss":0,"event_name":"Vampires","floor":20,"gold_loss":0}],"is_beta":false,"boss_relics":[{"not_picked":["ChewingGum","aspiration:SecretTechniqueScroll"],"picked":"Calling Bell"},{"not_picked":["Busted Crown","Snecko Heart"],"picked":"aspiration:FutureDiary"}],"items_purged_floors":[21],"is_endless":false,"potions_floor_spawned":[1,3,4,7,13,18,19,25,31],"killed_by":"Hallownest:3_Siblings","ascension_level":0}}