{"host":"okvf2hy7r209l3k2","time":1612768170,"event":{"mods":["BaseMod","Block Reminder","Colored Map","Colored Powertips","Downfall","Hermit","Highlight Path","Minty Spire (QoL Compilation)","Permanent Neow","StSLib","The Cursed"],"gold_per_floor":[10,10,20,20,34,60,60,70,70,85,85,116,42,58,58,153,153,172,172,184,184,184],"floor_reached":21,"language":"ENG","playtime":1785,"items_purged":[],"score":191,"play_id":"72db7681-e98c-4225-8997-9bbd758bc0c8","local_time":"20210207220930","is_ascension_mode":false,"campfire_choices":[{"data":"hermit:Combo","floor":7,"key":"SMITH"},{"data":"hermit:Deadeye","floor":11,"key":"SMITH"},{"data":"hermit:BodyArmor","floor":15,"key":"SMITH"}],"circlet_count":0,"master_deck":["hermit:Strike_Hermit","hermit:Strike_Hermit","hermit:Strike_Hermit","hermit:Strike_Hermit","hermit:Defend_Hermit","hermit:Defend_Hermit","hermit:Defend_Hermit","hermit:Defend_Hermit","hermit:Snapshot+1","hermit:Covet","hermit:Roughhouse+1","hermit:Coalescence","hermit:Combo+1","Regret","hermit:Ricochet","hermit:PistolWhip","hermit:Dive","hermit:Deadeye+1","hermit:Reprieve","hermit:Brawl","hermit:BodyArmor+1","hermit:RoundhouseKick","hermit:BigShot","hermit:Ricochet"],"relics":["hermit:Momento","Meat on the Bone","Darkstone Periapt","White Beast Statue","Pear","SlaversCollar"],"acts_visited":["Exordium","TheCity"],"potions_floor_usage":[21,21],"damage_taken":[{"damage":0,"enemies":"Small Slimes","floor":1,"turns":3},{"damage":0,"enemies":"2 Louse","floor":3,"turns":2},{"damage":10,"enemies":"Jaw Worm","floor":5,"turns":5},{"damage":34,"enemies":"Lagavulin","floor":6,"turns":8},{"damage":6,"enemies":"Exordium Wildlife","floor":8,"turns":3},{"damage":0,"enemies":"Blue Slaver","floor":10,"turns":2},{"damage":32,"enemies":"Gremlin Nob","floor":12,"turns":5},{"damage":10,"enemies":"Looter","floor":14,"turns":3},{"damage":24,"enemies":"The Guardian","floor":16,"turns":9},{"damage":16,"enemies":"Shell Parasite","floor":18,"turns":7},{"damage":50,"enemies":"Spheric Guardian","floor":20,"turns":8},{"damage":42,"enemies":"Centurion and Healer","floor":21,"turns":7}],"seed_played":"-4556631458220278895","potions_obtained":[{"floor":1,"key":"BlessingOfTheForge"},{"floor":10,"key":"Weak Potion"},{"floor":12,"key":"hexamod:SoulburnPotion"},{"floor":14,"key":"hermit:BlackBile"},{"floor":18,"key":"GamblersBrew"}],"is_trial":false,"path_per_floor":["M","?","M","?","M","E","R","M","T","M","R","E","$","M","R","B",null,"M","?","M","M"],"character_chosen":"HERMIT","items_purchased":["hermit:Brawl"],"campfire_rested":0,"item_purchase_floors":[13],"current_hp_per_floor":[75,60,60,60,50,28,28,34,34,46,46,36,36,46,46,34,85,69,69,31,0,0],"gold":184,"neow_bonus":"THREE_RARE_CARDS","is_daily":false,"chose_seed":false,"campfire_upgraded":3,"win_rate":0.0,"timestamp":1612768170,"path_taken":["M","?","M","?","M","E","R","M","T","M","R","E","?","?","R","BOSS","M","?","M","M"],"items_purchased_type":["Card"],"build_version":"2020-12-22","purchased_purges":0,"victory":false,"max_hp_per_floor":[75,75,75,75,75,75,75,75,75,75,75,85,85,85,85,85,85,85,85,85,85,85],"card_choices":[{"not_picked":["hermit:Magnum","hermit:Dissolve"],"picked":"hermit:Roughhouse","floor":0},{"not_picked":["hermit:Grudge","hermit:FullyLoaded"],"picked":"hermit:Coalescence","floor":1},{"not_picked":["hermit:Cheat","hermit:Shortfuse"],"picked":"hermit:Combo","floor":3},{"not_picked":["hermit:Showdown","hermit:Roulette"],"picked":"hermit:Ricochet","floor":5},{"not_picked":["hermit:NoHoldsBarred","hermit:Desperado"],"picked":"hermit:PistolWhip","floor":6},{"not_picked":["hermit:HoleUp","hermit:Shortfuse"],"picked":"hermit:Dive","floor":8},{"not_picked":["hermit:Quickdraw","hermit:Glare"],"picked":"hermit:Deadeye","floor":10},{"not_picked":["hermit:Dive","hermit:Coalescence"],"picked":"hermit:Reprieve","floor":12},{"not_picked":["hermit:Coalescence","hermit:LowProfile"],"picked":"hermit:BodyArmor","floor":14},{"not_picked":["hermit:BlackWind","hermit:FromBeyond"],"picked":"hermit:RoundhouseKick","floor":16},{"not_picked":["hermit:Gestalt","hermit:Misfire"],"picked":"hermit:BigShot","floor":18},{"not_picked":["hermit:NoHoldsBarred","hermit:Malice"],"picked":"hermit:Ricochet","floor":20}],"player_experience":185135,"relics_obtained":[{"floor":6,"key":"Darkstone Periapt"},{"floor":9,"key":"White Beast Statue"},{"floor":12,"key":"Pear"}],"event_choices":[{"damage_healed":0,"gold_gain":0,"player_choice":"Entered Light","damage_taken":15,"max_hp_gain":0,"max_hp_loss":0,"event_name":"Shining Light","floor":2,"gold_loss":0,"cards_upgraded":["hermit:Snapshot","hermit:Roughhouse"]},{"damage_healed":0,"gold_gain":0,"player_choice":"Box","damage_taken":0,"relics_obtained":["Meat on the Bone"],"max_hp_gain":0,"max_hp_loss":0,"event_name":"Big Fish","floor":4,"gold_loss":0,"cards_obtained":["Regret"]},{"damage_healed":0,"gold_gain":0,"player_choice":"Ignored","damage_taken":0,"max_hp_gain":0,"max_hp_loss":0,"event_name":"Vampires","floor":19,"gold_loss":0}],"is_beta":false,"boss_relics":[{"not_picked":["Black Star","Pandora\u0027s Box"],"picked":"SlaversCollar"}],"items_purged_floors":[],"is_endless":false,"potions_floor_spawned":[1,10,12,14,16,18,20],"killed_by":"Centurion and Healer","ascension_level":0}}