{"host":"sav7uxregyirlf69","time":1612762593,"event":{"mods":["AchievementEnabler","BaseMod","Colored Map","DeckTracker","Keyboard Shortcuts","Minty Spire (QoL Compilation)","READ ME - Guardian Mod","StSLib","SuperFastMode"],"gold_per_floor":[109,126,21,96,96,96,56,70,70,70,70,70,101,118,118,192,192,210,230,155,171,221,221,221,221],"floor_reached":24,"language":"KOR","playtime":416,"items_purged":["Strike_G"],"score":488,"play_id":"bcd3bed9-6755-4143-b627-e5a3317b2442","local_time":"20210208143633","is_ascension_mode":true,"campfire_choices":[{"data":"Noxious Fumes","floor":6.0,"key":"SMITH"},{"data":"Neutralize","floor":11.0,"key":"SMITH"},{"data":"Deadly Poison","floor":15.0,"key":"SMITH"},{"data":"Calculated Gamble","floor":23,"key":"SMITH"}],"circlet_count":0,"master_deck":["AscendersBane","Strike_G","Strike_G","Strike_G","Strike_G","Defend_G","Defend_G","Defend_G","Defend_G","Defend_G","Survivor","Neutralize+1","Deadly Poison+1","Cloak And Dagger","Dagger Throw","Noxious Fumes+1","Blur","Adrenaline","Calculated Gamble+1","PiercingWail"],"relics":["Ring of the Snake","Pocketwatch","White Beast Statue","Runic Pyramid"],"acts_visited":["Exordium","TheCity"],"potions_floor_usage":[24],"damage_taken":[{"damage":3.0,"enemies":"Small Slimes","floor":1.0,"turns":4.0},{"damage":2.0,"enemies":"Jaw Worm","floor":2.0,"turns":4.0},{"damage":2.0,"enemies":"2 Louse","floor":8.0,"turns":2.0},{"damage":19.0,"enemies":"3 Sentries","floor":13.0,"turns":7.0},{"damage":5.0,"enemies":"Exordium Thugs","floor":14.0,"turns":6.0},{"damage":0.0,"enemies":"The Guardian","floor":16.0,"turns":10.0},{"damage":23.0,"enemies":"3 Byrds","floor":18.0,"turns":6.0},{"damage":2.0,"enemies":"Chosen","floor":19.0,"turns":5.0},{"damage":12,"enemies":"Snake Plant","floor":21,"turns":5},{"damage":96,"enemies":"Slavers","floor":24,"turns":4}],"seed_played":"639492498347972023","potions_obtained":[{"floor":7.0,"key":"BlessingOfTheForge"},{"floor":7.0,"key":"Block Potion"},{"floor":13.0,"key":"Dexterity Potion"},{"floor":14.0,"key":"Weak Potion"},{"floor":16.0,"key":"DistilledChaos"},{"floor":18.0,"key":"Regen Potion"},{"floor":19.0,"key":"Regen Potion"},{"floor":21,"key":"FairyPotion"}],"is_trial":false,"path_per_floor":["M","M","$","?","?","R","?","M","T","$","R","$","E","M","R","B",null,"M","M","$","M","?","R","E"],"character_chosen":"THE_SILENT","items_purchased":["Dagger Throw","Noxious Fumes"],"campfire_rested":0,"item_purchase_floors":[3,3],"current_hp_per_floor":[62,60,60,49,49,49,49,47,47,47,47,47,28,23,23,23,60,37,50,50,38,38,38,0,0],"gold":221,"neow_bonus":"TEN_PERCENT_HP_BONUS","is_daily":false,"chose_seed":false,"campfire_upgraded":4,"win_rate":0.0,"timestamp":1612762593,"path_taken":["M","M","$","?","?","R","?","?","T","?","R","$","E","M","R","BOSS","M","M","$","M","?","R","E"],"items_purchased_type":["Card","Card"],"build_version":"2020-12-22","purchased_purges":1,"victory":false,"max_hp_per_floor":[72,72,72,72,72,72,72,72,72,72,72,72,72,72,72,72,72,72,72,72,72,72,72,72,72],"card_choices":[{"not_picked":["Poisoned Stab","Quick Slash"],"picked":"Deadly Poison","floor":1.0},{"not_picked":["Sucker Punch","Deflect"],"picked":"Cloak And Dagger","floor":2.0},{"not_picked":["Acrobatics","Slice"],"picked":"Blur","floor":8.0},{"not_picked":["Prepared","Dodge and Roll","Underhanded Strike"],"picked":"SKIP","floor":13.0},{"not_picked":["Outmaneuver","Phantasmal Killer","Choke"],"picked":"SKIP","floor":14.0},{"not_picked":["Burst","Glass Knife"],"picked":"Adrenaline","floor":16.0},{"not_picked":["Leg Sweep","Bouncing Flask"],"picked":"Calculated Gamble","floor":18.0},{"not_picked":["Dagger Throw","All Out Attack","Prepared"],"picked":"SKIP","floor":19.0},{"not_picked":["Flying Knee","Poisoned Stab"],"picked":"PiercingWail","floor":21}],"player_experience":1518144,"relics_obtained":[{"floor":9.0,"key":"Pocketwatch"},{"floor":13.0,"key":"White Beast Statue"}],"event_choices":[{"damage_healed":0.0,"max_hp_gain":0.0,"max_hp_loss":0.0,"gold_gain":75.0,"event_name":"World of Goop","player_choice":"Gather Gold","floor":4.0,"gold_loss":0.0,"damage_taken":11.0},{"damage_healed":0.0,"max_hp_gain":0.0,"max_hp_loss":0.0,"gold_gain":0.0,"event_name":"Liars Game","player_choice":"Ignored","floor":5.0,"gold_loss":0.0,"damage_taken":0.0},{"damage_healed":0.0,"max_hp_gain":0.0,"max_hp_loss":0.0,"gold_gain":0.0,"event_name":"The Woman in Blue","player_choice":"Bought 3 Potions","floor":7.0,"gold_loss":0.0,"damage_taken":0.0},{"damage_healed":0,"gold_gain":50,"player_choice":"Stole From Cult","damage_taken":0,"max_hp_gain":0,"max_hp_loss":0,"event_name":"Nest","floor":22,"gold_loss":0}],"is_beta":false,"boss_relics":[{"not_picked":["Snecko Eye","Astrolabe"],"picked":"Runic Pyramid"}],"items_purged_floors":[20],"is_endless":false,"potions_floor_spawned":[13,14,16,18,19,21],"killed_by":"Slavers","ascension_level":20}}