{"host":"qy7jow5usmjkdnnq","time":1612824518,"event":{"mods":["BaseMod","Colored Map","Downfall","Minty Spire (QoL Compilation)","Relic Stats","StSLib"],"gold_per_floor":[199,213,213,224,134,168,191,225,244,255,55,80,80,96,115,211,211,211,225,241,241,256,291,315,315,315,315],"floor_reached":25,"language":"ENG","playtime":1978,"items_purged":["Decay"],"score":377,"play_id":"8fde6cde-9aae-4f2e-86cf-e04889e28917","local_time":"20210208234838","is_ascension_mode":true,"campfire_choices":[{"floor":1,"key":"RECALL"},{"data":"sneckomod:MasterEye","floor":11,"key":"SMITH"},{"floor":13,"key":"REST"},{"data":"sneckomod:TrashToTreasure","floor":18,"key":"SMITH"}],"circlet_count":0,"master_deck":["AscendersBane","sneckomod:Strike+1","sneckomod:Defend","sneckomod:Defend","sneckomod:TailWhip","sneckomod:SnekBite+1","sneckomod:Unknown","sneckomod:Unknown","sneckomod:Unknown1Cost","sneckomod:MixItUp","sneckomod:PureSnecko","sneckomod:MasterEye+1","sneckomod:Unknown2Cost","sneckomod:TrashToTreasure+1","sneckomod:QuickMove+1","sneckomod:ImprovisedAttack","sneckomod:WideSting","sneckomod:UnknownDraw","sneckomod:SerpentMind","sneckomod:UnknownDexterity","sneckomod:DiceBlock","sneckomod:Transmogrify","sneckomod:SoulRoll+1","sneckomod:UnknownDraw","sneckomod:UnknownExhaust+1","sneckomod:RainOfDice"],"relics":["sneckomod:SneckoSoul","sneckomod:LoadedDie","Whetstone","downfall:HeartBlessingRed","downfall:HeartBlessingGreen","expansioncontent:StudyCardRelic","Toy Ornithopter","TungstenRod","Blood Vial","Ancient Tea Set"],"acts_visited":["Exordium","TheCity"],"potions_floor_usage":[6,10,12,23,23],"damage_taken":[{"damage":0,"enemies":"2 Louse","floor":2,"turns":4},{"damage":6,"enemies":"Cultist","floor":4,"turns":4},{"damage":2,"enemies":"downfall:FleeingMerchant","floor":5,"turns":4},{"damage":17,"enemies":"Gremlin Nob","floor":6,"turns":3},{"damage":7,"enemies":"Lagavulin","floor":8,"turns":7},{"damage":20,"enemies":"Small Slimes","floor":9,"turns":4},{"damage":6,"enemies":"Blue Slaver","floor":10,"turns":2},{"damage":16,"enemies":"Gremlin Nob","floor":12,"turns":3},{"damage":24,"enemies":"Gremlin Gang","floor":14,"turns":5},{"damage":0,"enemies":"3 Louse","floor":15,"turns":2},{"damage":16,"enemies":"IC_STATUS_ARCHETYPE","floor":16,"turns":7},{"damage":0,"enemies":"3 Byrds","floor":19,"turns":3},{"damage":36,"enemies":"Snake Plant","floor":20,"turns":7},{"damage":8,"enemies":"Shelled Parasite and Fungi","floor":22,"turns":6},{"damage":21,"enemies":"Gremlin Leader","floor":23,"turns":6},{"damage":34,"enemies":"Centurion and Healer","floor":25,"turns":2}],"seed_played":"7244319325499216283","potions_obtained":[{"floor":2,"key":"SteroidPotion"},{"floor":4,"key":"ColorlessPotion"},{"floor":9,"key":"Ancient Potion"},{"floor":10,"key":"BlessingOfTheForge"},{"floor":14,"key":"Dexterity Potion"}],"is_trial":false,"path_per_floor":["R","M","?","M","$","E","T","E","M","M","R","E","R","M","M","B",null,"R","M","M","?","M","E","T","M"],"character_chosen":"THE_SNECKO","items_purchased":[],"campfire_rested":1,"item_purchase_floors":[],"current_hp_per_floor":[81,84,84,78,76,59,59,52,32,26,26,10,37,23,23,7,72,72,72,41,41,33,22,22,0,0,0],"gold":315,"neow_bonus":"HUNDRED_GOLD","is_daily":false,"chose_seed":false,"campfire_upgraded":2,"win_rate":0.0,"timestamp":1612824518,"path_taken":["R","M","?","?","$","E","T","E","M","M","R","E","R","?","M","BOSS","R","M","M","?","M","E","T","?"],"items_purchased_type":[],"build_version":"2020-12-22","purchased_purges":1,"victory":false,"max_hp_per_floor":[90,93,93,93,93,93,93,93,93,93,93,93,93,93,93,93,93,93,93,93,93,93,93,93,93,93,93],"relic_stats":{"Blood Vial":2,"counters":[16,69],"Whetstone":["sneckomod:Strike","sneckomod:SnekBite"],"obtain_stats":[{"Blood Vial":23,"sneckomod:LoadedDie":6,"downfall:HeartBlessingRed":11,"downfall:HeartBlessingGreen":11,"expansioncontent:StudyCardRelic":17,"Whetstone":7,"sneckomod:SneckoSoul":0,"Boot":8,"Ancient Tea Set":24,"TungstenRod":12,"Toy Ornithopter":19},{"Blood Vial":15,"sneckomod:LoadedDie":4,"downfall:HeartBlessingRed":7,"downfall:HeartBlessingGreen":7,"expansioncontent:StudyCardRelic":11,"Whetstone":4,"sneckomod:SneckoSoul":0,"Boot":5,"Ancient Tea Set":15,"TungstenRod":8,"Toy Ornithopter":12},{"Blood Vial":67,"sneckomod:LoadedDie":15,"downfall:HeartBlessingRed":28,"downfall:HeartBlessingGreen":28,"expansioncontent:StudyCardRelic":45,"Whetstone":15,"sneckomod:SneckoSoul":0,"Boot":22,"Ancient Tea Set":67,"TungstenRod":31,"Toy Ornithopter":48}],"Toy Ornithopter":10,"TungstenRod":20},"card_choices":[{"not_picked":["sneckomod:UnknownUncommonPower","sneckomod:UnendingSupply"],"picked":"sneckomod:Unknown1Cost","floor":2},{"not_picked":["sneckomod:UnknownCommonSkill","sneckomod:SoulRoll"],"picked":"sneckomod:Unknown2Cost","floor":4},{"not_picked":["sneckomod:RainOfDice","sneckomod:UnknownDraw"],"picked":"sneckomod:TrashToTreasure","floor":5},{"not_picked":["sneckomod:SoulDraw","sneckomod:UnknownStrength"],"picked":"sneckomod:QuickMove","floor":6},{"not_picked":["sneckomod:UnknownCommonSkill","sneckomod:Unknown1Cost"],"picked":"sneckomod:ImprovisedAttack","floor":8},{"not_picked":["sneckomod:DiceCrush","sneckomod:UnknownUncommonAttack"],"picked":"sneckomod:WideSting","floor":9},{"not_picked":["sneckomod:UnknownUncommonSkill","sneckomod:Unknown1Cost"],"picked":"sneckomod:UnknownDraw","floor":10},{"not_picked":["sneckomod:ImprovisedAttack","sneckomod:QuickBite"],"picked":"sneckomod:SerpentMind","floor":12},{"not_picked":["sneckomod:SoulDraw","sneckomod:CheapStock"],"picked":"sneckomod:UnknownDexterity","floor":14},{"not_picked":["sneckomod:IronFang","sneckomod:UnknownCommonAttack"],"picked":"sneckomod:DiceBlock","floor":15},{"not_picked":["sneckomod:Restock","sneckomod:DangerNoodle"],"picked":"sneckomod:Transmogrify","floor":16},{"not_picked":["sneckomod:UnknownClassRED","sneckomod:SoulCleanse"],"picked":"sneckomod:SoulRoll+1","floor":19},{"not_picked":["sneckomod:DiceCrush","sneckomod:QuickBite"],"picked":"sneckomod:UnknownDraw","floor":20},{"not_picked":["sneckomod:RainOfDice","sneckomod:UnknownCommonAttack"],"picked":"sneckomod:UnknownExhaust+1","floor":22},{"not_picked":["sneckomod:SoulCleanse+1","sneckomod:UnknownVulnerable"],"picked":"sneckomod:RainOfDice","floor":23}],"player_experience":726219,"relics_obtained":[{"floor":6,"key":"sneckomod:LoadedDie"},{"floor":7,"key":"Whetstone"},{"floor":8,"key":"Boot"},{"floor":12,"key":"TungstenRod"},{"floor":19,"key":"Toy Ornithopter"},{"floor":20,"key":"TungstenRod"},{"floor":22,"key":"Toy Ornithopter"},{"floor":23,"key":"TungstenRod"},{"floor":23,"key":"Blood Vial"},{"floor":24,"key":"Ancient Tea Set"}],"event_choices":[],"is_beta":false,"boss_relics":[{"not_picked":["Philosopher\u0027s Stone","Velvet Choker"],"picked":"expansioncontent:StudyCardRelic"}],"items_purged_floors":[5],"is_endless":false,"potions_floor_spawned":[2,4,9,10,14,20,22],"killed_by":"Centurion and Healer","ascension_level":11}}