{"host":"vyjryxuuuxkt43k4","time":1612782233,"event":{"mods":["AchievementEnabler","BaseMod","Colored Map","DeckTracker","Keyboard Shortcuts","Minty Spire (QoL Compilation)","Permanent Neow","Quick Restart","StSLib","SuperFastMode","everything is the same but u backflip on backflip"],"gold_per_floor":[111,128,143,11,11,11,46,60,84,99,2,2,2,80,80,152,152,162,87,87,162,174,174,187,187,187,205,205,205,205],"floor_reached":29,"language":"KOR","playtime":1134,"items_purged":["Strike_G"],"score":446,"play_id":"695c0249-7528-438f-9303-50756a605cf9","local_time":"20210208200353","is_ascension_mode":true,"campfire_choices":[{"data":"Deadly Poison","floor":6.0,"key":"SMITH"},{"floor":12.0,"key":"REST"},{"data":"Noxious Fumes","floor":15.0,"key":"SMITH"},{"data":"Well Laid Plans","floor":23,"key":"SMITH"},{"data":"Footwork","floor":25,"key":"SMITH"}],"circlet_count":0,"master_deck":["AscendersBane","Strike_G","Strike_G","Strike_G","Defend_G","Defend_G","Defend_G","Defend_G","Defend_G","Survivor","Neutralize","Deflect","Predator","Slice","Well Laid Plans+1","Footwork+1","Deadly Poison+1","Bouncing Flask","Noxious Fumes+1","Blur","Footwork","Backflip","Night Terror"],"relics":["Ring of the Snake","Ancient Tea Set","Bag of Marbles","Tiny Chest","Paper Crane","Snecko Eye","Darkstone Periapt","MealTicket"],"acts_visited":["Exordium","TheCity"],"potions_floor_usage":[29,29],"damage_taken":[{"damage":3.0,"enemies":"Jaw Worm","floor":1.0,"turns":10.0},{"damage":1.0,"enemies":"Small Slimes","floor":2.0,"turns":3.0},{"damage":0.0,"enemies":"Cultist","floor":3.0,"turns":3.0},{"damage":27.0,"enemies":"Gremlin Nob","floor":7.0,"turns":4.0},{"damage":3.0,"enemies":"Exordium Thugs","floor":8.0,"turns":4.0},{"damage":4.0,"enemies":"Large Slime","floor":10.0,"turns":5.0},{"damage":10.0,"enemies":"Hexaghost","floor":16.0,"turns":9.0},{"damage":0.0,"enemies":"Spheric Guardian","floor":18.0,"turns":3.0},{"damage":10.0,"enemies":"Chosen","floor":22.0,"turns":4.0},{"damage":9,"enemies":"Snake Plant","floor":24,"turns":4},{"damage":8,"enemies":"Chosen and Byrds","floor":27,"turns":7},{"damage":56,"enemies":"Slavers","floor":29,"turns":3}],"seed_played":"-8667746039459107470","potions_obtained":[{"floor":1.0,"key":"SteroidPotion"},{"floor":3.0,"key":"Dexterity Potion"},{"floor":8.0,"key":"ColorlessPotion"},{"floor":18.0,"key":"Dexterity Potion"},{"floor":24,"key":"Block Potion"}],"is_trial":false,"path_per_floor":["M","M","M","$","?","R","E","M","T","M","$","R","?","T","R","B",null,"M","$","?","T","M","R","M","R","T","M","?","E"],"character_chosen":"THE_SILENT","items_purchased":["Footwork","Deadly Poison","Footwork","Backflip"],"campfire_rested":1,"item_purchase_floors":[4,4,11,11],"current_hp_per_floor":[56,55,55,55,44,44,17,14,14,10,10,29,29,29,29,19,54,54,54,54,54,44,44,35,35,35,27,40,0,0],"gold":205,"neow_bonus":"TRANSFORM_CARD","is_daily":false,"chose_seed":false,"campfire_upgraded":4,"win_rate":0.0,"timestamp":1612782233,"path_taken":["M","M","M","$","?","R","E","M","T","M","$","R","?","?","R","BOSS","M","$","?","?","M","R","M","R","T","M","?","E"],"items_purchased_type":["Card","Card","Card","Card"],"build_version":"2020-12-22","purchased_purges":1,"victory":false,"max_hp_per_floor":[66,66,66,66,66,66,66,66,66,66,66,66,66,66,66,66,66,66,66,66,66,66,66,66,66,66,66,66,66,66],"card_choices":[{"not_picked":["Blur","Deflect"],"picked":"Predator","floor":1.0},{"not_picked":["Prepared","Cloak And Dagger"],"picked":"Slice","floor":2.0},{"not_picked":["Sucker Punch","Bane"],"picked":"Well Laid Plans","floor":3.0},{"not_picked":["Prepared","Concentrate"],"picked":"Bouncing Flask","floor":7.0},{"not_picked":["Infinite Blades","Acrobatics"],"picked":"Noxious Fumes","floor":8.0},{"not_picked":["Slice","Flying Knee"],"picked":"Blur","floor":10.0},{"not_picked":["Die Die Die","Phantasmal Killer"],"picked":"Night Terror","floor":16.0},{"not_picked":["Backflip","Footwork","Deadly Poison"],"picked":"SKIP","floor":18.0},{"not_picked":["Deadly Poison","Predator","Dagger Spray"],"picked":"SKIP","floor":22},{"not_picked":["Infinite Blades","Flying Knee","Endless Agony"],"picked":"SKIP","floor":24},{"not_picked":["Endless Agony","Dodge and Roll","All Out Attack+1"],"picked":"SKIP","floor":27}],"player_experience":841053,"relics_obtained":[{"floor":7.0,"key":"Bag of Marbles"},{"floor":9.0,"key":"Tiny Chest"},{"floor":14.0,"key":"Paper Crane"},{"floor":21.0,"key":"Darkstone Periapt"},{"floor":26,"key":"MealTicket"}],"event_choices":[{"damage_healed":0.0,"max_hp_gain":0.0,"max_hp_loss":0.0,"gold_gain":0.0,"event_name":"Scrap Ooze","player_choice":"Success","floor":5.0,"gold_loss":0.0,"damage_taken":11.0,"relics_obtained":["Ancient Tea Set"]},{"damage_healed":0.0,"max_hp_gain":0.0,"max_hp_loss":0.0,"gold_gain":0.0,"event_name":"Liars Game","player_choice":"Ignored","floor":13.0,"gold_loss":0.0,"damage_taken":0.0},{"damage_healed":0.0,"max_hp_gain":0.0,"max_hp_loss":0.0,"gold_gain":0.0,"event_name":"Vampires","player_choice":"Ignored","floor":20.0,"gold_loss":0.0,"damage_taken":0.0},{"damage_healed":13,"gold_gain":0,"player_choice":"Heal","damage_taken":0,"max_hp_gain":0,"max_hp_loss":0,"event_name":"The Library","floor":28,"gold_loss":0}],"is_beta":false,"boss_relics":[{"not_picked":["Philosopher\u0027s Stone","HoveringKite"],"picked":"Snecko Eye"}],"items_purged_floors":[19],"is_endless":false,"potions_floor_spawned":[1,3,8,18,24],"killed_by":"Slavers","ascension_level":20}}