{"host":"59wnhi65kiwmnpg4","time":1612811147,"event":{"mods":["2.2 Compatiblity","AchievementEnabler","BaseMod","BetterRewards","Colored Map","Custom Start","Disable Question Mark Monsters","Highlight Path","Minty Spire (QoL Compilation)","Permanent Neow","Relic Sorter","Relic Stats"],"gold_per_floor":[118,118,133,133,133,133,163,163,163,192,202,227,148,168,168,269,269,283,293,311,88,88,88,113,138,185,100,100,134,134,145,145,249,249,269,347,357,231,306,306,416,466,466,343,343,343,343,368,368,368],"floor_reached":51,"language":"ENG","playtime":3293,"items_purged":["Regret","Strike_P","Strike_P"],"score":1058,"play_id":"7f2fe46f-e761-440a-b91a-86d5b09b11bc","local_time":"20210208190547","is_ascension_mode":true,"campfire_choices":[{"data":"ClearTheMind","floor":6.0,"key":"SMITH"},{"data":"SandsOfTime","floor":8.0,"key":"SMITH"},{"data":"Omniscience","floor":15.0,"key":"SMITH"},{"floor":23.0,"key":"REST"},{"floor":30.0,"key":"REST"},{"data":"Wish","floor":32,"key":"SMITH"},{"data":"TalkToTheHand","floor":40,"key":"SMITH"},{"data":"ForeignInfluence","floor":47,"key":"SMITH"},{"floor":49,"key":"REST"}],"circlet_count":0,"master_deck":["Strike_P","Defend_P","Defend_P","Defend_P","Defend_P","Eruption","Vigilance","ClearTheMind+1","SandsOfTime+1","EmptyFist","BowlingBash","Wireheading","ForeignInfluence+1","Omniscience+1","Vault","BowlingBash+1","Establishment","TalkToTheHand","Wish+1","FlurryOfBlows","Omniscience+1","FollowUp","Omniscience","Weave+1","TalkToTheHand+1","Crescendo+1","Collect+1","BattleHymn+1","TalkToTheHand","BattleHymn"],"relics":["HolyWater","NeowsBlessing","White Beast Statue","PreservedInsect","Pear","Shovel","Blood Vial","Membership Card","Enchiridion","Oddly Smooth Stone","Tiny Chest","Bag of Marbles","Happy Flower","Kunai","Snecko Eye","Strange Spoon","Prayer Wheel","Mummified Hand","Molten Egg 2","Mango"],"acts_visited":["Exordium","TheCity","TheBeyond"],"potions_floor_usage":[33,35,36,39,42,50,50,50],"damage_taken":[{"damage":0.0,"enemies":"Small Slimes","floor":1.0,"turns":1.0},{"damage":0.0,"enemies":"Cultist","floor":3.0,"turns":1.0},{"damage":0.0,"enemies":"Lagavulin","floor":7.0,"turns":1.0},{"damage":14.0,"enemies":"3 Sentries","floor":10.0,"turns":6.0},{"damage":0.0,"enemies":"Jaw Worm","floor":11.0,"turns":3.0},{"damage":28.0,"enemies":"Lagavulin","floor":12.0,"turns":5.0},{"damage":13.0,"enemies":"3 Louse","floor":14.0,"turns":3.0},{"damage":4.0,"enemies":"Slime Boss","floor":16.0,"turns":5.0},{"damage":4.0,"enemies":"3 Byrds","floor":18.0,"turns":3.0},{"damage":1.0,"enemies":"2 Thieves","floor":19.0,"turns":2.0},{"damage":31.0,"enemies":"Centurion and Healer","floor":20.0,"turns":6.0},{"damage":18.0,"enemies":"Gremlin Leader","floor":25.0,"turns":4.0},{"damage":0.0,"enemies":"Slavers","floor":29.0,"turns":1.0},{"damage":0,"enemies":"Snecko","floor":31,"turns":2},{"damage":34,"enemies":"Collector","floor":33,"turns":7},{"damage":5,"enemies":"3 Shapes","floor":35,"turns":4},{"damage":21,"enemies":"3 Darklings","floor":36,"turns":6},{"damage":0,"enemies":"Sphere and 2 Shapes","floor":37,"turns":3},{"damage":1,"enemies":"Maw","floor":39,"turns":6},{"damage":0,"enemies":"Mind Bloom Boss Battle","floor":41,"turns":2},{"damage":10,"enemies":"4 Shapes","floor":42,"turns":3},{"damage":0,"enemies":"Giant Head","floor":48,"turns":1},{"damage":26,"enemies":"Time Eater","floor":50,"turns":5}],"seed_played":"-2046761424346108292","potions_obtained":[{"floor":1.0,"key":"Dexterity Potion"},{"floor":3.0,"key":"GamblersBrew"},{"floor":5.0,"key":"PowerPotion"},{"floor":5.0,"key":"Dexterity Potion"},{"floor":5.0,"key":"FairyPotion"},{"floor":7.0,"key":"DistilledChaos"},{"floor":10.0,"key":"AttackPotion"},{"floor":11.0,"key":"DistilledChaos"},{"floor":12.0,"key":"BottledMiracle"},{"floor":14.0,"key":"ColorlessPotion"},{"floor":16.0,"key":"FearPotion"},{"floor":18.0,"key":"AttackPotion"},{"floor":19.0,"key":"Fruit Juice"},{"floor":20.0,"key":"BottledMiracle"},{"floor":25.0,"key":"Ancient Potion"},{"floor":29.0,"key":"Explosive Potion"},{"floor":31,"key":"ColorlessPotion"},{"floor":33,"key":"LiquidBronze"},{"floor":35,"key":"BlessingOfTheForge"},{"floor":36,"key":"BottledMiracle"},{"floor":39,"key":"Ancient Potion"},{"floor":41,"key":"BlessingOfTheForge"},{"floor":42,"key":"CultistPotion"}],"is_trial":false,"path_per_floor":["M","?","M","?","?","R","E","R","T","E","M","E","$","M","R","B",null,"M","M","M","$","?","R","T","E","T","$","?","E","R","M","R","B",null,"M","M","M","$","M","R","?","M","T","$","T","?","R","E","R","B",null],"character_chosen":"WATCHER","items_purchased":["ForeignInfluence","Membership Card","TalkToTheHand","FlurryOfBlows","Happy Flower","Strange Spoon","BattleHymn","SteroidPotion"],"campfire_rested":3,"item_purchase_floors":[13,21,21,27,27,38,44,44],"current_hp_per_floor":[72,72,72,72,72,72,72,72,82,68,68,40,40,29,29,27,68,66,72,43,43,27,53,53,37,37,37,37,39,65,67,67,35,74,71,52,54,54,55,55,57,49,49,49,49,49,49,65,95,71],"gold":368,"neow_bonus":"THREE_ENEMY_KILL","is_daily":false,"chose_seed":false,"campfire_upgraded":6,"win_rate":0.0,"timestamp":1612811147,"path_taken":["M","?","M","?","?","R","E","R","T","E","M","E","$","M","R","BOSS","M","M","?","$","?","R","?","E","T","$","?","E","R","M","R","BOSS","M","M","M","$","?","R","?","M","T","$","?","?","R","E","R","BOSS"],"items_purchased_type":["Card","Relic","Card","Card","Relic","Relic","Card","Potion"],"build_version":"2020-12-22","purchased_purges":3,"victory":true,"max_hp_per_floor":[72,72,72,72,72,72,72,72,82,82,82,82,82,82,82,82,82,82,87,87,87,87,87,87,87,87,87,87,87,87,87,87,87,87,87,87,87,87,87,87,87,87,87,87,87,87,87,101,101,101],"relic_stats":{"Blood Vial":34,"Strange Spoon":[33],"Shovel":0,"Happy Flower":[13],"counters":[23,80],"Mummified Hand":[14],"Snecko Eye":[37,53,48,53],"Tiny Chest":1,"Prayer Wheel":1,"PreservedInsect":270,"Kunai":[24],"obtain_stats":[{"Pear":9,"NeowsBlessing":0,"Happy Flower":27,"Enchiridion":22,"Oddly Smooth Stone":24,"Mango":48,"PreservedInsect":7,"White Beast Statue":2,"Blood Vial":12,"Strange Spoon":38,"Shovel":10,"Mummified Hand":43,"HolyWater":17,"Snecko Eye":34,"Tiny Chest":25,"Prayer Wheel":41,"Molten Egg 2":45,"Bag of Marbles":26,"Membership Card":21,"Kunai":29,"PureWater":0},{"Pear":3,"NeowsBlessing":0,"Happy Flower":12,"Enchiridion":11,"Oddly Smooth Stone":11,"Mango":22,"PreservedInsect":3,"White Beast Statue":1,"Blood Vial":6,"Strange Spoon":18,"Shovel":4,"Mummified Hand":21,"HolyWater":8,"Snecko Eye":15,"Tiny Chest":12,"Prayer Wheel":20,"Molten Egg 2":21,"Bag of Marbles":12,"Membership Card":11,"Kunai":13,"PureWater":0},{"Pear":3,"NeowsBlessing":0,"Happy Flower":40,"Enchiridion":36,"Oddly Smooth Stone":36,"Mango":75,"PreservedInsect":3,"White Beast Statue":1,"Blood Vial":17,"Strange Spoon":63,"Shovel":9,"Mummified Hand":74,"HolyWater":25,"Snecko Eye":50,"Tiny Chest":40,"Prayer Wheel":71,"Molten Egg 2":74,"Bag of Marbles":40,"Membership Card":36,"Kunai":41,"PureWater":0}]},"card_choices":[{"not_picked":["Study","FlyingSleeves"],"picked":"ClearTheMind","floor":1.0},{"not_picked":["Perseverance","PathToVictory","DevaForm"],"picked":"SKIP","floor":3.0},{"not_picked":["SashWhip","Conclude"],"picked":"SandsOfTime","floor":7.0},{"not_picked":["WaveOfTheHand","Wireheading"],"picked":"EmptyFist","floor":10.0},{"not_picked":["Swivel","Protect"],"picked":"BowlingBash","floor":11.0},{"not_picked":["Fasting2","Wallop"],"picked":"Wireheading","floor":12.0},{"not_picked":["CutThroughFate","Fasting2"],"picked":"Omniscience","floor":14.0},{"not_picked":["Alpha","Ragnarok"],"picked":"Vault","floor":16.0},{"not_picked":["CutThroughFate","JustLucky"],"picked":"BowlingBash+1","floor":18.0},{"not_picked":["EmptyBody","SignatureMove","JustLucky"],"picked":"SKIP","floor":19.0},{"not_picked":["Conclude","Consecrate"],"picked":"Establishment","floor":20.0},{"not_picked":["FollowUp","CarveReality"],"picked":"Wish","floor":25.0},{"not_picked":["BowlingBash","FlurryOfBlows","Study"],"picked":"SKIP","floor":29.0},{"not_picked":["JustLucky","EmptyFist"],"picked":"FollowUp","floor":31},{"not_picked":["Vault","Judgement"],"picked":"Omniscience","floor":33},{"not_picked":["CutThroughFate+1","Vengeance+1"],"picked":"Weave+1","floor":35},{"not_picked":["FollowUp+1","Pray"],"picked":"TalkToTheHand","floor":36},{"not_picked":["Wireheading+1","Prostrate+1"],"picked":"Crescendo+1","floor":37},{"not_picked":["Adaptation","ReachHeaven","CrushJoints+1"],"picked":"SKIP","floor":39},{"not_picked":["Consecrate","BowlingBash+1"],"picked":"Collect+1","floor":41},{"not_picked":["Wallop","Crescendo+1"],"picked":"BattleHymn+1","floor":42},{"not_picked":["LessonLearned","Sanctity+1"],"picked":"TalkToTheHand","floor":42},{"not_picked":["Wireheading+1","FollowUp+1","Meditate+1"],"picked":"SKIP","floor":48}],"player_experience":902643,"relics_obtained":[{"floor":7.0,"key":"PreservedInsect"},{"floor":9.0,"key":"Pear"},{"floor":10.0,"key":"Shovel"},{"floor":12.0,"key":"Blood Vial"},{"floor":22.0,"key":"Enchiridion"},{"floor":24.0,"key":"Oddly Smooth Stone"},{"floor":25.0,"key":"Tiny Chest"},{"floor":26.0,"key":"Bag of Marbles"},{"floor":29.0,"key":"Kunai"},{"floor":41,"key":"Prayer Wheel"},{"floor":43,"key":"Mummified Hand"},{"floor":45,"key":"Molten Egg 2"},{"floor":48,"key":"Mango"}],"event_choices":[{"damage_healed":0.0,"max_hp_gain":0.0,"max_hp_loss":0.0,"gold_gain":0.0,"event_name":"Big Fish","player_choice":"Box","floor":2.0,"gold_loss":0.0,"damage_taken":0.0,"relics_obtained":["White Beast Statue"],"cards_obtained":["Regret"]},{"damage_healed":0.0,"max_hp_gain":0.0,"max_hp_loss":0.0,"gold_gain":0.0,"event_name":"The Cleric","player_choice":"Leave","floor":4.0,"gold_loss":0.0,"damage_taken":0.0},{"damage_healed":0.0,"max_hp_gain":0.0,"max_hp_loss":0.0,"gold_gain":0.0,"event_name":"Lab","player_choice":"Got Potions","floor":5.0,"gold_loss":0.0,"damage_taken":0.0},{"damage_healed":0.0,"max_hp_gain":0.0,"max_hp_loss":0.0,"gold_gain":0.0,"event_name":"Cursed Tome","player_choice":"Obtained Book","floor":22.0,"gold_loss":0.0,"damage_taken":16.0},{"damage_healed":0.0,"max_hp_gain":0.0,"max_hp_loss":0.0,"gold_gain":0.0,"event_name":"Duplicator","player_choice":"Copied","floor":28.0,"gold_loss":0.0,"damage_taken":0.0,"cards_obtained":["Omniscience"]},{"damage_healed":0,"gold_gain":0,"player_choice":"Fight","damage_taken":0,"max_hp_gain":0,"max_hp_loss":0,"event_name":"MindBloom","floor":41,"gold_loss":0},{"cards_removed":["Strike_P"],"damage_healed":0,"gold_gain":0,"player_choice":"Removed Attack","damage_taken":0,"max_hp_gain":0,"max_hp_loss":0,"event_name":"Falling","floor":46,"gold_loss":0}],"is_beta":false,"boss_relics":[{"not_picked":["Runic Pyramid","Velvet Choker"],"picked":"HolyWater"},{"not_picked":["VioletLotus","Fusion Hammer"],"picked":"Snecko Eye"}],"items_purged_floors":[21,38,44],"is_endless":false,"potions_floor_spawned":[1,3,7,10,11,12,14,16,18,19,20,25,29,31,33,35,36,37,39,41,42,48],"ascension_level":5}}