{"host":"v3qphhcqhwfpabne","time":1612785658,"event":{"mods":["100% Spire Juice","2.2 Compatiblity","AchievementEnabler","BaseMod","CapriCore","DeckTracker","KinomotoSakuraMod(ÙÊñýÜâ?)","Koishi","Marisa£¨Ùöéë¡¡Øª×âÞÞ£©","Minty Spire (QoL Compilation)","Permanent Neow","Prisma Mod","StSLib","Td1madao Mod","The Bug Knight","The Cursed","The Immortal","The Runesmith","WarShipGirlsR/??á´Ò³R mod"],"gold_per_floor":[114,127,52,52,227,258,271,48,48,48,79,79,79,112,112,209,259,270,66,78,89,115,115,150,166,191,191,211,223,223,223],"floor_reached":30,"language":"KOR","playtime":1378,"items_purged":["Doubt"],"score":295,"play_id":"198e7dac-75a1-46f7-9a5f-4a28af770090","local_time":"20210208210058","is_ascension_mode":true,"campfire_choices":[{"data":"Fire Breathing","floor":10,"key":"SMITH"},{"floor":12,"key":"REST"},{"floor":15,"key":"REST"},{"floor":23,"key":"REST"},{"floor":27,"key":"REST"}],"circlet_count":0,"master_deck":["Strike_R","Strike_R","Strike_R","Strike_R+1","Defend_R","Defend_R","Defend_R","Defend_R","Bash","Immolate+1","Burning Pact","Wild Strike","Doubt","Fiend Fire","Fire Breathing+1","Immolate","Berserk","Offering","Evolve","Master of Strategy","Evolve","Dual Wield","Warcry","Wild Strike+1"],"relics":["Burning Blood","Ancient Tea Set","Self Forming Clay","Regal Pillow","MealTicket","Tiny House","Red Mask","Blood Vial","Runesmith:AutoHammer"],"acts_visited":["Exordium","TheCity"],"potions_floor_usage":[11,16,25,25,25,30],"damage_taken":[{"damage":0,"enemies":"2 Louse","floor":1,"turns":2},{"damage":2,"enemies":"Jaw Worm","floor":2,"turns":3},{"damage":50,"enemies":"Gremlin Nob","floor":6,"turns":5},{"damage":5,"enemies":"Small Slimes","floor":7,"turns":2},{"damage":28,"enemies":"Lagavulin","floor":11,"turns":6},{"damage":21,"enemies":"3 Sentries","floor":14,"turns":3},{"damage":43,"enemies":"The Guardian","floor":16,"turns":9},{"damage":32,"enemies":"Shell Parasite","floor":18,"turns":5},{"damage":38,"enemies":"Spheric Guardian","floor":20,"turns":4},{"damage":37,"enemies":"Cultist and Chosen","floor":21,"turns":5},{"damage":6,"enemies":"Masked Bandits","floor":22,"turns":2},{"damage":30,"enemies":"HollowMod:Nosk","floor":24,"turns":6},{"damage":24,"enemies":"Snake Plant","floor":25,"turns":2},{"damage":22,"enemies":"Centurion and Healer","floor":28,"turns":4},{"damage":27,"enemies":"Sentry and Sphere","floor":29,"turns":5},{"damage":27,"enemies":"Slavers","floor":30,"turns":2}],"seed_played":"5308363437121940436","potions_obtained":[{"floor":2,"key":"PowerPotion"},{"floor":6,"key":"ColorlessPotion"},{"floor":16,"key":"SneckoOil"},{"floor":17,"key":"PowerPotion"},{"floor":18,"key":"Dexterity Potion"},{"floor":22,"key":"Swift Potion"},{"floor":25,"key":"Regen Potion"}],"is_trial":false,"path_per_floor":["M","M","$","?","?","E","M","$","T","R","E","R","?","E","R","B",null,"M","$","M","M","?","R","E","M","T","R","M","M","E"],"character_chosen":"IRONCLAD","items_purchased":["Fire Breathing","Immolate","Master of Strategy","Evolve"],"campfire_rested":4,"item_purchase_floors":[8,8,19,19],"current_hp_per_floor":[80,80,80,80,80,36,37,37,37,37,15,54,47,32,71,34,85,59,74,42,11,11,51,27,11,11,51,37,18,0,0],"gold":223,"neow_bonus":"THREE_RARE_CARDS","is_daily":false,"chose_seed":false,"campfire_upgraded":1,"win_rate":0.0,"timestamp":1612785658,"path_taken":["M","M","$","?","?","E","M","$","T","R","E","R","?","E","R","BOSS","M","$","M","M","?","R","E","M","T","R","M","M","E"],"items_purchased_type":["Card","Card","Card","Card"],"build_version":"2020-12-22","purchased_purges":1,"victory":false,"max_hp_per_floor":[80,80,80,80,80,80,80,80,80,80,80,80,80,80,80,80,85,85,85,85,85,85,85,85,85,85,85,85,85,85,85],"card_choices":[{"not_picked":["Demon Form","Juggernaut"],"picked":"Immolate","floor":0},{"not_picked":["Armaments","Body Slam"],"picked":"Burning Pact","floor":1},{"not_picked":["Thunderclap","Entrench"],"picked":"Wild Strike","floor":2},{"not_picked":["Seeing Red","Entrench"],"picked":"Fiend Fire","floor":6},{"not_picked":["Shrug It Off","Headbutt","Heavy Blade"],"picked":"SKIP","floor":7},{"not_picked":["Whirlwind","Thunderclap"],"picked":"Berserk","floor":11},{"not_picked":["Perfected Strike","Flex","Body Slam"],"picked":"SKIP","floor":14},{"not_picked":["Limit Break","Feed"],"picked":"Offering","floor":16},{"not_picked":["Second Wind","Cleave"],"picked":"Evolve","floor":17},{"not_picked":["Infernal Blade+1","Perfected Strike+1","Clothesline"],"picked":"SKIP","floor":18},{"not_picked":["Heavy Blade","Pommel Strike"],"picked":"Dual Wield","floor":20},{"not_picked":["Shrug It Off","Pummel","Battle Trance+1"],"picked":"SKIP","floor":21},{"not_picked":["True Grit","Headbutt"],"picked":"Warcry","floor":22},{"not_picked":["Barricade","Carnage","Battle Trance"],"picked":"SKIP","floor":24},{"not_picked":["Pommel Strike","Heavy Blade","Ghostly Armor"],"picked":"SKIP","floor":25},{"not_picked":["Combust","Heavy Blade","Iron Wave"],"picked":"SKIP","floor":28},{"not_picked":["Headbutt","Shrug It Off+1"],"picked":"Wild Strike+1","floor":29}],"player_experience":109711,"relics_obtained":[{"floor":6,"key":"Ancient Tea Set"},{"floor":9,"key":"Self Forming Clay"},{"floor":11,"key":"Regal Pillow"},{"floor":14,"key":"MealTicket"},{"floor":22,"key":"Red Mask"},{"floor":24,"key":"Blood Vial"},{"floor":26,"key":"Runesmith:AutoHammer"}],"event_choices":[{"damage_healed":0,"gold_gain":0,"player_choice":"Grow","damage_taken":0,"max_hp_gain":0,"max_hp_loss":0,"event_name":"Living Wall","floor":4,"gold_loss":0,"cards_upgraded":["Immolate"]},{"damage_healed":0,"gold_gain":175,"player_choice":"AGREE","damage_taken":0,"max_hp_gain":0,"max_hp_loss":0,"event_name":"Liars Game","floor":5,"gold_loss":0,"cards_obtained":["Doubt"]},{"cards_removed":["Strike_R"],"damage_healed":0,"gold_gain":0,"player_choice":"Card Removal","damage_taken":7,"max_hp_gain":0,"max_hp_loss":0,"event_name":"Golden Wing","floor":13,"gold_loss":0},{"damage_healed":0,"gold_gain":0,"player_choice":"Fought Bandits","damage_taken":0,"max_hp_gain":0,"max_hp_loss":0,"event_name":"Masked Bandits","floor":22,"gold_loss":0}],"is_beta":false,"boss_relics":[{"not_picked":["SlaversCollar","Ectoplasm"],"picked":"Tiny House"}],"items_purged_floors":[3],"is_endless":false,"potions_floor_spawned":[2,6,16,18,21,22,25],"killed_by":"Slavers","ascension_level":2}}