{"host":"bwuzn0ci2ixk9x1a","time":1612827470,"event":{"mods":["BaseMod","Downfall","Hermit","Minty Spire (QoL Compilation)","Replay The Spire","StSLib"],"gold_per_floor":[114,137,156,176,187,187,204,215,215,248,260,7,7,7,7,23,23,118,118,133,150,36,55,55,55],"floor_reached":24,"language":"ENG","playtime":1544,"items_purged":[],"score":200,"play_id":"2e018dd2-b67d-4262-b409-4f2b7a0e04a2","local_time":"20210208183750","is_ascension_mode":false,"campfire_choices":[{"data":"Creative AI","floor":6,"key":"SMITH"},{"floor":13,"key":"REST"},{"floor":17,"key":"REST"}],"circlet_count":0,"master_deck":["Strike_B","Strike_B","Strike_B","Strike_B","Defend_B","Defend_B","Defend_B","Defend_B","Zap","Dualcast","Conserve Battery","Hello World","Hologram","Creative AI+1","Hello World","Doom and Gloom","Ball Lightning","Loop","Chaos+1","FTL","Amplify","Defragment","Melter","Capacitor","Capacitor","FIFO Queue"],"relics":["Cracked Core","Blue Doll","Peace Pipe","MawBank","CultistMask","Omamori","Busted Crown"],"acts_visited":["Exordium","TheCity"],"potions_floor_usage":[7,18,21,23,23,23],"damage_taken":[{"damage":5,"enemies":"Cultist","floor":1,"turns":4},{"damage":3,"enemies":"Small Slimes","floor":3,"turns":3},{"damage":0,"enemies":"2 Louse","floor":4,"turns":3},{"damage":1,"enemies":"Large Slime","floor":5,"turns":6},{"damage":11,"enemies":"3 Louse","floor":7,"turns":3},{"damage":15,"enemies":"Looter","floor":8,"turns":4},{"damage":29,"enemies":"Gremlin Nob","floor":10,"turns":5},{"damage":10,"enemies":"Lots of Slimes","floor":16,"turns":2},{"damage":2,"enemies":"Fading Forest","floor":18,"turns":11},{"damage":10,"enemies":"Spheric Guardian","floor":20,"turns":3},{"damage":43,"enemies":"Shell Parasite","floor":21,"turns":6},{"damage":0,"enemies":"Centurion and Healer","floor":23,"turns":7},{"damage":29,"enemies":"3 Cultists","floor":24,"turns":3}],"seed_played":"-685133882844136958","potions_obtained":[{"floor":1,"key":"champ:CounterPotion"},{"floor":4,"key":"Weak Potion"},{"floor":10,"key":"Block Potion"},{"floor":16,"key":"LifebloodPotion"},{"floor":18,"key":"AttackPotion"},{"floor":20,"key":"FearPotion"},{"floor":21,"key":"Slimebound:ThreeZeroPotion"}],"is_trial":false,"path_per_floor":["M","T","M","M","M","R","M","M","T","E","?","$","R","PTL","PTL","M","R","B",null,"M","M","$","M","M"],"character_chosen":"DEFECT","items_purchased":["Omamori","Loop","Chaos+1","Melter","Capacitor"],"campfire_rested":2,"item_purchase_floors":[12,12,12,22,22],"current_hp_per_floor":[75,75,72,72,71,71,60,45,45,16,16,16,40,40,40,30,54,78,80,70,27,27,27,0,0],"gold":55,"neow_bonus":"RANDOM_EVENT","is_daily":false,"chose_seed":false,"campfire_upgraded":1,"win_rate":0.0,"timestamp":1612827470,"path_taken":["M","?","M","M","?","R","M","M","T","E","?","$","R","PTL","PTL","M","R","BOSS","M","M","$","?","M"],"items_purchased_type":["Relic","Card","Card","Card","Card"],"build_version":"2020-12-22","purchased_purges":0,"victory":false,"max_hp_per_floor":[80,80,80,80,80,80,80,80,80,80,80,80,80,80,80,80,80,80,80,80,80,80,80,80,80],"card_choices":[{"not_picked":["Steam Power","Stack"],"picked":"Conserve Battery","floor":1},{"not_picked":["Conserve Battery","Panic Button"],"picked":"Hello World","floor":3},{"not_picked":["Leap","Time Bomb"],"picked":"Hologram","floor":4},{"not_picked":["Steam","Stack"],"picked":"Creative AI","floor":5},{"not_picked":["Sweeping Beam","Double Energy"],"picked":"Hello World","floor":7},{"not_picked":["Redo","Stack"],"picked":"Doom and Gloom","floor":8},{"not_picked":["Redo","Coolheaded"],"picked":"Ball Lightning","floor":10},{"not_picked":["ReplaySort","Compile Driver"],"picked":"FTL","floor":16},{"not_picked":["Reboot","Meteor Strike"],"picked":"Amplify","floor":18},{"not_picked":["Hologram"],"picked":"SKIP","floor":20},{"not_picked":[],"picked":"Defragment","floor":21},{"not_picked":[],"picked":"FIFO Queue","floor":23}],"player_experience":143154,"relics_obtained":[{"floor":2,"key":"Blue Doll"},{"floor":9,"key":"Peace Pipe"},{"floor":10,"key":"MawBank"}],"event_choices":[{"damage_healed":0,"gold_gain":0,"player_choice":"Donut","damage_taken":0,"max_hp_gain":5,"max_hp_loss":0,"event_name":"Big Fish","floor":0,"gold_loss":0},{"damage_healed":0,"gold_gain":0,"player_choice":"Trade","damage_taken":0,"relics_obtained":["CultistMask"],"max_hp_gain":0,"max_hp_loss":0,"event_name":"FaceTrader","floor":11,"gold_loss":0}],"is_beta":false,"boss_relics":[{"not_picked":["Coffee Dripper","Honey Jar"],"picked":"Busted Crown"}],"items_purged_floors":[],"is_endless":false,"potions_floor_spawned":[1,4,10,16,18,20,21],"killed_by":"3 Cultists","ascension_level":0}}