{"host":"pieflzu1toyu3gz6","time":1612760152,"event":{"mods":["BaseMod","BetterRewards","Friendly Minions","HololiveMod","Hubris","Kiyohime¡]²M®V¡^","Koishi","Marisa¡]Ãú«B¡@Å]²z¨F¡^","Minty Spire (QoL Compilation)","Prisma Mod","Remilia¡]Á¢¦Ì²ú?¡^","Shop Mod","StSLib","The Bladedancer","The Bug Knight","The Servant 0.9.4","The Wild Card","Youmu¡]»î¾z§¯?¡^"],"gold_per_floor":[78,78,78,78,78,109,132,147,147,147,160,184,198,236,236,360,360,375,375,675,675,696,696,736,751,751,751,666,666,689,730,730,861,861,881,881,921,921,937,980,980,1026,1026,1026,1085,1123,1123,1158,1158,1158],"floor_reached":51,"language":"ZHS","playtime":2777,"items_purged":[],"score":1382,"play_id":"6d881954-9a01-445b-a87c-4e25d817ed7d","local_time":"20210208125552","is_ascension_mode":false,"campfire_choices":[{"data":"Hololive_CallShiroganeNoel","floor":15,"key":"SMITH"},{"data":"Magnetism","floor":23,"key":"SMITH"},{"data":"Hololive_CallYozoraMel","floor":27,"key":"SMITH"},{"data":"Hololive_Recruit","floor":29,"key":"SMITH"},{"data":"Hololive_Spy","floor":32,"key":"SMITH"},{"data":"Hololive_CallOmaruPolka","floor":41,"key":"SMITH"},{"data":"Hololive_CallHoushouMarine","floor":47,"key":"SMITH"},{"data":"Hololive_DevilCharm","floor":49,"key":"SMITH"}],"circlet_count":0,"master_deck":["Hololive_CallHoushouMarine+1","Hololive_CallShiroganeNoel+1","Hololive_CallUruhaRushia","Hololive_CallShiranuiFlare","Hololive_CallUsadaPekora+1","Hololive_StrengthChampion","Hololive_Strike","Hololive_Strike","Hololive_Defend","Hololive_Defend","Hololive_ILoveYou","Hololive_ManjiGathering","Hololive_CocoNews","Hololive_DevilCharm+1","Hololive_CallCivia","Dark Shackles","Magnetism+1","Hololive_CallYozoraMel+1","theWildCard:Alice","Hololive_CallYukihanaLamy","Hololive_StrengthChampion","Hololive_CallTokoyamiTowa","Hololive_CallOmaruPolka+1","Hololive_DurableLive","Hololive_FlyingPonyTail","Hololive_Recruit+1","Hololive_OvertimeWork+1","Greed_TH","Hololive_LuckPotion","Hololive_WolfAndLamb","Hololive_StrengthChampion+1","Hololive_Spy+1","Hololive_AWSL","Hololive_LuckPotion+1","Hololive_Trident+1","Hololive_Trident+1","Hololive_CallSakuraMiko+1","Hololive_Psychosis+1","Hololive_CallHoshimachiSuisei","Hololive_CallTokinoSora+1","Hololive_CallOmaruPolka+1"],"relics":["Hololive_TheStar","Vajra","Lee\u0027s Waffle","Pear","hubris:NiceRug","Golden Idol","hubris:ToyBattleship","Bronze Scales","Potion Belt","hubris:TerracottaHorce","MutagenicStrength","Bag of Preparation","Molten Egg 2","Ornamental Fan","hubris:MysteriousPyramids","hubris:VirtuousBlindfold","hubris:Icosahedron","Bag of Marbles","Bottled Flame","hubris:Towel","hubris:BottledRain"],"acts_visited":["Exordium","TheCity","TheBeyond"],"potions_floor_usage":[1,25,32,39,50],"damage_taken":[{"damage":14,"enemies":"hubris:Merchant","floor":0,"turns":5},{"damage":0,"enemies":"Jaw Worm","floor":1,"turns":3},{"damage":0,"enemies":"3 Sentries","floor":6,"turns":4},{"damage":0,"enemies":"Small Slimes","floor":7,"turns":1},{"damage":0,"enemies":"Cultist","floor":8,"turns":2},{"damage":0,"enemies":"3 Louse","floor":11,"turns":2},{"damage":0,"enemies":"2 Fungi Beasts","floor":12,"turns":3},{"damage":0,"enemies":"Large Slime","floor":13,"turns":2},{"damage":0,"enemies":"Lagavulin","floor":14,"turns":4},{"damage":0,"enemies":"Slime Boss","floor":16,"turns":3},{"damage":0,"enemies":"2 Thieves","floor":18,"turns":3},{"damage":0,"enemies":"Shell Parasite","floor":22,"turns":2},{"damage":0,"enemies":"Slavers","floor":24,"turns":4},{"damage":0,"enemies":"3 Cultists","floor":25,"turns":5},{"damage":0,"enemies":"Snecko","floor":30,"turns":3},{"damage":0,"enemies":"Gremlin Leader","floor":31,"turns":5},{"damage":0,"enemies":"Collector","floor":33,"turns":5},{"damage":0,"enemies":"Orb Walker","floor":35,"turns":3},{"damage":0,"enemies":"3 Darklings","floor":37,"turns":5},{"damage":0,"enemies":"Maw","floor":39,"turns":5},{"damage":0,"enemies":"Nemesis","floor":40,"turns":6},{"damage":0,"enemies":"Transient","floor":42,"turns":5},{"damage":0,"enemies":"Giant Head","floor":45,"turns":7},{"damage":0,"enemies":"3 Darklings","floor":46,"turns":4},{"damage":0,"enemies":"Spire Growth","floor":48,"turns":4},{"damage":0,"enemies":"Donu and Deca","floor":50,"turns":5}],"seed_played":"-4853753082224682785","potions_obtained":[{"floor":0,"key":"SpeedPotion"},{"floor":0,"key":"SkillPotion"},{"floor":6,"key":"DuplicationPotion"},{"floor":14,"key":"AttackPotion"},{"floor":22,"key":"LiquidBronze"},{"floor":25,"key":"PowerPotion"},{"floor":31,"key":"Fruit Juice"},{"floor":37,"key":"LiquidBronze"},{"floor":42,"key":"Block Potion"},{"floor":45,"key":"ColorlessPotion"},{"floor":48,"key":"DuplicationPotion"}],"is_trial":false,"path_per_floor":["M","$","?","?","$","E","M","M","T","?","M","M","M","E","R","B",null,"M","$","?","?","M","R","E","M","T","R","?","R","M","E","R","B",null,"M","?","M","?","M","E","R","M","T","?","E","M","R","M","R","B",null],"character_chosen":"Hololive_HololiveCharacter","items_purchased":["Vajra","Lee\u0027s Waffle","Pear","Hololive_ILoveYou","Fruit Juice"],"campfire_rested":0,"item_purchase_floors":[0,0,0,0,0],"current_hp_per_floor":[43,43,43,43,43,43,43,43,43,43,43,43,43,43,43,43,51,51,51,51,51,51,51,51,51,51,51,46,46,53,53,58,58,58,59,59,60,60,61,62,62,63,63,63,64,65,65,66,66,67],"gold":1158,"neow_bonus":"","is_daily":false,"chose_seed":false,"campfire_upgraded":8,"win_rate":0.0,"timestamp":1612760152,"path_taken":["M","$","?","?","?","E","M","M","T","?","?","M","M","E","R","BOSS","M","$","?","?","M","R","E","M","T","R","?","R","M","E","R","BOSS","M","?","M","?","M","E","R","?","T","?","E","M","R","M","R","BOSS"],"items_purchased_type":["Relic","Relic","Relic","Card","Potion"],"build_version":"2020-12-22","purchased_purges":0,"victory":true,"max_hp_per_floor":[57,57,53,53,53,53,53,53,53,53,53,53,53,53,53,53,53,53,53,53,53,53,53,53,53,53,53,53,53,53,53,58,58,58,59,59,60,60,61,62,62,63,63,63,64,65,65,66,66,67],"card_choices":[{"not_picked":[],"picked":"Hololive_ManjiGathering","floor":0},{"not_picked":[],"picked":"Hololive_CocoNews","floor":0},{"not_picked":[],"picked":"Hololive_DevilCharm","floor":0},{"not_picked":[],"picked":"Hololive_CallCivia","floor":0},{"not_picked":[],"picked":"Dark Shackles","floor":0},{"not_picked":[],"picked":"Magnetism","floor":0},{"not_picked":["Hololive_Sequa","Hololive_CallArtia","Hololive_Drill"],"picked":"Hololive_CallYozoraMel","floor":1},{"not_picked":["Hololive_Psychosis","Hololive_CallTsunomakiWatame","Hololive_CallUruhaRushia"],"picked":"Hololive_CallYukihanaLamy","floor":6},{"not_picked":["Hololive_Sequa","Hololive_Trident","Hololive_Drill"],"picked":"Hololive_StrengthChampion","floor":7},{"not_picked":["Hololive_CocoNews","Hololive_CandyCastle","Hololive_Sequa"],"picked":"Hololive_CallTokoyamiTowa","floor":8},{"not_picked":["Hololive_CallTsunomakiWatame","Hololive_CallOkamiMio","Hololive_Drill"],"picked":"Hololive_CallOmaruPolka","floor":11},{"not_picked":["Hololive_Yoholoon","Hololive_SoulCatcher","Hololive_RevenueBasedLive"],"picked":"Hololive_DurableLive","floor":12},{"not_picked":["Hololive_BringToTrial","Hololive_HuntDinosaur","Hololive_Breathe"],"picked":"Hololive_FlyingPonyTail","floor":13},{"not_picked":["Hololive_CallShiroganeNoel","Hololive_Trident","Hololive_Breathe"],"picked":"Hololive_CallKiryuuCoco","floor":14},{"not_picked":["Hololive_OpenUp","Hololive_DiamondStrike","Hololive_BeCareful"],"picked":"Hololive_Recruit","floor":16},{"not_picked":["Hololive_Trident","Hololive_HuntDinosaur+1","Hololive_CallMoonaHoshinova"],"picked":"Hololive_OvertimeWork+1","floor":18},{"not_picked":["Hololive_SoulCatcher","Hololive_ManjiGathering","Hololive_Psychosis"],"picked":"Hololive_LuckPotion","floor":22},{"not_picked":["Hololive_FlyingPonyTail","Hololive_CallInugamiKorone","Hololive_Psychosis","Hololive_CallMomosuzuNene"],"picked":"SKIP","floor":24},{"not_picked":["Hololive_CallHimemoriLuna","Hololive_OvertimeWork+1","Hololive_FlyingPonyTail"],"picked":"Hololive_WolfAndLamb","floor":25},{"not_picked":["Hololive_Rebound","Hololive_Drill+1","Hololive_CallMurasakiShion"],"picked":"Hololive_StrengthChampion+1","floor":30},{"not_picked":["Hololive_Psychosis+1","Hololive_RevenueBasedLive","Hololive_DevilCharm"],"picked":"Hololive_Spy","floor":31},{"not_picked":["Hololive_BeCareful","Hololive_ASMR+1","Hololive_ScarfAndHalo+1"],"picked":"Hololive_AWSL","floor":33},{"not_picked":["Hololive_CallYukihanaLamy+1","Hololive_FlyingPonyTail+1","Hololive_CallTokoyamiTowa+1"],"picked":"Hololive_LuckPotion+1","floor":35},{"not_picked":["Hololive_RevenueBasedLive","Hololive_CallOzoraSubaru","Hololive_Sequa+1"],"picked":"Hololive_Trident+1","floor":37},{"not_picked":["Hololive_LuckPotion","Hololive_OvertimeWork+1","Hololive_CocoNews+1"],"picked":"Hololive_Trident+1","floor":39},{"not_picked":["Hololive_Psychosis+1","Hololive_CallRosalyn+1","Hololive_CallShishiroBotan"],"picked":"Hololive_CallSakuraMiko+1","floor":40},{"not_picked":["Hololive_FlyingPonyTail","Hololive_Watashimo","Hololive_CallAyundaRisu"],"picked":"Hololive_Psychosis+1","floor":42},{"not_picked":["Hololive_Rebound","Hololive_RevenueBasedLive","Hololive_CallSpadeEcho"],"picked":"Hololive_CallHoshimachiSuisei","floor":45},{"not_picked":["Hololive_Rebound","Hololive_HuntDinosaur","Hololive_Sequa+1"],"picked":"Hololive_CallTokinoSora+1","floor":46},{"not_picked":["Hololive_Sequa+1","Hololive_Drill+1","Hololive_Watashimo+1"],"picked":"Hololive_CallOmaruPolka+1","floor":48}],"player_experience":5641,"relics_obtained":[{"floor":6,"key":"hubris:ToyBattleship"},{"floor":9,"key":"Bronze Scales"},{"floor":14,"key":"Potion Belt"},{"floor":24,"key":"Bag of Preparation"},{"floor":26,"key":"Molten Egg 2"},{"floor":31,"key":"hubris:MysteriousPyramids"},{"floor":40,"key":"Bag of Marbles"},{"floor":43,"key":"Bottled Flame"},{"floor":45,"key":"hubris:BottledRain"}],"event_choices":[{"damage_healed":0,"gold_gain":0,"player_choice":"Lose Max HP","damage_taken":0,"relics_obtained":["Golden Idol"],"max_hp_gain":0,"max_hp_loss":4,"event_name":"Golden Idol","floor":3,"gold_loss":0},{"damage_healed":0,"gold_gain":0,"player_choice":"Upgraded","damage_taken":0,"max_hp_gain":0,"max_hp_loss":0,"event_name":"Upgrade Shrine","floor":10,"gold_loss":0,"cards_upgraded":["Hololive_CallUsadaPekora"]},{"damage_healed":0,"gold_gain":0,"player_choice":"Inject Mutagens","damage_taken":0,"relics_obtained":["MutagenicStrength"],"max_hp_gain":0,"max_hp_loss":0,"event_name":"Drug Dealer","floor":21,"gold_loss":0},{"damage_healed":0,"gold_gain":0,"player_choice":"Obtained Relic","damage_taken":0,"relics_obtained":["Ornamental Fan"],"max_hp_gain":0,"max_hp_loss":0,"event_name":"Addict","floor":28,"gold_loss":85},{"cards_removed":["Hololive_CallKiryuuCoco"],"damage_healed":0,"gold_gain":0,"player_choice":"Offered Uncommon","damage_taken":0,"max_hp_gain":0,"max_hp_loss":0,"event_name":"Bonfire Elementals","floor":38,"gold_loss":0}],"is_beta":false,"boss_relics":[{"not_picked":["Astrolabe","Philosopher\u0027s Stone"],"picked":"hubris:TerracottaHorce"},{"not_picked":["hubris:Backtick","hubris:RunicObelisk"],"picked":"hubris:VirtuousBlindfold"}],"items_purged_floors":[],"is_endless":false,"potions_floor_spawned":[6,7,12,13,14,22,24,25,31,37,42,45,48],"ascension_level":0}}