{"host":"c6u7e77myxvw4d0m","time":1612764923,"event":{"mods":["AchievementEnabler","BaseMod","Bestiary","Colored Map","Colored Powertips","Minty Spire (QoL Compilation)","Rare Cards Sparkle","Relic Stats","everything is the same but u backflip on backflip"],"gold_per_floor":[119,135,151,123,143,174,174,174,174],"floor_reached":8,"language":"ENG","playtime":652,"items_purged":[],"score":120,"play_id":"b7804f5c-601d-42e4-8622-72dd37ab9ff4","local_time":"20210208081523","is_ascension_mode":true,"campfire_choices":[{"floor":7,"key":"REST"}],"circlet_count":0,"master_deck":["AscendersBane","Strike_G","Strike_G","Strike_G","Strike_G","Strike_G","Defend_G","Defend_G","Defend_G","Defend_G","Defend_G","Survivor","Neutralize","After Image","Deadly Poison","Crippling Poison","Flying Knee","Caltrops","Blade Dance","Well Laid Plans"],"relics":["Ring of the Snake","Snake Skull"],"acts_visited":["Exordium"],"potions_floor_usage":[6,8],"damage_taken":[{"damage":3,"enemies":"Cultist","floor":1,"turns":5},{"damage":5,"enemies":"Small Slimes","floor":2,"turns":4},{"damage":6,"enemies":"2 Louse","floor":3,"turns":3},{"damage":0,"enemies":"Exordium Thugs","floor":4,"turns":4},{"damage":2,"enemies":"Blue Slaver","floor":5,"turns":6},{"damage":42,"enemies":"Gremlin Nob","floor":6,"turns":4},{"damage":34,"enemies":"Lagavulin","floor":8,"turns":8}],"seed_played":"599833017582921848","potions_obtained":[{"floor":5,"key":"PowerPotion"},{"floor":6,"key":"ColorlessPotion"}],"is_trial":false,"path_per_floor":["M","M","M","M","M","E","R","E"],"character_chosen":"THE_SILENT","items_purchased":[],"campfire_rested":1,"item_purchase_floors":[],"current_hp_per_floor":[56,51,45,45,43,1,19,0,0],"gold":174,"neow_bonus":"THREE_RARE_CARDS","is_daily":false,"chose_seed":false,"campfire_upgraded":0,"win_rate":0.0,"timestamp":1612764923,"path_taken":["M","M","M","M","M","E","R","E"],"items_purchased_type":[],"build_version":"2020-12-22","purchased_purges":0,"victory":false,"max_hp_per_floor":[60,60,60,60,60,60,60,60,60],"relic_stats":{"counters":[7,34],"Snake Skull":[2],"obtain_stats":[{"Snake Skull":6,"Ring of the Snake":0},{"Snake Skull":6,"Ring of the Snake":0},{"Snake Skull":26,"Ring of the Snake":0}],"Ring of the Snake":[14]},"card_choices":[{"not_picked":["Storm of Steel","Tools of the Trade"],"picked":"After Image","floor":0},{"not_picked":["Deflect","Caltrops"],"picked":"Deadly Poison","floor":1},{"not_picked":["Endless Agony","Dodge and Roll"],"picked":"Crippling Poison","floor":2},{"not_picked":["Deadly Poison","Cloak And Dagger"],"picked":"Flying Knee","floor":3},{"not_picked":["Dodge and Roll","Reflex"],"picked":"Caltrops","floor":4},{"not_picked":["Dagger Spray","Underhanded Strike"],"picked":"Blade Dance","floor":5},{"not_picked":["Masterful Stab","All Out Attack"],"picked":"Well Laid Plans","floor":6}],"player_experience":713925,"relics_obtained":[{"floor":6,"key":"Snake Skull"}],"event_choices":[],"is_beta":false,"boss_relics":[],"items_purged_floors":[],"is_endless":false,"potions_floor_spawned":[5,6],"killed_by":"Lagavulin","ascension_level":20}}