{"host":"q5l3nirlejh5mn15","time":1612793168,"event":{"mods":["100% Spire Juice","BaseMod","Bossed Relics","Downfall","Energized Spire","FoggyMod","Hermit","Koishi","Marisa（F雨　魔理沙）","Minty Spire (QoL Compilation)","MostiFishMod","Reimu（博丽灵梦）","Relic Filter Mod","Reliquary","Remilia（蕾米莉亚）","RumiaBox-露米娅的神秘盒子","Spicy Shops","StSLib","TestMod","The Hierophant","The Servant 0.9.4","UnlockEverythingMod","Warlord Emblem","[IsaacMod]以撒尖塔","【功能Mod】混沌之环修复补丁","【遗物卡牌】REMEMod"],"gold_per_floor":[99,99,115,115,115,144,167,187,222,122,142,42,75,156,174,278,278,278,278,678,582,582,613,613,613,644,661,741,741,641,351,367,464,464,464,511,561,561,561,561],"floor_reached":38,"language":"ZHS","playtime":999,"items_purged":[],"score":751,"play_id":"d6d16bcb-594a-4917-917f-9194870a10f5","local_time":"20210208220608","is_ascension_mode":true,"campfire_choices":[{"data":"Moonworks:x16BigRocket","floor":1.0,"key":"SMITH"},{"floor":10.0,"key":"RECALL"},{"data":"Moonworks:x16BigRocket+1","floor":12.0,"key":"SMITH"},{"data":"Moonworks:x16BigRocket+2","floor":18.0,"key":"SMITH"},{"data":"MostiFishMod:SephirahHod","floor":30.0,"key":"SMITH"},{"data":"Moonworks:x16BigRocket+3","floor":35.0,"key":"SMITH"}],"circlet_count":0,"master_deck":["MostiFishMod:SephirahHod+1","Moonworks:x16BigRocket+4","bronze:Deprecate","bronze:Verify","MostiFishMod:SephirahHod","bronze:OilSpill","bronze:Virus","bronze:ClassDefault+1"],"relics":["D4","Burning Blood","OriginationStaff","MoneyPower","GuppysPaw","SecretRecord","testmod-BouquetWithThorns","Prayer Wheel","testmod-InjuryResistance","reliquary:OuijaBoard","Tea:ReiMu","Bottled Lightning","DoctorsRemote","reliquary:TridentHead","reliquary:NewFriend","LastBattle","TheBean","testmod-IndustrialRevolution","testmod-Antiphasic","reliquary:RosewoodLute","reliquary:PorcupineQuills","energizedSpire:StickyHand","SacredBark","RhineCircuit","REME_OnlineShoppingPlatform","TentaclePot:ReiMu","RottenBaby","NineLifeCat"],"acts_visited":["Exordium","TheCity","TheBeyond"],"potions_floor_usage":[],"damage_taken":[{"damage":0.0,"enemies":"2 Louse","floor":3.0,"turns":1.0},{"damage":10.0,"enemies":"Gremlin Nob","floor":6.0,"turns":3.0},{"damage":0.0,"enemies":"Jaw Worm","floor":8.0,"turns":2.0},{"damage":1.0,"enemies":"3 Sentries","floor":9.0,"turns":5.0},{"damage":0.0,"enemies":"Cultist","floor":11.0,"turns":3.0},{"damage":0.0,"enemies":"Lagavulin","floor":13.0,"turns":5.0},{"damage":0.0,"enemies":"Large Slime","floor":15.0,"turns":3.0},{"damage":30.0,"enemies":"IC_STATUS_ARCHETYPE","floor":16.0,"turns":5.0},{"damage":0.0,"enemies":"downfall:FleeingMerchant","floor":21.0,"turns":2.0},{"damage":0.0,"enemies":"Book of Stabbing","floor":23.0,"turns":1.0},{"damage":0.0,"enemies":"REME_1_Revenger","floor":26.0,"turns":1.0},{"damage":0.0,"enemies":"Shell Parasite","floor":27.0,"turns":1.0},{"damage":0.0,"enemies":"3 Byrds","floor":32.0,"turns":2.0},{"damage":0.0,"enemies":"SI_MIRROR_ARCHETYPE","floor":33.0,"turns":2.0},{"damage":5.0,"enemies":"Orin","floor":36.0,"turns":3.0},{"damage":0,"enemies":"Orin","floor":37,"turns":1},{"damage":2099999769,"enemies":"2 Orb Walkers","floor":38,"turns":1}],"seed_played":"-6552543010581867494","potions_obtained":[{"floor":6.0,"key":"Fire Potion"},{"floor":9.0,"key":"Swift Potion"},{"floor":11.0,"key":"Strength Potion"}],"is_trial":false,"path_per_floor":["R","?","M","?","?","E","T","M","E","R","M","R","E","T","M","B",null,"R","?","?","$","?","E","T","?","E","M","T","?","R","$","M","B",null,"R","?","?","?"],"character_chosen":"THE_AUTOMATON","items_purchased":["GuppysTail","GuppysCollar","REME_LimitBreaker","DollysMirror","bronze:ChosenStrike","bronze:Deprecate","bronze:Iterate","reliquary:BrokenClock","bronze:BitShift+1","bronze:Iterate","bronze:InfiniteBeams"],"campfire_rested":0,"item_purchase_floors":[17,17,21,21,21,21,21,31,31,31,31],"current_hp_per_floor":[77,77,77,77,72,62,62,62,64,64,64,64,64,64,66,38,56,56,56,56,58,58,58,58,58,58,61,61,46,56,56,56,56,71,71,69,19,0,0,0],"gold":561,"neow_bonus":"TEN_PERCENT_HP_BONUS","is_daily":false,"chose_seed":false,"campfire_upgraded":5,"win_rate":0.0,"timestamp":1612793168,"path_taken":["R","?","?","?","?","E","T","?","E","R","?","R","E","?","M","BOSS","R","?","?","$","?","E","T","?","E","?","?","?","R","$","M","BOSS","R","?","?","?"],"items_purchased_type":["Relic","Relic","Relic","Relic","Card","Card","Card","Relic","Card","Card","Card"],"build_version":"2020-12-22","purchased_purges":0,"victory":false,"max_hp_per_floor":[77,77,77,77,77,77,77,77,80,80,80,80,75,75,77,79,56,56,56,56,58,58,58,58,58,58,61,61,61,71,71,71,71,71,71,74,19,124,124,124],"card_choices":[{"not_picked":[],"picked":"SuicideKing","floor":0.0},{"not_picked":["bronze:InfiniteBeams","bronze:Branch"],"picked":"bronze:Deprecate","floor":3.0},{"not_picked":["bronze:Deprecate","bronze:DelayedSlice","bronze:Frontload"],"picked":"SKIP","floor":6.0},{"not_picked":["bronze:Safeguard","bronze:Optimize","bronze:FollowUp"],"picked":"SKIP","floor":8.0},{"not_picked":["bronze:DigitalCarnage","bronze:Shield"],"picked":"bronze:Verify","floor":9.0},{"not_picked":["bronze:Branch","bronze:OilSpill","bronze:CutThrough"],"picked":"SKIP","floor":11.0},{"not_picked":["bronze:Allocate","bronze:Flail","bronze:Turbo"],"picked":"SKIP","floor":13.0},{"not_picked":["bronze:WildBeam","bronze:ChildClass","bronze:BurnOut"],"picked":"Singing Bowl","floor":15.0},{"not_picked":["bronze:FindAndReplace","bronze:InfiniteLoop","bronze:SpaghettiCode"],"picked":"Singing Bowl","floor":16.0},{"not_picked":["bronze:Frontload+1","bronze:FineTuning","bronze:Separator"],"picked":"Singing Bowl","floor":21.0},{"not_picked":["bronze:GetLatest","bronze:Branch"],"picked":"bronze:HardenedForm","floor":23.0},{"not_picked":["bronze:Safeguard+1","bronze:Deprecate+1"],"picked":"bronze:Library","floor":26.0},{"not_picked":["bronze:WhirlingStrike","bronze:ForceShield+1"],"picked":"bronze:DelayedGuard+1","floor":27.0},{"not_picked":["bronze:Overload+1","bronze:Turbo+1"],"picked":"bronze:OilSpill","floor":32.0},{"not_picked":["bronze:Break","bronze:BurnOut"],"picked":"bronze:Virus","floor":33.0},{"not_picked":["bronze:Shell+1","bronze:ChosenStrike+1"],"picked":"bronze:ClassDefault+1","floor":36.0},{"not_picked":["bronze:FineTuning+1","bronze:CutThrough+1","bronze:Safeguard+1"],"picked":"Singing Bowl","floor":37}],"player_experience":260215,"relics_obtained":[{"floor":6.0,"key":"Nunchaku"},{"floor":7.0,"key":"reliquary:PartyBalloon"},{"floor":9.0,"key":"testmod-LifeArmor"},{"floor":13.0,"key":"reliquary:Aerogel"},{"floor":14.0,"key":"Singing Bowl"},{"floor":23.0,"key":"Lantern"},{"floor":26.0,"key":"Toxic Egg 2"},{"floor":28.0,"key":"Matryoshka"},{"floor":36.0,"key":"CatCart"},{"floor":37,"key":"D4"}],"event_choices":[{"cards_removed":["bronze:Strike"],"damage_healed":0.0,"max_hp_gain":0.0,"max_hp_loss":0.0,"gold_gain":0.0,"event_name":"The Cleric","player_choice":"Card Removal","floor":2.0,"gold_loss":0.0,"damage_taken":0.0},{"damage_healed":0.0,"max_hp_gain":0.0,"max_hp_loss":0.0,"gold_gain":0.0,"event_name":"给自己的盒子","player_choice":"Swap Relic","floor":19.0,"relics_lost":["DaveBox"],"gold_loss":0.0,"damage_taken":0.0,"relics_obtained":["testmod-KeyOfTheVoid"]},{"damage_healed":0.0,"max_hp_gain":0.0,"max_hp_loss":0.0,"gold_gain":400.0,"event_name":"恩洛斯的盘子","player_choice":"Sell","floor":20.0,"relics_lost":["HushsDoor"],"gold_loss":0.0,"damage_taken":0.0},{"damage_healed":0.0,"max_hp_gain":0.0,"max_hp_loss":0.0,"gold_gain":0.0,"event_name":"OrinTheCat","player_choice":"Fight","floor":36.0,"gold_loss":0.0,"damage_taken":0.0},{"damage_healed":0,"gold_gain":0,"player_choice":"Fight","damage_taken":0,"max_hp_gain":0,"max_hp_loss":0,"event_name":"Mysterious Sphere","floor":38,"gold_loss":0}],"is_beta":false,"boss_relics":[{"not_picked":["TimeKeys","SlaversCollar"],"picked":"ExusiaiGun"},{"not_picked":[]},{"not_picked":["energizedSpire:EnergizedDie","REME_DemonsWealth"],"picked":"Tiny House"}],"items_purged_floors":[],"is_endless":false,"potions_floor_spawned":[6,9,11,15,16,32,33,36,37],"killed_by":"2 Orb Walkers","ascension_level":1}}