{"host":"04hh9gplt9wkfmr1","time":1612798727,"event":{"mods":["AchievementEnabler","BaseMod","Colored Map","KOR Keyword Fix","Minty Spire (QoL Compilation)","Rare Cards Sparkle","SuperFastMode"],"gold_per_floor":[113,113,123,140,153,153,167,180,180,180,196,196,227,255,267,355,367,394,406,435,447,459,471,493,505,541,75,87,87,87,104,104,104,104],"floor_reached":33,"language":"KOR","playtime":854,"items_purged":["Strike_G"],"score":526,"play_id":"b60714a4-40ad-401b-b029-f654e869c27a","local_time":"20210209003847","is_ascension_mode":true,"campfire_choices":[{"floor":6.0,"key":"REST"},{"floor":10.0,"key":"REST"},{"floor":12.0,"key":"REST"},{"floor":15.0,"key":"REST"},{"data":"Burst","floor":23.0,"key":"SMITH"},{"data":"Noxious Fumes","floor":25.0,"key":"SMITH"},{"data":"Burst","floor":32.0,"key":"SMITH"}],"circlet_count":0,"master_deck":["AscendersBane","Strike_G","Defend_G","Defend_G","Defend_G","Defend_G","Defend_G","Survivor","Neutralize","Deadly Poison","Noxious Fumes+1","Deadly Poison","After Image","Deadly Poison","Deadly Poison","Deadly Poison","Burst+1","After Image","Deadly Poison+1","Noxious Fumes","Burst+1","Writhe","Deadly Poison"],"relics":["Ring of the Snake","Paper Crane","MawBank","Velvet Choker","Bag of Marbles","Snake Skull","Thread and Needle"],"acts_visited":["Exordium","TheCity"],"potions_floor_usage":[33,33],"damage_taken":[{"damage":2.0,"enemies":"2 Louse","floor":1.0,"turns":4.0},{"damage":1.0,"enemies":"Cultist","floor":3.0,"turns":5.0},{"damage":0.0,"enemies":"Small Slimes","floor":4.0,"turns":4.0},{"damage":34.0,"enemies":"Gremlin Gang","floor":5.0,"turns":4.0},{"damage":2.0,"enemies":"2 Fungi Beasts","floor":7.0,"turns":4.0},{"damage":19.0,"enemies":"Large Slime","floor":8.0,"turns":8.0},{"damage":0.0,"enemies":"Blue Slaver","floor":11.0,"turns":5.0},{"damage":13.0,"enemies":"Lagavulin","floor":13.0,"turns":6.0},{"damage":8.0,"enemies":"Gremlin Gang","floor":14.0,"turns":4.0},{"damage":32.0,"enemies":"The Guardian","floor":16.0,"turns":8.0},{"damage":15.0,"enemies":"Spheric Guardian","floor":18.0,"turns":4.0},{"damage":4.0,"enemies":"Chosen","floor":20.0,"turns":5.0},{"damage":2.0,"enemies":"Centurion and Healer","floor":24.0,"turns":7.0},{"damage":10.0,"enemies":"Snake Plant","floor":28.0,"turns":4.0},{"damage":0.0,"enemies":"Slavers","floor":30.0,"turns":1.0},{"damage":0.0,"enemies":"3 Cultists","floor":31.0,"turns":5.0},{"damage":28,"enemies":"Automaton","floor":33,"turns":6}],"seed_played":"-9198897385326386686","potions_obtained":[{"floor":1.0,"key":"BlessingOfTheForge"},{"floor":5.0,"key":"DuplicationPotion"},{"floor":8.0,"key":"LiquidBronze"},{"floor":11.0,"key":"CultistPotion"},{"floor":13.0,"key":"Swift Potion"},{"floor":18.0,"key":"CultistPotion"},{"floor":19.0,"key":"Poison Potion"},{"floor":24.0,"key":"SmokeBomb"},{"floor":31.0,"key":"CultistPotion"}],"is_trial":false,"path_per_floor":["M","?","M","M","M","R","M","M","T","R","M","R","E","M","R","B",null,"M","?","M","$","?","R","M","R","T","$","M","?","E","M","R","B"],"character_chosen":"THE_SILENT","items_purchased":["Snake Skull","Noxious Fumes","Burst"],"campfire_rested":4,"item_purchase_floors":[27,27,27],"current_hp_per_floor":[42,42,41,41,7,26,24,5,5,24,24,43,30,22,41,9,52,37,37,33,33,33,33,31,31,31,31,21,21,21,21,21,0,0],"gold":104,"neow_bonus":"REMOVE_TWO","is_daily":false,"chose_seed":false,"campfire_upgraded":3,"win_rate":0.0,"timestamp":1612798727,"path_taken":["M","?","M","M","M","R","M","?","T","R","M","R","E","M","R","BOSS","M","?","M","?","?","R","?","R","T","$","M","?","E","M","R","BOSS"],"items_purchased_type":["Relic","Card","Card"],"build_version":"2020-12-22","purchased_purges":1,"victory":false,"max_hp_per_floor":[66,66,66,66,66,66,66,66,66,66,66,66,66,66,66,66,66,66,66,66,66,66,66,66,66,66,66,66,66,66,66,66,66,66],"card_choices":[{"not_picked":["Dash","Prepared"],"picked":"Deadly Poison","floor":1.0},{"not_picked":["PiercingWail","Quick Slash"],"picked":"Noxious Fumes","floor":3.0},{"not_picked":["Blur","Masterful Stab","Concentrate"],"picked":"SKIP","floor":4.0},{"not_picked":["Dash","Prepared"],"picked":"Deadly Poison","floor":5.0},{"not_picked":["Riddle With Holes","Skewer","Dagger Spray"],"picked":"SKIP","floor":7.0},{"not_picked":["Prepared","Bane"],"picked":"After Image","floor":8.0},{"not_picked":["Deflect","Flying Knee"],"picked":"Deadly Poison","floor":11.0},{"not_picked":["Infinite Blades","PiercingWail"],"picked":"Deadly Poison","floor":13.0},{"not_picked":["Dodge and Roll","Flying Knee"],"picked":"Deadly Poison","floor":14.0},{"not_picked":["Envenom","Tools of the Trade"],"picked":"Burst","floor":16.0},{"not_picked":["Dagger Spray","Underhanded Strike","Skewer"],"picked":"SKIP","floor":18.0},{"not_picked":["All Out Attack","Underhanded Strike","Quick Slash"],"picked":"SKIP","floor":20.0},{"not_picked":["Poisoned Stab+1","Calculated Gamble"],"picked":"Deadly Poison+1","floor":24.0},{"not_picked":["Dash","Poisoned Stab","Prepared"],"picked":"SKIP","floor":28.0},{"not_picked":["Acrobatics","Blade Dance"],"picked":"Deadly Poison","floor":31.0}],"player_experience":141604,"relics_obtained":[{"floor":9.0,"key":"Paper Crane"},{"floor":13.0,"key":"MawBank"},{"floor":26.0,"key":"Bag of Marbles"}],"event_choices":[{"cards_removed":["Strike_G"],"damage_healed":0.0,"max_hp_gain":0.0,"max_hp_loss":0.0,"gold_gain":0.0,"event_name":"Purifier","player_choice":"Purged","floor":2.0,"gold_loss":0.0,"damage_taken":0.0},{"damage_healed":0.0,"max_hp_gain":0.0,"max_hp_loss":0.0,"gold_gain":0.0,"event_name":"Lab","player_choice":"Got Potions","floor":19.0,"gold_loss":0.0,"damage_taken":0.0},{"damage_healed":0.0,"max_hp_gain":0.0,"max_hp_loss":0.0,"gold_gain":0.0,"event_name":"Duplicator","player_choice":"Copied","floor":22.0,"gold_loss":0.0,"damage_taken":0.0,"cards_obtained":["After Image"]},{"damage_healed":0.0,"max_hp_gain":0.0,"max_hp_loss":0.0,"gold_gain":0.0,"event_name":"The Mausoleum","player_choice":"Opened","floor":29.0,"gold_loss":0.0,"damage_taken":0.0,"relics_obtained":["Thread and Needle"],"cards_obtained":["Writhe"]}],"is_beta":false,"boss_relics":[{"not_picked":["Snecko Eye","Busted Crown"],"picked":"Velvet Choker"}],"items_purged_floors":[27],"is_endless":false,"potions_floor_spawned":[1,5,8,11,13,18,24,31],"killed_by":"Automaton","ascension_level":17}}