{"host":"q44lx11dx4acphec","time":1612779326,"event":{"mods":["BaseMod","Hermit","Minty Spire (QoL Compilation)","Replay The Spire","StSLib","SuperFastMode","The Cursed"],"gold_per_floor":[113,113,131,131,131,158,158,170,170,205,205,223,223,243,243,343,343,343,343],"floor_reached":18,"language":"ENG","playtime":845,"items_purged":[],"score":170,"play_id":"6a6f328e-edb9-4afc-aebb-b564f93d1afb","local_time":"20210208181526","is_ascension_mode":false,"campfire_choices":[{"floor":7,"key":"REST"},{"data":"hermit:EternalForm","floor":11,"key":"SMITH"},{"data":"hermit:Vantage","floor":13,"key":"SMITH"},{"floor":15,"key":"DIG"}],"circlet_count":0,"master_deck":["hermit:Strike_Hermit+1","hermit:Strike_Hermit","hermit:Defend_Hermit","hermit:Defend_Hermit","hermit:Defend_Hermit","hermit:Snapshot+1","hermit:Covet","hermit:SprayPray","hermit:Vantage+1","hermit:GoldenBullet","hermit:EternalForm+1","hermit:HighCaliber","hermit:HeroicBravado"],"relics":["hermit:Momento","Pet Ghost","White Beast Statue","Kunai","MealTicket","Potion Belt","Replay:Drink Me"],"acts_visited":["Exordium","TheCity"],"potions_floor_usage":[16],"damage_taken":[{"damage":2,"enemies":"2 Louse","floor":1,"turns":3},{"damage":11,"enemies":"Jaw Worm","floor":3,"turns":4},{"damage":31,"enemies":"3 Sentries","floor":6,"turns":10},{"damage":2,"enemies":"Small Slimes","floor":8,"turns":4},{"damage":5,"enemies":"Replay:BlueRogue","floor":10,"turns":5},{"damage":0,"enemies":"Exordium Wildlife","floor":12,"turns":2},{"damage":0,"enemies":"Large Slime","floor":14,"turns":5},{"damage":30,"enemies":"The Guardian","floor":16,"turns":12},{"damage":0,"enemies":"3 Byrds","floor":18,"turns":1}],"seed_played":"6796384192071947623","potions_obtained":[{"floor":3,"key":"SneckoOil"},{"floor":8,"key":"Strength Potion"},{"floor":10,"key":"SpeedPotion"},{"floor":12,"key":"Dexterity Potion"},{"floor":16,"key":"Ancient Potion"}],"is_trial":false,"path_per_floor":["M","?","M","?","?","E","R","M","T","E","R","M","R","M","R","B",null,"M"],"character_chosen":"HERMIT","items_purchased":[],"campfire_rested":1,"item_purchase_floors":[],"current_hp_per_floor":[80,80,69,62,46,15,39,37,37,32,32,32,32,32,32,2,62,62,62],"gold":343,"neow_bonus":"TEN_PERCENT_HP_BONUS","is_daily":false,"chose_seed":false,"campfire_upgraded":2,"win_rate":0.0,"timestamp":1612779326,"path_taken":["M","?","M","?","?","E","R","M","T","E","R","M","R","M","R","BOSS","M"],"items_purchased_type":[],"build_version":"2020-12-22","purchased_purges":0,"victory":false,"max_hp_per_floor":[82,82,82,82,82,82,82,82,82,82,82,82,82,82,82,82,62,62,62],"card_choices":[{"not_picked":["hermit:HighCaliber","hermit:ItchyTrigger"],"picked":"hermit:SprayPray","floor":1},{"not_picked":["hermit:Misfire","hermit:Maintenance"],"picked":"hermit:Vantage","floor":3},{"not_picked":["hermit:DeadMansHand","hermit:Feint"],"picked":"hermit:GoldenBullet","floor":6},{"not_picked":["hermit:Snipe","hermit:SprayPray","hermit:Dive"],"picked":"SKIP","floor":8},{"not_picked":["hermit:PistolWhip","hermit:Midnight"],"picked":"hermit:EternalForm","floor":10},{"not_picked":["hermit:TrackingShot","hermit:Manifest"],"picked":"hermit:HighCaliber","floor":12},{"not_picked":["hermit:WideOpen","hermit:HoleUp","hermit:TrackingShot"],"picked":"SKIP","floor":14},{"not_picked":["hermit:OverwhelmingPower","hermit:Adapt"],"picked":"hermit:HeroicBravado","floor":16}],"player_experience":86866,"relics_obtained":[{"floor":6,"key":"White Beast Statue"},{"floor":9,"key":"Kunai"},{"floor":10,"key":"MealTicket"},{"floor":15,"key":"Potion Belt"}],"event_choices":[{"damage_healed":0,"gold_gain":0,"player_choice":"Ignored","damage_taken":0,"max_hp_gain":0,"max_hp_loss":0,"event_name":"Liars Game","floor":2,"gold_loss":0},{"damage_healed":0,"gold_gain":0,"player_choice":"Success","damage_taken":7,"relics_obtained":["Pet Ghost"],"max_hp_gain":0,"max_hp_loss":0,"event_name":"Scrap Ooze","floor":4,"gold_loss":0},{"damage_healed":0,"gold_gain":0,"player_choice":"Entered Light","damage_taken":16,"max_hp_gain":0,"max_hp_loss":0,"event_name":"Shining Light","floor":5,"gold_loss":0,"cards_upgraded":["hermit:Snapshot","hermit:Strike_Hermit"]}],"is_beta":false,"boss_relics":[{"not_picked":["Busted Crown","hermit:BartenderGlass"],"picked":"Replay:Drink Me"}],"items_purged_floors":[],"is_endless":false,"potions_floor_spawned":[3,8,10,12,14,16],"killed_by":"3 Byrds","ascension_level":0}}