{"host":"2ryabvayt7pqghlx","time":1612767966,"event":{"mods":["AchievementEnabler","BaseMod","Colored Map","Hermit","Highlight Path","Minty Spire (QoL Compilation)","Rare Cards Sparkle","Relic Stats","StSLib","SuperFastMode"],"gold_per_floor":[116,41,57,76,76,76,106,140,140,40,40,73,88,105,105,210,210,230,247,265,282,28,28,44,44,71,104,117,117,67,86,86,182,182,194,39,50,50,68,68,97,97,123,123,134,9,27,37,37,37,37,37,37,68,68,68],"floor_reached":55,"language":"ENG","playtime":3902,"items_purged":["Strike_R","Regret","Spot Weakness"],"score":781,"play_id":"0157912d-8157-4add-a86d-1dd90f6f1421","local_time":"20210208020606","is_ascension_mode":false,"campfire_choices":[{"data":"Bash","floor":6.0,"key":"SMITH"},{"floor":11.0,"key":"DIG"},{"data":"Metallicize","floor":15,"key":"SMITH"},{"floor":23,"key":"DIG"},{"floor":25,"key":"RECALL"},{"data":"Iron Wave","floor":29,"key":"SMITH"},{"floor":32,"key":"DIG"},{"data":"Bludgeon","floor":40,"key":"SMITH"},{"data":"Whirlwind","floor":42,"key":"SMITH"},{"data":"Pommel Strike","floor":44,"key":"SMITH"},{"data":"Double Tap","floor":49,"key":"SMITH"},{"floor":52,"key":"DIG"}],"circlet_count":0,"master_deck":["Strike_R","Strike_R","Strike_R","Defend_R","Defend_R","Defend_R","Bash+1","Double Tap+1","Twin Strike","Flex","Anger","Metallicize+1","Feed","Armaments+1","Pommel Strike+1","Feed","Flex+1","Thunderclap+1","Whirlwind+1","Iron Wave+1","Shrug It Off+1","Bludgeon+1","Intimidate+1","Cleave+1","Bloodletting+1","Warcry+1","Hemokinesis+1","Dropkick+1"],"relics":["Burning Blood","Gambling Chip","Mercury Hourglass","Toxic Egg 2","Shovel","Ornamental Fan","Tiny Chest","Philosopher\u0027s Stone","Meat on the Bone","Charon\u0027s Ashes","Lantern","Ice Cream","Red Skull","Coffee Dripper","Akabeko","Toy Ornithopter","Eternal Feather","Art of War"],"acts_visited":["Exordium","TheCity","TheBeyond","TheEnding"],"potions_floor_usage":[19,28,33,41,50,50],"damage_taken":[{"damage":1.0,"enemies":"Cultist","floor":1.0,"turns":3.0},{"damage":6.0,"enemies":"Jaw Worm","floor":3.0,"turns":3.0},{"damage":5.0,"enemies":"2 Louse","floor":4.0,"turns":3.0},{"damage":18.0,"enemies":"Gremlin Nob","floor":8.0,"turns":3.0},{"damage":6,"enemies":"3 Sentries","floor":12,"turns":6},{"damage":1,"enemies":"Large Slime","floor":13,"turns":5},{"damage":5,"enemies":"Lots of Slimes","floor":14,"turns":3},{"damage":0,"enemies":"Slime Boss","floor":16,"turns":7},{"damage":3,"enemies":"Chosen","floor":18,"turns":4},{"damage":14,"enemies":"2 Thieves","floor":19,"turns":4},{"damage":39,"enemies":"Snecko","floor":20,"turns":5},{"damage":14,"enemies":"Snake Plant","floor":21,"turns":3},{"damage":10,"enemies":"3 Cultists","floor":24,"turns":4},{"damage":26,"enemies":"Gremlin Leader","floor":27,"turns":4},{"damage":9,"enemies":"Cultist and Chosen","floor":28,"turns":4},{"damage":2,"enemies":"Snecko","floor":31,"turns":3},{"damage":47,"enemies":"Automaton","floor":33,"turns":8},{"damage":0,"enemies":"Orb Walker","floor":35,"turns":2},{"damage":0,"enemies":"3 Darklings","floor":37,"turns":1},{"damage":17,"enemies":"Spire Growth","floor":39,"turns":4},{"damage":16,"enemies":"Reptomancer","floor":41,"turns":4},{"damage":0,"enemies":"Transient","floor":45,"turns":5},{"damage":7,"enemies":"Sphere and 2 Shapes","floor":47,"turns":3},{"damage":12,"enemies":"Spire Growth","floor":48,"turns":3},{"damage":48,"enemies":"Time Eater","floor":50,"turns":8},{"damage":3,"enemies":"Shield and Spear","floor":54,"turns":1},{"damage":145,"enemies":"The Heart","floor":55,"turns":6}],"seed_played":"-6301596271286196995","potions_obtained":[{"floor":1.0,"key":"Swift Potion"},{"floor":12,"key":"ColorlessPotion"},{"floor":13,"key":"BlessingOfTheForge"},{"floor":14,"key":"ElixirPotion"},{"floor":18,"key":"Strength Potion"},{"floor":19,"key":"BlessingOfTheForge"},{"floor":21,"key":"AttackPotion"},{"floor":27,"key":"FairyPotion"},{"floor":35,"key":"DistilledChaos"},{"floor":37,"key":"SpeedPotion"},{"floor":47,"key":"Swift Potion"}],"is_trial":false,"path_per_floor":["M","$","M","M","?","R","?","E","T","$","R","E","M","M","R","B",null,"M","M","M","M","$","R","M","R","T","E","M","R","?","M","R","B",null,"M","$","M","$","M","R","E","R","T","R","M","$","M","M","R","B",null,"R","$","E","B"],"character_chosen":"IRONCLAD","items_purchased":["Meat on the Bone","Akabeko"],"campfire_rested":0,"item_purchase_floors":[22,36],"current_hp_per_floor":[61,61,61,62,62,62,62,50,50,50,50,50,58,62,62,68,86,89,84,51,43,43,43,54,54,54,46,58,58,58,62,62,33,98,98,98,98,98,87,87,77,77,77,77,83,83,85,79,79,59,101,101,101,101,0,0],"gold":68,"neow_bonus":"TRANSFORM_TWO_CARDS","is_daily":false,"chose_seed":false,"campfire_upgraded":7,"win_rate":0.0,"timestamp":1612767966,"path_taken":["M","$","?","M","?","R","?","E","T","$","R","E","M","M","R","BOSS","M","M","M","M","$","R","M","R","T","E","M","R","?","M","R","BOSS","M","$","M","?","M","R","E","R","T","R","?","$","M","M","R","BOSS","R","$","E","BOSS"],"items_purchased_type":["Relic","Relic"],"build_version":"2020-12-22","purchased_purges":3,"victory":false,"max_hp_per_floor":[80,80,80,80,80,80,80,80,80,80,80,80,83,86,86,86,86,89,92,92,92,92,92,95,95,95,95,98,98,98,98,98,98,98,98,98,98,98,98,98,98,98,98,98,98,98,101,101,101,101,101,101,101,101,101,101],"relic_stats":{"counters":[27,108],"Eternal Feather":0,"Charon\u0027s Ashes":[95],"Burning Blood":138,"Mercury Hourglass":[404],"Shovel":4,"Ornamental Fan":[164],"Gambling Chip":[28],"Tiny Chest":0,"Art of War":[0],"obtain_stats":[{"Ice Cream":27,"Lantern":26,"Eternal Feather":52,"Charon\u0027s Ashes":23,"Burning Blood":0,"Akabeko":36,"Mercury Hourglass":7,"Shovel":9,"Ornamental Fan":11,"Gambling Chip":5,"Tiny Chest":12,"Philosopher\u0027s Stone":17,"Coffee Dripper":34,"Art of War":54,"Toxic Egg 2":8,"Red Skull":32,"Toy Ornithopter":41,"Meat on the Bone":22},{"Ice Cream":14,"Lantern":13,"Eternal Feather":25,"Charon\u0027s Ashes":12,"Burning Blood":0,"Akabeko":18,"Mercury Hourglass":3,"Shovel":4,"Ornamental Fan":4,"Gambling Chip":3,"Tiny Chest":5,"Philosopher\u0027s Stone":8,"Coffee Dripper":17,"Art of War":26,"Toxic Egg 2":4,"Red Skull":16,"Toy Ornithopter":21,"Meat on the Bone":12},{"Ice Cream":57,"Lantern":53,"Eternal Feather":101,"Charon\u0027s Ashes":49,"Burning Blood":0,"Akabeko":74,"Mercury Hourglass":9,"Shovel":12,"Ornamental Fan":12,"Gambling Chip":9,"Tiny Chest":18,"Philosopher\u0027s Stone":33,"Coffee Dripper":72,"Art of War":102,"Toxic Egg 2":12,"Red Skull":64,"Toy Ornithopter":82,"Meat on the Bone":49}],"Toy Ornithopter":10,"Meat on the Bone":60},"card_choices":[{"not_picked":["Burning Pact","Sword Boomerang"],"picked":"Twin Strike","floor":1.0},{"not_picked":["True Grit","Twin Strike"],"picked":"Flex","floor":3.0},{"not_picked":["Body Slam","Burning Pact"],"picked":"Anger","floor":4.0},{"not_picked":["Dropkick","Limit Break+1"],"picked":"Metallicize","floor":8.0},{"not_picked":["Thunderclap","True Grit+1"],"picked":"Feed","floor":12},{"not_picked":["Twin Strike","Sword Boomerang"],"picked":"Armaments+1","floor":13},{"not_picked":["Clothesline","Heavy Blade"],"picked":"Pommel Strike","floor":14},{"not_picked":["Juggernaut","Demon Form"],"picked":"Feed","floor":16},{"not_picked":["Blood for Blood","Headbutt","Pummel"],"picked":"SKIP","floor":18},{"not_picked":["Twin Strike","Anger"],"picked":"Flex+1","floor":19},{"not_picked":["Pommel Strike+1","Rupture"],"picked":"Thunderclap+1","floor":20},{"not_picked":["Twin Strike","Spot Weakness+1","Perfected Strike"],"picked":"SKIP","floor":21},{"not_picked":["Clothesline","Twin Strike","Thunderclap"],"picked":"SKIP","floor":24},{"not_picked":["Impervious+1","Sword Boomerang+1"],"picked":"Whirlwind","floor":27},{"not_picked":["Headbutt","Flame Barrier+1"],"picked":"Iron Wave","floor":28},{"not_picked":["Perfected Strike","Intimidate+1"],"picked":"Shrug It Off+1","floor":31},{"not_picked":["Reaper","Double Tap+1"],"picked":"Bludgeon","floor":33},{"not_picked":["Dropkick","Searing Blow"],"picked":"Intimidate+1","floor":35},{"not_picked":["Flex+1","Body Slam+1","Shrug It Off+1"],"picked":"SKIP","floor":37},{"not_picked":["Armaments+1","Pommel Strike+1"],"picked":"Cleave+1","floor":39},{"not_picked":["True Grit+1","Barricade","Cleave+1"],"picked":"SKIP","floor":41},{"not_picked":["Dual Wield+1","Fire Breathing"],"picked":"Bloodletting+1","floor":45},{"not_picked":["Thunderclap","Heavy Blade+1"],"picked":"Warcry+1","floor":47},{"not_picked":["Sword Boomerang","Perfected Strike+1"],"picked":"Hemokinesis+1","floor":48},{"not_picked":["Whirlwind+1","Ghostly Armor+1"],"picked":"Dropkick+1","floor":54}],"player_experience":151965,"relics_obtained":[{"floor":8.0,"key":"Toxic Egg 2"},{"floor":9.0,"key":"Shovel"},{"floor":11.0,"key":"Ornamental Fan"},{"floor":12,"key":"Tiny Chest"},{"floor":23,"key":"Charon\u0027s Ashes"},{"floor":26,"key":"Lantern"},{"floor":27,"key":"Ice Cream"},{"floor":32,"key":"Red Skull"},{"floor":41,"key":"Toy Ornithopter"},{"floor":52,"key":"Eternal Feather"},{"floor":54,"key":"Art of War"}],"event_choices":[{"damage_healed":0.0,"max_hp_gain":0.0,"max_hp_loss":0.0,"gold_gain":0.0,"event_name":"Big Fish","player_choice":"Box","floor":5.0,"gold_loss":0.0,"damage_taken":0.0,"relics_obtained":["Gambling Chip"],"cards_obtained":["Regret"]},{"damage_healed":0.0,"max_hp_gain":0.0,"max_hp_loss":0.0,"gold_gain":30.0,"event_name":"Dead Adventurer","player_choice":"Searched \u00273\u0027 times","floor":7.0,"gold_loss":0.0,"damage_taken":0.0,"relics_obtained":["Mercury Hourglass"]},{"damage_healed":0,"gold_gain":0,"player_choice":"Bet on Murderer","damage_taken":0,"max_hp_gain":0,"max_hp_loss":0,"event_name":"The Joust","floor":30,"gold_loss":50}],"is_beta":false,"boss_relics":[{"not_picked":["SacredBark","Black Star"],"picked":"Philosopher\u0027s Stone"},{"not_picked":["Calling Bell","Runic Cube"],"picked":"Coffee Dripper"}],"items_purged_floors":[2,10,46],"is_endless":false,"potions_floor_spawned":[1,12,13,14,18,19,21,27,35,37,47],"killed_by":"The Heart","ascension_level":0}}