{"host":"rolltorest","time":1612820591,"event":{"mods":["BaseMod","Minty Spire (QoL Compilation)","Relic Stats","Slay the Relics Exporter","StSLib"],"gold_per_floor":[17,17,17,31,31,31,46,9,79,115,138,7,27,68,68,159,159,184,184,184,184],"floor_reached":20,"language":"ENG","playtime":527,"items_purged":["Strike_R"],"score":364,"play_id":"0bb55c9a-64b7-4193-8718-70b87df06419","local_time":"20210208134311","is_ascension_mode":true,"campfire_choices":[{"data":"Bash","floor":6,"key":"SMITH"},{"data":"Inflame","floor":15,"key":"SMITH"}],"circlet_count":0,"master_deck":["AscendersBane","Strike_R","Strike_R","Strike_R","Strike_R","Defend_R","Defend_R+1","Defend_R","Defend_R","Bash+1","Shrug It Off","Power Through+1","Headbutt","Inflame+1","Shrug It Off","Second Wind","Uppercut","Pummel","Immolate"],"relics":["Black Blood","Unceasing Top","Golden Idol","Kunai","Frozen Egg 2","War Paint","Paper Frog","Nilry\u0027s Codex"],"acts_visited":["Exordium","TheCity"],"potions_floor_usage":[10,11,16,18],"damage_taken":[{"damage":7,"enemies":"Jaw Worm","floor":1,"turns":3},{"damage":3,"enemies":"2 Louse","floor":4,"turns":3},{"damage":6,"enemies":"Cultist","floor":7,"turns":4},{"damage":11,"enemies":"Lagavulin","floor":10,"turns":5},{"damage":7,"enemies":"Red Slaver","floor":11,"turns":5},{"damage":0,"enemies":"Looter","floor":13,"turns":4},{"damage":42,"enemies":"3 Sentries","floor":14,"turns":11},{"damage":19,"enemies":"The Guardian","floor":16,"turns":12},{"damage":43,"enemies":"3 Byrds","floor":18,"turns":7},{"damage":2,"enemies":"Masked Bandits","floor":20,"turns":2}],"seed_played":"-3528943236928217660","potions_obtained":[{"floor":4,"key":"ColorlessPotion"},{"floor":10,"key":"Explosive Potion"},{"floor":13,"key":"SteroidPotion"}],"is_trial":false,"path_per_floor":["M","?","?","M","?","R","M","$","T","E","M","$","M","E","R","B",null,"M","?","?"],"character_chosen":"IRONCLAD","items_purchased":["Inflame","Fire Potion"],"campfire_rested":0,"item_purchase_floors":[8,12],"current_hp_per_floor":[67,67,49,52,57,57,57,57,57,52,51,51,57,21,21,8,57,26,5,3,3],"gold":184,"neow_bonus":"ONE_RARE_RELIC","is_daily":false,"chose_seed":false,"campfire_upgraded":2,"win_rate":0.0,"timestamp":1612820591,"path_taken":["M","?","?","M","?","R","M","$","T","E","M","?","?","E","R","BOSS","M","?","?"],"items_purchased_type":["Card","Potion"],"build_version":"2020-12-18","purchased_purges":1,"victory":false,"max_hp_per_floor":[75,68,68,68,73,73,73,73,73,73,73,73,73,73,73,73,73,73,73,73,73],"relic_stats":{"counters":[10,56],"Golden Idol":61,"Black Blood":60,"Kunai":[5],"War Paint":["Power Through","Defend_R"],"obtain_stats":[{"Golden Idol":2,"Nilry\u0027s Codex":19,"Black Blood":17,"Kunai":3,"Frozen Egg 2":9,"War Paint":10,"Burning Blood":0,"Unceasing Top":0,"Paper Frog":14},{"Golden Idol":1,"Nilry\u0027s Codex":9,"Black Blood":8,"Kunai":1,"Frozen Egg 2":3,"War Paint":4,"Burning Blood":0,"Unceasing Top":0,"Paper Frog":7},{"Golden Idol":3,"Nilry\u0027s Codex":54,"Black Blood":47,"Kunai":3,"Frozen Egg 2":10,"War Paint":15,"Burning Blood":0,"Unceasing Top":0,"Paper Frog":35}],"Unceasing Top":[4]},"card_choices":[{"not_picked":["Rampage","Hemokinesis"],"picked":"Shrug It Off","floor":1},{"not_picked":["Twin Strike","Entrench"],"picked":"Power Through","floor":4},{"not_picked":["Body Slam","Havoc"],"picked":"Headbutt","floor":7},{"not_picked":["Entrench","Infernal Blade"],"picked":"Shrug It Off","floor":10},{"not_picked":["Pommel Strike","Infernal Blade"],"picked":"Second Wind","floor":11},{"not_picked":["Wild Strike","Twin Strike"],"picked":"Uppercut","floor":13},{"not_picked":["Whirlwind","Body Slam"],"picked":"Pummel","floor":14},{"not_picked":["Impervious","Berserk+1"],"picked":"Immolate","floor":16},{"not_picked":["Infernal Blade","Flex+1","Bloodletting"],"picked":"SKIP","floor":18}],"player_experience":1916452,"relics_obtained":[{"floor":9,"key":"Frozen Egg 2"},{"floor":10,"key":"War Paint"},{"floor":14,"key":"Paper Frog"},{"floor":19,"key":"Nilry\u0027s Codex"}],"event_choices":[{"damage_healed":0,"gold_gain":0,"player_choice":"Lose Max HP","damage_taken":0,"relics_obtained":["Golden Idol"],"max_hp_gain":0,"max_hp_loss":7,"event_name":"Golden Idol","floor":2,"gold_loss":0},{"damage_healed":0,"gold_gain":0,"player_choice":"Success","damage_taken":18,"relics_obtained":["Kunai"],"max_hp_gain":0,"max_hp_loss":0,"event_name":"Scrap Ooze","floor":3,"gold_loss":0},{"damage_healed":0,"gold_gain":0,"player_choice":"Donut","damage_taken":0,"max_hp_gain":5,"max_hp_loss":0,"event_name":"Big Fish","floor":5,"gold_loss":0},{"damage_healed":0,"gold_gain":0,"player_choice":"Obtained Book","damage_taken":21,"max_hp_gain":0,"max_hp_loss":0,"event_name":"Cursed Tome","floor":19,"gold_loss":0},{"damage_healed":0,"gold_gain":0,"player_choice":"Fought Bandits","damage_taken":0,"max_hp_gain":0,"max_hp_loss":0,"event_name":"Masked Bandits","floor":20,"gold_loss":0}],"is_beta":true,"boss_relics":[{"not_picked":["SlaversCollar","Runic Cube"],"picked":"Black Blood"}],"items_purged_floors":[12],"is_endless":false,"potions_floor_spawned":[4,10,13,14],"killed_by":"Masked Bandits","ascension_level":20}}