{"host":"f5gffvlv6a66yqkd","time":1612780195,"event":{"mods":["2.2 Compatiblity","BaseMod","Colored Map","Custom Start","DeckTracker","Keyboard Shortcuts","Minty Spire (QoL Compilation)","Permanent Neow","Quick Restart","Relic Stats","StSLib","SuperFastMode"],"gold_per_floor":[119,139,156,169,220,248,248,273,346,158,178,209,209,224,224,300,300,320,335,349,219,238,238,256,256,256,256,266,356,368,368,368,442,492,505,521,535,550,250,250,280,280,361,387,412,432,432,443,443,443,443,443,443,55,81,81],"floor_reached":57,"language":"KOR","playtime":2637,"items_purged":["Defend_P","Strike_P","Strike_P","Defend_P"],"score":3201,"play_id":"f0458f47-d45e-4e5a-85c5-bffd3389ad17","local_time":"20210208192955","is_ascension_mode":true,"campfire_choices":[{"data":"Eruption","floor":7.0,"key":"SMITH"},{"data":"Tantrum","floor":13.0,"key":"SMITH"},{"data":"CutThroughFate","floor":15.0,"key":"SMITH"},{"floor":23.0,"key":"REST"},{"floor":25.0,"key":"REST"},{"data":"Scrawl","floor":27.0,"key":"SMITH"},{"data":"TalkToTheHand","floor":32.0,"key":"SMITH"},{"floor":40.0,"key":"RECALL"},{"data":"MentalFortress","floor":49.0,"key":"SMITH"},{"data":"MentalFortress","floor":53.0,"key":"SMITH"}],"circlet_count":0,"master_deck":["AscendersBane","Eruption+1","Vigilance","Tantrum+1","MentalFortress+1","EmptyFist","FlurryOfBlows","Adaptation+1","CutThroughFate+1","Scrawl+1","TalkToTheHand+1","InnerPeace","FearNoEvil+1","TalkToTheHand","MentalFortress+1","Thinking Ahead","Purity","Adaptation+1","TalkToTheHand+1"],"relics":["PureWater","Smiling Mask","Ancient Tea Set","Singing Bowl","StrikeDummy","Kunai","Empty Cage","Anchor","Tiny House","Membership Card","Lantern","Potion Belt","Mango","Torii","Whetstone","Pantograph","Toolbox","Bronze Scales"],"acts_visited":["Exordium","TheCity","TheBeyond","TheEnding"],"potions_floor_usage":[55,55,56,56],"damage_taken":[{"damage":0.0,"enemies":"Cultist","floor":1.0,"turns":2.0},{"damage":0.0,"enemies":"2 Louse","floor":2.0,"turns":4.0},{"damage":2.0,"enemies":"Jaw Worm","floor":3.0,"turns":3.0},{"damage":10.0,"enemies":"Large Slime","floor":4.0,"turns":4.0},{"damage":23.0,"enemies":"3 Sentries","floor":6.0,"turns":8.0},{"damage":0.0,"enemies":"Lagavulin","floor":8.0,"turns":5.0},{"damage":1.0,"enemies":"Blue Slaver","floor":11.0,"turns":2.0},{"damage":0.0,"enemies":"Gremlin Nob","floor":12.0,"turns":2.0},{"damage":4.0,"enemies":"Exordium Thugs","floor":14.0,"turns":2.0},{"damage":20.0,"enemies":"Hexaghost","floor":16.0,"turns":6.0},{"damage":16.0,"enemies":"2 Thieves","floor":18.0,"turns":3.0},{"damage":19.0,"enemies":"3 Byrds","floor":19.0,"turns":3.0},{"damage":4.0,"enemies":"Shelled Parasite and Fungi","floor":20.0,"turns":2.0},{"damage":10.0,"enemies":"Snake Plant","floor":22.0,"turns":4.0},{"damage":0.0,"enemies":"Snecko","floor":24.0,"turns":3.0},{"damage":0.0,"enemies":"Centurion and Healer","floor":28.0,"turns":3.0},{"damage":24.0,"enemies":"Snake Plant","floor":30.0,"turns":5.0},{"damage":0.0,"enemies":"Collector","floor":33.0,"turns":7.0},{"damage":0.0,"enemies":"Orb Walker","floor":35.0,"turns":2.0},{"damage":10.0,"enemies":"3 Shapes","floor":36.0,"turns":5.0},{"damage":7.0,"enemies":"Sphere and 2 Shapes","floor":37.0,"turns":5.0},{"damage":0.0,"enemies":"3 Darklings","floor":38.0,"turns":4.0},{"damage":0.0,"enemies":"Nemesis","floor":41.0,"turns":2.0},{"damage":0.0,"enemies":"Reptomancer","floor":44.0,"turns":3.0},{"damage":0.0,"enemies":"Mind Bloom Boss Battle","floor":45.0,"turns":3.0},{"damage":0.0,"enemies":"Maw","floor":46.0,"turns":2.0},{"damage":0.0,"enemies":"Spire Growth","floor":48.0,"turns":3.0},{"damage":0.0,"enemies":"Donu and Deca","floor":50.0,"turns":2.0},{"damage":21.0,"enemies":"Time Eater","floor":51.0,"turns":8.0},{"damage":0,"enemies":"Shield and Spear","floor":55,"turns":2},{"damage":12,"enemies":"The Heart","floor":56,"turns":6}],"seed_played":"-4362657292534964490","potions_obtained":[{"floor":3.0,"key":"Weak Potion"},{"floor":6.0,"key":"DistilledChaos"},{"floor":12.0,"key":"PowerPotion"},{"floor":18.0,"key":"Strength Potion"},{"floor":24.0,"key":"SteroidPotion"},{"floor":28.0,"key":"Explosive Potion"},{"floor":34.0,"key":"Swift Potion"},{"floor":36.0,"key":"Energy Potion"},{"floor":37.0,"key":"Explosive Potion"},{"floor":41.0,"key":"EssenceOfSteel"},{"floor":48.0,"key":"Energy Potion"}],"is_trial":false,"path_per_floor":["M","M","M","M","T","E","R","E","T","$","M","E","R","M","R","B",null,"M","M","M","$","M","R","M","R","T","R","M","?","M","?","R","B",null,"M","M","M","M","$","R","E","?","T","E","?","M","?","M","R","B","B",null,"R","$","E","B",null],"character_chosen":"WATCHER","items_purchased":["Adaptation","PowerPotion","InnerPeace","Membership Card","Lantern","Whetstone","SkillPotion","Pantograph","Toolbox"],"campfire_rested":2,"item_purchase_floors":[10,10,21,39,39,54,54,54,54],"current_hp_per_floor":[61,61,59,49,49,26,26,28,28,28,29,31,31,27,27,7,57,43,26,22,22,12,35,37,61,61,61,63,51,29,29,29,31,77,79,71,66,66,66,66,66,58,58,74,74,76,76,76,76,76,55,102,102,102,104,107],"gold":81,"neow_bonus":"TRANSFORM_CARD","is_daily":false,"chose_seed":false,"campfire_upgraded":7,"win_rate":0.0,"timestamp":1612780195,"path_taken":["M","M","?","M","?","E","R","E","T","$","M","E","R","M","R","BOSS","M","M","?","$","?","R","M","R","T","R","M","?","?","?","R","BOSS","M","?","M","M","$","R","E","?","T","E","?","M","?","M","R","BOSS","BOSS","R","$","E","BOSS"],"items_purchased_type":["Card","Potion","Card","Relic","Relic","Relic","Potion","Relic","Relic"],"build_version":"2020-12-22","purchased_purges":4,"victory":true,"max_hp_per_floor":[68,68,68,68,68,68,68,70,70,70,72,74,74,74,74,74,74,76,78,78,78,78,78,80,80,80,80,82,82,84,84,84,86,91,93,95,97,97,97,97,97,99,99,115,115,117,117,117,117,117,117,117,117,117,119,119],"relic_stats":{"Singing Bowl":32,"Torii":0,"counters":[31,115],"Pantograph":15,"Bronze Scales":[93],"Kunai":[161],"Whetstone":["TalkToTheHand","FearNoEvil"],"Smiling Mask":113,"obtain_stats":[{"Potion Belt":41,"Lantern":39,"Tiny House":34,"Singing Bowl":8,"Torii":45,"Mango":44,"Whetstone":54,"Smiling Mask":5,"Ancient Tea Set":6,"Empty Cage":17,"Anchor":26,"Pantograph":54,"Bronze Scales":55,"Toolbox":54,"Kunai":12,"Membership Card":39,"PureWater":0,"StrikeDummy":9},{"Potion Belt":23,"Lantern":22,"Tiny House":18,"Singing Bowl":6,"Torii":25,"Mango":24,"Whetstone":29,"Smiling Mask":4,"Ancient Tea Set":5,"Empty Cage":10,"Anchor":15,"Pantograph":29,"Bronze Scales":30,"Toolbox":29,"Kunai":8,"Membership Card":22,"PureWater":0,"StrikeDummy":6},{"Potion Belt":86,"Lantern":84,"Tiny House":68,"Singing Bowl":26,"Torii":92,"Mango":89,"Whetstone":107,"Smiling Mask":13,"Ancient Tea Set":21,"Empty Cage":38,"Anchor":53,"Pantograph":107,"Bronze Scales":109,"Toolbox":107,"Kunai":30,"Membership Card":84,"PureWater":0,"StrikeDummy":26}]},"card_choices":[{"not_picked":["FlyingSleeves","FollowUp","Halt"],"picked":"SKIP","floor":1.0},{"not_picked":["Prostrate","Nirvana"],"picked":"MentalFortress","floor":2.0},{"not_picked":["CutThroughFate","BowlingBash"],"picked":"EmptyFist","floor":3.0},{"not_picked":["Conclude","ClearTheMind","Pray"],"picked":"SKIP","floor":4.0},{"not_picked":["CrushJoints","Wish"],"picked":"FlurryOfBlows","floor":6.0},{"not_picked":["Protect","Wish","Consecrate"],"picked":"Singing Bowl","floor":8.0},{"not_picked":["ClearTheMind","ThirdEye","Consecrate"],"picked":"Singing Bowl","floor":11.0},{"not_picked":["MasterReality","FlyingSleeves","SandsOfTime"],"picked":"Singing Bowl","floor":12.0},{"not_picked":["MentalFortress","Meditate"],"picked":"CutThroughFate","floor":14.0},{"not_picked":["ConjureBlade","DevaForm"],"picked":"Scrawl","floor":16.0},{"not_picked":["Consecrate","Evaluate","LikeWater"],"picked":"Singing Bowl","floor":18.0},{"not_picked":["PathToVictory","WheelKick","Indignation"],"picked":"Singing Bowl","floor":19.0},{"not_picked":["Weave","Swivel+1"],"picked":"TalkToTheHand","floor":20.0},{"not_picked":["Conclude","Evaluate"],"picked":"Halt","floor":22.0},{"not_picked":["Conclude","Protect","ForeignInfluence"],"picked":"Singing Bowl","floor":24.0},{"not_picked":["Indignation","FlurryOfBlows","Prostrate"],"picked":"Singing Bowl","floor":28.0},{"not_picked":["SignatureMove","PathToVictory","Brilliance"],"picked":"Singing Bowl","floor":30.0},{"not_picked":["Establishment","SpiritShield","Omniscience"],"picked":"Singing Bowl","floor":33.0},{"not_picked":["CutThroughFate","Crescendo+1"],"picked":"FearNoEvil","floor":34.0},{"not_picked":["CrushJoints+1","Study","SashWhip"],"picked":"Singing Bowl","floor":35.0},{"not_picked":["Halt","CutThroughFate","EmptyBody"],"picked":"Singing Bowl","floor":36.0},{"not_picked":["Crescendo+1","CarveReality+1","Consecrate"],"picked":"Singing Bowl","floor":37.0},{"not_picked":["SashWhip","Wireheading+1"],"picked":"TalkToTheHand","floor":38.0},{"not_picked":["FollowUp+1","Indignation"],"picked":"MentalFortress","floor":41.0},{"not_picked":["Forethought","Impatience","Dark Shackles"],"picked":"Singing Bowl","floor":42.0},{"not_picked":["Trip","Good Instincts"],"picked":"Thinking Ahead","floor":42.0},{"not_picked":["Mind Blast","Secret Technique"],"picked":"Purity","floor":42.0},{"not_picked":["CrushJoints","Crescendo","Prostrate"],"picked":"Singing Bowl","floor":44.0},{"not_picked":["ReachHeaven","PathToVictory"],"picked":"Adaptation+1","floor":45.0},{"not_picked":["FlyingSleeves","ThirdEye+1","ClearTheMind"],"picked":"Singing Bowl","floor":46.0},{"not_picked":["Weave","Indignation"],"picked":"TalkToTheHand","floor":48.0},{"not_picked":["Devotion","Indignation","CarveReality"],"picked":"Singing Bowl","floor":55}],"player_experience":1699997,"relics_obtained":[{"floor":5.0,"key":"Smiling Mask"},{"floor":6.0,"key":"Ancient Tea Set"},{"floor":8.0,"key":"Singing Bowl"},{"floor":9.0,"key":"StrikeDummy"},{"floor":12.0,"key":"Kunai"},{"floor":26.0,"key":"Anchor"},{"floor":41.0,"key":"Potion Belt"},{"floor":44.0,"key":"Mango"},{"floor":45.0,"key":"Torii"},{"floor":55,"key":"Bronze Scales"}],"event_choices":[{"damage_healed":0.0,"max_hp_gain":0.0,"max_hp_loss":0.0,"gold_gain":90.0,"event_name":"Knowing Skull","player_choice":"GOLD ","floor":29.0,"potions_obtained":[],"gold_loss":0.0,"damage_taken":12.0,"cards_obtained":[]},{"cards_removed":["Defend_P"],"damage_healed":0.0,"max_hp_gain":0.0,"max_hp_loss":0.0,"gold_gain":0.0,"event_name":"Purifier","player_choice":"Purged","floor":31.0,"gold_loss":0.0,"damage_taken":0.0},{"damage_healed":0.0,"max_hp_gain":0.0,"max_hp_loss":0.0,"gold_gain":0.0,"event_name":"SensoryStone","player_choice":"Memory 3","floor":42.0,"gold_loss":0.0,"damage_taken":10.0},{"damage_healed":0.0,"max_hp_gain":0.0,"max_hp_loss":0.0,"gold_gain":0.0,"event_name":"MindBloom","player_choice":"Fight","floor":45.0,"gold_loss":0.0,"damage_taken":0.0},{"cards_removed":["Halt"],"damage_healed":0.0,"max_hp_gain":0.0,"max_hp_loss":0.0,"gold_gain":0.0,"event_name":"Falling","player_choice":"Removed Skill","floor":47.0,"gold_loss":0.0,"damage_taken":0.0}],"is_beta":false,"boss_relics":[{"not_picked":["SacredBark","Philosopher\u0027s Stone"],"picked":"Empty Cage"},{"not_picked":["Fusion Hammer","Cursed Key"],"picked":"Tiny House"}],"items_purged_floors":[10,21,39,54],"is_endless":false,"potions_floor_spawned":[3,6,11,12,18,24,28,36,37,41,48],"ascension_level":20}}