{"host":"0nneiadxggm3tuat","time":1612778692,"event":{"mods":["BaseMod","Downfall","Hermit","Minty Spire (QoL Compilation)","StSLib","The Cursed"],"gold_per_floor":[111,127,127,202,202,234,244,244,244,263,278,19,38,38,38,38,38],"floor_reached":16,"language":"ENG","playtime":624,"items_purged":[],"score":127,"play_id":"85d97169-e692-438c-82fc-04b666772e90","local_time":"20210208020452","is_ascension_mode":false,"campfire_choices":[{"data":"hermit:Gestalt","floor":8,"key":"SMITH"},{"data":"hermit:Snipe","floor":15,"key":"SMITH"}],"circlet_count":0,"master_deck":["hermit:Strike_Hermit","hermit:Strike_Hermit","hermit:Strike_Hermit","hermit:Strike_Hermit","hermit:Defend_Hermit","hermit:Defend_Hermit","hermit:Defend_Hermit","hermit:Defend_Hermit","hermit:Snapshot","hermit:Covet","hermit:Headshot","hermit:NoHoldsBarred+1","Pain","hermit:Gestalt+1","hermit:Snipe+1","hermit:Midnight+1","hermit:LoneWolf+1","hermit:Maintenance+1"],"relics":["hermit:Momento","NeowsBlessing","WarpedTongs","Thread and Needle","Toxic Egg 2","White Beast Statue","hermit:Spyglass"],"acts_visited":["Exordium"],"potions_floor_usage":[16],"damage_taken":[{"damage":0,"enemies":"Cultist","floor":1,"turns":1},{"damage":0,"enemies":"2 Louse","floor":2,"turns":1},{"damage":0,"enemies":"Lagavulin","floor":6,"turns":1},{"damage":1,"enemies":"Small Slimes","floor":7,"turns":2},{"damage":5,"enemies":"Exordium Thugs","floor":10,"turns":4},{"damage":0,"enemies":"Exordium Wildlife","floor":11,"turns":4},{"damage":3,"enemies":"Blue Slaver","floor":13,"turns":3},{"damage":56,"enemies":"Hexaghost","floor":16,"turns":9}],"seed_played":"-9022921528683613433","potions_obtained":[{"floor":2,"key":"GamblersBrew"},{"floor":7,"key":"FearPotion"},{"floor":13,"key":"Ancient Potion"}],"is_trial":false,"path_per_floor":["M","M","?","?","?","E","M","R","T","M","M","$","M","T","R","B"],"character_chosen":"HERMIT","items_purchased":["White Beast Statue"],"campfire_rested":0,"item_purchase_floors":[12],"current_hp_per_floor":[75,75,75,64,64,64,63,63,63,58,58,58,55,55,55,0,0],"gold":38,"neow_bonus":"THREE_ENEMY_KILL","is_daily":false,"chose_seed":false,"campfire_upgraded":2,"win_rate":0.0,"timestamp":1612778692,"path_taken":["M","M","?","?","?","E","M","R","T","M","M","$","?","?","R","BOSS"],"items_purchased_type":["Relic"],"build_version":"2020-12-22","purchased_purges":0,"victory":false,"max_hp_per_floor":[75,75,75,75,75,75,75,75,75,75,75,75,75,75,75,75,75],"card_choices":[{"not_picked":["hermit:Manifest","hermit:Brawl"],"picked":"hermit:Headshot","floor":1},{"not_picked":["hermit:Dive","hermit:Desperado"],"picked":"hermit:NoHoldsBarred","floor":2},{"not_picked":["hermit:RoundhouseKick","hermit:Glare"],"picked":"hermit:Gestalt","floor":6},{"not_picked":["hermit:HighCaliber","hermit:SprayPray"],"picked":"hermit:Snipe","floor":7},{"not_picked":["hermit:HoleUp+1","hermit:Roughhouse"],"picked":"hermit:Midnight+1","floor":10},{"not_picked":["hermit:CalledShot","hermit:HighCaliber"],"picked":"hermit:LoneWolf+1","floor":11},{"not_picked":["hermit:Coalescence+1","hermit:HighCaliber"],"picked":"hermit:Maintenance+1","floor":13}],"player_experience":84861,"relics_obtained":[{"floor":6,"key":"Thread and Needle"},{"floor":9,"key":"Toxic Egg 2"},{"floor":14,"key":"hermit:Spyglass"}],"event_choices":[{"damage_healed":0,"gold_gain":0,"player_choice":"Grow","damage_taken":0,"max_hp_gain":0,"max_hp_loss":0,"event_name":"Living Wall","floor":3,"gold_loss":0,"cards_upgraded":["hermit:NoHoldsBarred"]},{"damage_healed":0,"gold_gain":75,"player_choice":"Gather Gold","damage_taken":11,"max_hp_gain":0,"max_hp_loss":0,"event_name":"World of Goop","floor":4,"gold_loss":0},{"damage_healed":0,"gold_gain":0,"player_choice":"Rummage","damage_taken":0,"relics_obtained":["WarpedTongs"],"max_hp_gain":0,"max_hp_loss":0,"event_name":"Accursed Blacksmith","floor":5,"gold_loss":0,"cards_obtained":["Pain"]}],"is_beta":false,"boss_relics":[],"items_purged_floors":[],"is_endless":false,"potions_floor_spawned":[2,7,13],"killed_by":"Hexaghost","ascension_level":0}}