{"host":"sav7uxregyirlf69","time":1612802768,"event":{"mods":["AchievementEnabler","BaseMod","Colored Map","DeckTracker","Keyboard Shortcuts","Minty Spire (QoL Compilation)","READ ME - Guardian Mod","StSLib","SuperFastMode"],"gold_per_floor":[111,67,67,78,78,78,88,123,201,213,213,225,225,244,244,244,244],"floor_reached":16,"language":"KOR","playtime":179,"items_purged":[],"score":204,"play_id":"846948db-2a60-4551-9d80-288f35d99e63","local_time":"20210209014608","is_ascension_mode":true,"campfire_choices":[{"data":"Dagger Spray","floor":6,"key":"SMITH"},{"floor":11,"key":"REST"},{"data":"Tactician","floor":15,"key":"SMITH"}],"circlet_count":0,"master_deck":["AscendersBane","Strike_G","Strike_G","Strike_G","Strike_G","Strike_G","Defend_G","Defend_G","Defend_G","Defend_G","Defend_G","Survivor","Neutralize","Dagger Spray+1","Tactician+1","Cloak And Dagger","Deadly Poison","Dagger Throw","Backflip"],"relics":["Ring of the Snake","NeowsBlessing","Peace Pipe","Bag of Marbles","Mercury Hourglass"],"acts_visited":["Exordium"],"potions_floor_usage":[8,16],"damage_taken":[{"damage":0,"enemies":"Jaw Worm","floor":1,"turns":1},{"damage":0,"enemies":"Small Slimes","floor":4,"turns":1},{"damage":0,"enemies":"2 Louse","floor":7,"turns":1},{"damage":48,"enemies":"Lagavulin","floor":8,"turns":9},{"damage":2,"enemies":"Blue Slaver","floor":10,"turns":2},{"damage":16,"enemies":"Large Slime","floor":12,"turns":5},{"damage":0,"enemies":"Looter","floor":14,"turns":3},{"damage":13,"enemies":"Hexaghost","floor":16,"turns":7}],"seed_played":"-5153306897633186071","potions_obtained":[{"floor":7,"key":"LiquidMemories"},{"floor":8,"key":"Weak Potion"},{"floor":14,"key":"Poison Potion"}],"is_trial":false,"path_per_floor":["M","$","?","M","T","R","M","E","T","M","R","M","?","M","R","B"],"character_chosen":"THE_SILENT","items_purchased":["Tactician"],"campfire_rested":1,"item_purchase_floors":[2],"current_hp_per_floor":[59,59,59,59,59,59,59,11,11,9,28,12,12,12,12,0,0],"gold":244,"neow_bonus":"THREE_ENEMY_KILL","is_daily":false,"chose_seed":false,"campfire_upgraded":2,"win_rate":0.0,"timestamp":1612802768,"path_taken":["M","$","?","M","?","R","M","E","T","M","R","M","?","M","R","BOSS"],"items_purchased_type":["Card"],"build_version":"2020-12-22","purchased_purges":0,"victory":false,"max_hp_per_floor":[66,66,66,66,66,66,66,66,66,66,66,66,66,66,66,66,66],"card_choices":[{"not_picked":["Backflip","Poisoned Stab"],"picked":"Dagger Spray","floor":1},{"not_picked":["Underhanded Strike","Slice"],"picked":"Cloak And Dagger","floor":4},{"not_picked":["Dodge and Roll","Cloak And Dagger"],"picked":"Deadly Poison","floor":7},{"not_picked":["Envenom","Poisoned Stab"],"picked":"Dagger Throw","floor":8},{"not_picked":["Prepared","Flying Knee","Dodge and Roll"],"picked":"SKIP","floor":10},{"not_picked":["All Out Attack","PiercingWail"],"picked":"Backflip","floor":12},{"not_picked":["Venomology","Dodge and Roll","Setup"],"picked":"SKIP","floor":14}],"player_experience":1528817,"relics_obtained":[{"floor":5,"key":"Peace Pipe"},{"floor":8,"key":"Bag of Marbles"},{"floor":9,"key":"Mercury Hourglass"}],"event_choices":[{"damage_healed":0,"gold_gain":0,"player_choice":"Leave","damage_taken":0,"max_hp_gain":0,"max_hp_loss":0,"event_name":"The Cleric","floor":3,"gold_loss":0},{"damage_healed":0,"gold_gain":0,"player_choice":"Ignored","damage_taken":0,"max_hp_gain":0,"max_hp_loss":0,"event_name":"Shining Light","floor":13,"gold_loss":0}],"is_beta":false,"boss_relics":[],"items_purged_floors":[],"is_endless":false,"potions_floor_spawned":[7,8,14],"killed_by":"Hexaghost","ascension_level":20}}