{"host":"1v3mnj67s3trvm6y","time":1612767444,"event":{"mods":["BaseMod","Challenge The Spire","Downfall","Minty Spire (QoL Compilation)","StSLib"],"gold_per_floor":[99,119,133,145,159,218,243,259,284,308,320,347,534,558,581,593,593,593],"floor_reached":16,"language":"ENG","playtime":1484,"items_purged":[],"score":108,"play_id":"1c923e46-33f8-4f24-8dfe-cba5c661eb99","local_time":"20210208155724","is_ascension_mode":false,"campfire_choices":[{"data":"hexamod:Float","floor":1,"key":"SMITH"}],"circlet_count":0,"master_deck":["hexamod:Strike","hexamod:Strike","hexamod:Strike","hexamod:Strike","hexamod:Defend+1","hexamod:Defend","hexamod:Defend+1","hexamod:Defend","hexamod:Sear","hexamod:Float+1","hexamod:AdvancingGuard","hexamod:EmpoweredFlame","hexamod:StepThrough","hexamod:InspiringFlames","hexamod:FourthSeal","hexamod:FastForward","hexamod:Again+1","hexamod:AdvancingGuard","hexamod:HauntingEcho","hexamod:RetreatToShadows","Doubt","hexamod:DynamicBlow","hexamod:FastForward"],"relics":["hexamod:SpiritBrand","War Paint","MealTicket","MawBank"],"acts_visited":["Exordium"],"potions_floor_usage":[6,8,9,12,15],"damage_taken":[{"damage":0,"enemies":"Small Slimes","floor":2,"turns":3},{"damage":0,"enemies":"Jaw Worm","floor":3,"turns":4},{"damage":0,"enemies":"Cultist","floor":4,"turns":3},{"damage":0,"enemies":"2 Fungi Beasts","floor":5,"turns":4},{"damage":15,"enemies":"Lagavulin Event","floor":6,"turns":6},{"damage":0,"enemies":"3 Louse","floor":8,"turns":4},{"damage":28,"enemies":"Gremlin Nob","floor":9,"turns":6},{"damage":2,"enemies":"Blue Slaver","floor":10,"turns":4},{"damage":2,"enemies":"Exordium Thugs","floor":12,"turns":5},{"damage":0,"enemies":"Exordium Wildlife","floor":14,"turns":4},{"damage":0,"enemies":"Gremlin Gang","floor":15,"turns":5},{"damage":114,"enemies":"DF_ARCHETYPE_STREAMLINE","floor":16,"turns":14}],"seed_played":"-7925321157713804050","potions_obtained":[{"floor":2,"key":"hexamod:SoulburnPotion"},{"floor":4,"key":"Energy Potion"},{"floor":6,"key":"SteroidPotion"},{"floor":6,"key":"Regen Potion"},{"floor":8,"key":"FairyPotion"},{"floor":9,"key":"DuplicationPotion"},{"floor":12,"key":"Block Potion"},{"floor":14,"key":"hexamod:SoulburnPotion"},{"floor":15,"key":"Swift Potion"}],"is_trial":false,"path_per_floor":["R","M","M","M","M","?","T","M","E","M","?","M","?","M","M","B"],"character_chosen":"THE_SPIRIT","items_purchased":[],"campfire_rested":0,"item_purchase_floors":[],"current_hp_per_floor":[70,70,70,70,70,55,55,55,42,40,40,38,38,38,38,0,0,0],"gold":593,"neow_bonus":"THREE_CARDS","is_daily":false,"chose_seed":false,"campfire_upgraded":1,"win_rate":0.0,"timestamp":1612767444,"path_taken":["R","M","M","M","M","?","T","M","E","M","?","?","?","M","M","BOSS"],"items_purchased_type":[],"build_version":"2020-12-22","purchased_purges":0,"victory":false,"max_hp_per_floor":[70,70,70,70,70,70,70,70,70,70,70,70,70,70,70,70,70,70],"card_choices":[{"not_picked":["hexamod:NightmareGuise","hexamod:RecurringNightmare"],"picked":"hexamod:AdvancingGuard","floor":0},{"not_picked":["hexamod:EtherealExpedition","hexamod:Incineration"],"picked":"hexamod:EmpoweredFlame","floor":2},{"not_picked":["hexamod:AdvancingGuard","hexamod:HeatShield"],"picked":"hexamod:StepThrough","floor":3},{"not_picked":["hexamod:NightmareGuise","hexamod:PowerFromBeyond"],"picked":"hexamod:InspiringFlames","floor":4},{"not_picked":["hexamod:EtherealExpedition","hexamod:GhostLash"],"picked":"hexamod:FourthSeal","floor":5},{"not_picked":["hexamod:Firestarter","hexamod:SearingWound"],"picked":"hexamod:FastForward","floor":6},{"not_picked":["hexamod:SwordOfDarkness","hexamod:ThermalTransfer"],"picked":"hexamod:Again","floor":8},{"not_picked":["hexamod:HeatShield","hexamod:ShieldOfDarkness"],"picked":"hexamod:AdvancingGuard","floor":9},{"not_picked":["hexamod:NightmareStrike","hexamod:HeatShield"],"picked":"hexamod:HauntingEcho","floor":10},{"not_picked":["hexamod:SpectersWail","hexamod:FastForward"],"picked":"hexamod:RetreatToShadows","floor":12},{"not_picked":["hexamod:SpectralSpark","hexamod:Firestarter"],"picked":"hexamod:DynamicBlow","floor":14},{"not_picked":["hexamod:ShieldOfDarkness","hexamod:SuperheatedStrike"],"picked":"hexamod:FastForward","floor":15}],"player_experience":1764637,"relics_obtained":[{"floor":6,"key":"War Paint"},{"floor":7,"key":"MealTicket"},{"floor":9,"key":"MawBank"}],"event_choices":[],"is_beta":false,"boss_relics":[],"items_purged_floors":[],"is_endless":false,"potions_floor_spawned":[2,4,6,9,15],"killed_by":"DF_ARCHETYPE_STREAMLINE","ascension_level":0}}