{"host":"4eao2pkwlmv012cz","time":1612765976,"event":{"mods":["BaseMod","Colored Powertips","Minty Spire (QoL Compilation)","Permanent Neow","Quick Restart","Random Character Button","StSLib"],"gold_per_floor":[112,124,124,144,4,4,338,303,303,335,335,350,500,533,533,612,612,623,40,34,49,49,49,49,49,75,75,75,75],"floor_reached":28,"language":"ENG","playtime":1110,"items_purged":[],"score":468,"play_id":"85309de0-1b32-4d22-bb9d-64245ef79106","local_time":"20210208013256","is_ascension_mode":true,"campfire_choices":[{"data":"Rainbow","floor":6.0,"key":"SMITH"},{"floor":11.0,"key":"REST"},{"floor":15.0,"key":"REST"},{"data":"Zap","floor":23,"key":"SMITH"},{"data":"Creative AI","floor":25,"key":"SMITH"}],"circlet_count":0,"master_deck":["AscendersBane","Strike_B","Strike_B+1","Strike_B","Defend_B+1","Defend_B","Defend_B","Zap+1","Dualcast+1","Creative AI+1","Leap","FTL","Auto Shields","Rainbow+1","Sweeping Beam","Rebound","Leap","Compile Driver","Doubt","Static Discharge","Amplify+1","CurseOfTheBell","Coolheaded","Panache","Beam Cell+1","Melter","Loop","Sweeping Beam"],"relics":["Cracked Core","Old Coin","Bird Faced Urn","Ornamental Fan","Emotion Chip","Calling Bell","InkBottle","Turnip","War Paint","Letter Opener","Oddly Smooth Stone"],"acts_visited":["Exordium","TheCity"],"potions_floor_usage":[20],"damage_taken":[{"damage":3.0,"enemies":"2 Louse","floor":1.0,"turns":3.0},{"damage":4.0,"enemies":"Small Slimes","floor":2.0,"turns":4.0},{"damage":4.0,"enemies":"Jaw Worm","floor":4.0,"turns":5.0},{"damage":20.0,"enemies":"Lagavulin","floor":7.0,"turns":7.0},{"damage":32.0,"enemies":"Gremlin Nob","floor":10.0,"turns":4.0},{"damage":10.0,"enemies":"Large Slime","floor":12.0,"turns":5.0},{"damage":30.0,"enemies":"3 Sentries","floor":14.0,"turns":9.0},{"damage":18.0,"enemies":"Hexaghost","floor":16.0,"turns":8.0},{"damage":16.0,"enemies":"3 Byrds","floor":18.0,"turns":3.0},{"damage":21,"enemies":"2 Thieves","floor":20,"turns":5},{"damage":28,"enemies":"Centurion and Healer","floor":21,"turns":11},{"damage":26,"enemies":"Slavers","floor":28,"turns":3}],"seed_played":"-3653283546105781921","potions_obtained":[{"floor":2.0,"key":"Regen Potion"},{"floor":4.0,"key":"SteroidPotion"},{"floor":7.0,"key":"Dexterity Potion"},{"floor":14.0,"key":"DistilledChaos"},{"floor":16.0,"key":"Swift Potion"}],"is_trial":false,"path_per_floor":["M","M","?","M","$","R","E","?","T","E","R","M","?","E","R","B",null,"M","$","M","M","?","R","?","R","T","?","E"],"character_chosen":"DEFECT","items_purchased":["Rainbow","Sweeping Beam","Panache","Fruit Juice","Letter Opener"],"campfire_rested":2,"item_purchase_floors":[5,5,19,19,19],"current_hp_per_floor":[61,57,38,34,34,34,29,45,45,15,34,24,24,4,23,33,56,44,49,34,32,32,32,32,32,32,32,8,8],"gold":75,"neow_bonus":"THREE_RARE_CARDS","is_daily":false,"chose_seed":false,"campfire_upgraded":3,"win_rate":0.0,"timestamp":1612765976,"path_taken":["M","M","?","M","$","R","E","?","T","E","R","M","?","E","R","BOSS","M","$","M","M","?","R","?","R","T","?","E"],"items_purchased_type":["Card","Card","Card","Potion","Relic"],"build_version":"2020-12-22","purchased_purges":0,"victory":false,"max_hp_per_floor":[64,64,64,64,64,64,64,64,64,64,64,64,64,64,64,64,64,64,69,69,69,69,69,69,69,69,69,69,69],"card_choices":[{"not_picked":["Reboot","Hyperbeam"],"picked":"Creative AI","floor":0.0},{"not_picked":["Coolheaded","Gash"],"picked":"Leap","floor":1.0},{"not_picked":["BootSequence","Streamline"],"picked":"FTL","floor":2.0},{"not_picked":["Rip and Tear","Turbo"],"picked":"Auto Shields","floor":4.0},{"not_picked":["Auto Shields","BootSequence"],"picked":"Rebound","floor":7.0},{"not_picked":["Sweeping Beam","Blizzard"],"picked":"Leap","floor":10.0},{"not_picked":["Stack","Barrage"],"picked":"Compile Driver","floor":12.0},{"not_picked":["Leap","Undo"],"picked":"Static Discharge","floor":14.0},{"not_picked":["Biased Cognition","Thunder Strike"],"picked":"Amplify","floor":16.0},{"not_picked":["Gash","Reprogram"],"picked":"Coolheaded","floor":18.0},{"not_picked":["Leap","FTL"],"picked":"Beam Cell+1","floor":20},{"not_picked":["Redo","Ball Lightning"],"picked":"Melter","floor":21}],"player_experience":2905881,"relics_obtained":[{"floor":7.0,"key":"Old Coin"},{"floor":9.0,"key":"Bird Faced Urn"},{"floor":10.0,"key":"Ornamental Fan"},{"floor":14.0,"key":"Emotion Chip"},{"floor":17.0,"key":"InkBottle"},{"floor":17.0,"key":"Turnip"},{"floor":17.0,"key":"War Paint"},{"floor":26,"key":"Oddly Smooth Stone"}],"event_choices":[{"damage_healed":0.0,"max_hp_gain":0.0,"max_hp_loss":0.0,"gold_gain":0.0,"event_name":"Shining Light","player_choice":"Entered Light","floor":3.0,"gold_loss":0.0,"damage_taken":19.0,"cards_upgraded":["Strike_B","Defend_B"]},{"damage_healed":16.0,"max_hp_gain":0.0,"max_hp_loss":0.0,"gold_gain":0.0,"event_name":"The Cleric","player_choice":"Healed","floor":8.0,"gold_loss":35.0,"damage_taken":0.0},{"damage_healed":0.0,"max_hp_gain":0.0,"max_hp_loss":0.0,"gold_gain":150.0,"event_name":"Liars Game","player_choice":"AGREE","floor":13.0,"gold_loss":0.0,"damage_taken":0.0,"cards_obtained":["Doubt"]},{"damage_healed":0,"gold_gain":0,"player_choice":"Ignored","damage_taken":0,"max_hp_gain":0,"max_hp_loss":0,"event_name":"Vampires","floor":22,"gold_loss":0},{"damage_healed":0,"gold_gain":0,"player_choice":"Ignored","damage_taken":0,"max_hp_gain":0,"max_hp_loss":0,"event_name":"Ghosts","floor":24,"gold_loss":0},{"damage_healed":0,"gold_gain":0,"cards_transformed":["Strike_B","Defend_B"],"player_choice":"Became Test Subject","damage_taken":0,"max_hp_gain":0,"max_hp_loss":0,"event_name":"Drug Dealer","floor":27,"gold_loss":0,"cards_obtained":["Loop","Sweeping Beam"]}],"is_beta":false,"boss_relics":[{"not_picked":["Runic Pyramid","Empty Cage"],"picked":"Calling Bell"}],"items_purged_floors":[],"is_endless":false,"potions_floor_spawned":[2,4,7,14,16],"killed_by":"Slavers","ascension_level":20}}