{"host":"fortuna","time":1612765280,"event":{"mods":["100% Spire Juice","Act Like it!","Arknights","BaseMod","CapriCore","Gensokyo","Hallownest","Koishi","Minty Spire (QoL Compilation)","Reimu£®≤©¿ˆ¡È√Œ£©","Relic Stats","StSLib","The Administrix","The Animator","The Bug Knight","The Immortal","Waifu the Spire","WarShipGirlsR/’ΩΩ¢…Ÿ≈ÆR mod","Yakumo Yukari mod"],"gold_per_floor":[99,99,99,99,99,99,99,99,99,99,99,99,99,99,99,99,99,99,99,99,99,99,99,99,99,99,99,99,99,99,99,99,99,99],"floor_reached":33,"language":"ZHS","playtime":2549,"items_purged":[],"score":470,"play_id":"aed13feb-439d-48dc-b3f8-f3c3ee2b7a00","local_time":"20210208142120","is_ascension_mode":true,"campfire_choices":[{"data":"animator:Ara","floor":6.0,"key":"SMITH"},{"floor":8.0,"key":"REST"},{"data":"animator:Vesta","floor":13.0,"key":"SMITH"},{"data":"animator:Aqua","floor":15.0,"key":"SMITH"},{"data":"animator:Darkness","floor":24.0,"key":"SMITH"},{"data":"animator:Saitama","floor":32.0,"key":"SMITH"}],"circlet_count":0,"master_deck":["animator:Aqua+1","animator:Ara+1","animator:Vesta+1","animator:Gillette","animator:YunYun","animator:Eve","animator:Saitama+1","animator:Megumin+10","animator:KrulTepes","animator:MumenRider","animator:Darkness+1","animator:Yoichi","animator:Kazuma","animator:Fredrika","animator:SilverFang","animator:Guren","animator:Millim+1","animator:Viivi","animator:YunYun","animator:PandorasActor","animator:Aqua+1","animator:Darkness+1","animator:Vanir+1","animator:Chung"],"relics":["animator:TheMissingPiece","Ectoplasm","animator:Buoy","WingedGreaves","animator:BattleDrones","Red Skull","Sundial","Toy Ornithopter","Pandora\u0027s Box","Blood Vial","RuthlessExorcism:ReiMu","Blood Vial","Potion Belt","Tiny Chest","Unceasing Top","Blood Vial","Bag of Preparation"],"acts_visited":["Exordium","Gensokyo:Gensokyoer"],"potions_floor_usage":[],"damage_taken":[{"damage":0.0,"enemies":"2 Louse","floor":1.0,"turns":4.0},{"damage":45.0,"enemies":"Lagavulin","floor":7.0,"turns":8.0},{"damage":26.0,"enemies":"3 Sentries","floor":11.0,"turns":16.0},{"damage":0.0,"enemies":"HollowMod:MossKnight","floor":12.0,"turns":8.0},{"damage":5.0,"enemies":"Gremlin Nob","floor":14.0,"turns":3.0},{"damage":0.0,"enemies":"Slime Boss","floor":16.0,"turns":10.0},{"damage":12.0,"enemies":"Gensokyo:3_Dogs","floor":18.0,"turns":4.0},{"damage":0.0,"enemies":"Gensokyo:2_Gloops","floor":20.0,"turns":4.0},{"damage":14.0,"enemies":"Gensokyo:Mirror_and_Dog","floor":21.0,"turns":4.0},{"damage":31.0,"enemies":"Gensokyo:Chomper_and_Gloop","floor":22.0,"turns":5.0},{"damage":8.0,"enemies":"Gensokyo:Tenshi","floor":23.0,"turns":3.0},{"damage":0.0,"enemies":"Gensokyo:Reisen","floor":25.0,"turns":3.0},{"damage":23.0,"enemies":"Gensokyo:Tenshi","floor":27.0,"turns":4.0},{"damage":0.0,"enemies":"Gensokyo:Monolith_and_Dog","floor":28.0,"turns":3.0},{"damage":10.0,"enemies":"Gensokyo:Koishi","floor":29.0,"turns":3.0},{"damage":4.0,"enemies":"Gensokyo:Swordslinger","floor":30.0,"turns":2.0},{"damage":18.0,"enemies":"Gensokyo:Slime_Group","floor":31.0,"turns":3.0},{"damage":38,"enemies":"Gensokyo:Eiki","floor":33,"turns":5}],"seed_played":"5595914203914799715","potions_obtained":[{"floor":11.0,"key":"Strength Potion"},{"floor":14.0,"key":"AttackPotion"},{"floor":20.0,"key":"FearPotion"},{"floor":28.0,"key":"GamblersBrew"},{"floor":30.0,"key":"SkillPotion"}],"is_trial":false,"path_per_floor":["M","$","?","$","T","R","E","R","T","$","E","E","R","E","R","B",null,"M","?","M","M","M","E","R","E","T","E","M","E","M","M","R","B"],"character_chosen":"THE_ANIMATOR","items_purchased":[],"campfire_rested":1,"item_purchase_floors":[],"current_hp_per_floor":[66,66,66,66,66,66,21,40,40,40,16,18,18,14,14,17,67,59,59,62,51,23,18,18,23,23,10,20,25,31,25,25,0,0],"gold":99,"neow_bonus":"BOSS_RELIC","is_daily":false,"chose_seed":false,"campfire_upgraded":5,"win_rate":0.0,"timestamp":1612765280,"path_taken":["M","$","?","?","?","R","E","R","T","$","E","E","R","E","R","BOSS","M","?","M","?","M","E","R","E","T","E","M","E","M","?","R","BOSS"],"items_purchased_type":[],"build_version":"2020-12-18","purchased_purges":0,"victory":false,"max_hp_per_floor":[66,66,66,66,66,66,66,66,66,66,66,66,66,67,67,67,67,68,68,68,68,68,68,68,68,68,68,68,68,69,69,69,69,69],"relic_stats":{"Blood Vial":32,"counters":[18,92],"Sundial":[8],"Pandora\u0027s Box":["animator:Megumin","animator:KrulTepes","animator:Saitama","animator:MumenRider","animator:Darkness","animator:Yoichi","animator:Kazuma","animator:Fredrika"],"Tiny Chest":0,"Ectoplasm":551,"Bag of Preparation":[6],"obtain_stats":[{"animator:Buoy":3,"Potion Belt":25,"animator:TheMissingPiece":0,"animator:BattleDrones":7,"Bag of Preparation":29,"Blood Vial":23,"Frozen Eye":29,"Sundial":12,"Pandora\u0027s Box":17,"Tiny Chest":26,"animator:LivingPicture":0,"Ectoplasm":0,"WingedGreaves":5,"Red Skull":11,"Toy Ornithopter":14,"Unceasing Top":27,"RuthlessExorcism:ReiMu":23},{"animator:Buoy":1,"Potion Belt":12,"animator:TheMissingPiece":0,"animator:BattleDrones":2,"Bag of Preparation":15,"Blood Vial":11,"Frozen Eye":14,"Sundial":4,"Pandora\u0027s Box":6,"Tiny Chest":12,"animator:LivingPicture":0,"Ectoplasm":0,"WingedGreaves":1,"Red Skull":3,"Toy Ornithopter":5,"Unceasing Top":13,"RuthlessExorcism:ReiMu":11},{"animator:Buoy":4,"Potion Belt":72,"animator:TheMissingPiece":0,"animator:BattleDrones":12,"Bag of Preparation":82,"Blood Vial":69,"Frozen Eye":79,"Sundial":36,"Pandora\u0027s Box":49,"Tiny Chest":72,"animator:LivingPicture":0,"Ectoplasm":0,"WingedGreaves":4,"Red Skull":28,"Toy Ornithopter":39,"Unceasing Top":76,"RuthlessExorcism:ReiMu":69}],"Toy Ornithopter":5,"Unceasing Top":[3]},"card_choices":[{"not_picked":["animator:Guy","animator:Genos"],"picked":"animator:Ara","floor":1.0},{"not_picked":["animator:Genos","animator:Add"],"picked":"animator:Vesta","floor":7.0},{"not_picked":["animator:Guy","animator:Benimaru"],"picked":"animator:Gillette","floor":11.0},{"not_picked":["animator:Verdia","animator:Kazuma"],"picked":"animator:YunYun","floor":12.0},{"not_picked":["animator:Elsword","animator:Yuuichirou"],"picked":"animator:Eve","floor":14.0},{"not_picked":["animator:ChaikaTrabant","animator:AcuraShin"],"picked":"animator:Saitama","floor":16.0},{"not_picked":["animator:AcuraAkari","animator:Ciel"],"picked":"animator:SilverFang","floor":18.0},{"not_picked":["animator:Geryuganshoop","animator:Vesta"],"picked":"animator:Millim+1","floor":20.0},{"not_picked":["animator:AcuraTooru","animator:Gillette"],"picked":"animator:Viivi","floor":21.0},{"not_picked":["animator:Gillette","animator:Ciel"],"picked":"animator:YunYun","floor":22.0},{"not_picked":["animator:Shinoa","animator:Aisha"],"picked":"animator:PandorasActor","floor":23.0},{"not_picked":["animator:Sebas","animator:Guy"],"picked":"animator:Aqua+1","floor":25.0},{"not_picked":["animator:Guren","animator:Aqua","animator:Raven"],"picked":"SKIP","floor":28.0},{"not_picked":["animator:MumenRider","animator:Shigure"],"picked":"animator:Darkness+1","floor":29.0},{"not_picked":["animator:Sonic+1","animator:Benimaru"],"picked":"animator:Vanir+1","floor":30.0},{"not_picked":["animator:Ara","animator:Raven"],"picked":"animator:Chung","floor":31.0}],"player_experience":334398,"relics_obtained":[{"floor":5.0,"key":"WingedGreaves"},{"floor":7.0,"key":"animator:BattleDrones"},{"floor":11.0,"key":"Red Skull"},{"floor":12.0,"key":"Sundial"},{"floor":14.0,"key":"Toy Ornithopter"},{"floor":23.0,"key":"Blood Vial"},{"floor":23.0,"key":"RuthlessExorcism:ReiMu"},{"floor":25.0,"key":"Blood Vial"},{"floor":25.0,"key":"Potion Belt"},{"floor":26.0,"key":"Tiny Chest"},{"floor":27.0,"key":"Unceasing Top"},{"floor":29.0,"key":"Blood Vial"},{"floor":29.0,"key":"Bag of Preparation"}],"event_choices":[{"cards_removed":["animator:Kazuma"],"damage_healed":0.0,"max_hp_gain":0.0,"max_hp_loss":0.0,"gold_gain":0.0,"event_name":"WeMeetAgain","player_choice":"Gave Card","floor":3.0,"gold_loss":0.0,"damage_taken":0.0,"relics_obtained":["animator:Buoy"]}],"is_beta":true,"boss_relics":[{"not_picked":["Busted Crown","SacredBark"],"picked":"Pandora\u0027s Box"}],"items_purged_floors":[],"is_endless":false,"potions_floor_spawned":[11,14,20,23,28,30],"killed_by":"Gensokyo:Eiki","ascension_level":1}}