{"host":"fdq5pmhluajjrf8d","time":1612805649,"event":{"mods":["BaseMod","Minty Spire (QoL Compilation)"],"gold_per_floor":[112,122,138,148,17,17,29,29,29,29,0,10,160,170,170,245,245,257,257,274,274,274],"floor_reached":21,"language":"ENG","playtime":845,"items_purged":["Decay"],"score":346,"play_id":"e2868398-a756-43e3-b2a3-20a1998c11bc","local_time":"20210208123409","is_ascension_mode":true,"campfire_choices":[{"floor":6,"key":"REST"},{"data":"Chill","floor":8,"key":"SMITH"},{"floor":15,"key":"REST"}],"circlet_count":0,"master_deck":["AscendersBane","Strike_B","Strike_B","Strike_B","Defend_B","Defend_B","Defend_B","Defend_B","Zap+1","Dualcast","Capacitor","Tempest","Stack","Chill+1","Go for the Eyes","Conserve Battery","Hologram","Rainbow","Coolheaded+1","Leap+1"],"relics":["Cracked Core","StoneCalendar","PreservedInsect","Empty Cage"],"acts_visited":["Exordium","TheCity"],"potions_floor_usage":[4,16,16],"damage_taken":[{"damage":3,"enemies":"2 Louse","floor":1,"turns":3},{"damage":11,"enemies":"Jaw Worm","floor":2,"turns":4},{"damage":1,"enemies":"Cultist","floor":3,"turns":3},{"damage":20,"enemies":"Large Slime","floor":4,"turns":6},{"damage":18,"enemies":"Exordium Thugs","floor":7,"turns":4},{"damage":0,"enemies":"2 Fungi Beasts","floor":12,"turns":4},{"damage":9,"enemies":"Looter","floor":14,"turns":3},{"damage":16,"enemies":"Slime Boss","floor":16,"turns":7},{"damage":20,"enemies":"Shell Parasite","floor":18,"turns":7},{"damage":18,"enemies":"Spheric Guardian","floor":20,"turns":7},{"damage":23,"enemies":"Snake Plant","floor":21,"turns":4}],"seed_played":"6971564189178629660","potions_obtained":[{"floor":2,"key":"SkillPotion"},{"floor":3,"key":"FearPotion"},{"floor":7,"key":"Strength Potion"},{"floor":20,"key":"Strength Potion"}],"is_trial":false,"path_per_floor":["M","M","M","M","$","R","M","R","T","?","?","M","?","M","R","B",null,"M","?","M","M"],"character_chosen":"DEFECT","items_purchased":["Go for the Eyes"],"campfire_rested":2,"item_purchase_floors":[5],"current_hp_per_floor":[61,50,49,29,29,50,32,32,32,32,32,32,32,23,44,28,60,40,40,22,0,0],"gold":274,"neow_bonus":"ONE_RARE_RELIC","is_daily":false,"chose_seed":false,"campfire_upgraded":1,"win_rate":0.0,"timestamp":1612805649,"path_taken":["M","M","M","M","$","R","M","R","T","?","?","M","?","M","R","BOSS","M","?","M","M"],"items_purchased_type":["Card"],"build_version":"2020-12-22","purchased_purges":1,"victory":false,"max_hp_per_floor":[71,71,71,71,71,71,71,71,71,71,71,71,71,71,71,71,71,71,71,71,71,71],"card_choices":[{"not_picked":["Compile Driver","Turbo"],"picked":"Capacitor","floor":1},{"not_picked":["Skim","Beam Cell"],"picked":"Tempest","floor":2},{"not_picked":["Rebound","Tempest"],"picked":"Stack","floor":3},{"not_picked":["Genetic Algorithm","Compile Driver"],"picked":"Chill","floor":4},{"not_picked":["Sweeping Beam","Steam"],"picked":"Conserve Battery","floor":7},{"not_picked":["Ball Lightning","Skim"],"picked":"Hologram","floor":12},{"not_picked":["Beam Cell","Lockon","All For One"],"picked":"SKIP","floor":14},{"not_picked":["Hyperbeam","Thunder Strike"],"picked":"Rainbow","floor":16},{"not_picked":["Turbo","Cold Snap"],"picked":"Coolheaded+1","floor":18},{"not_picked":["Redo","Steam Power"],"picked":"Leap+1","floor":20}],"player_experience":1974452,"relics_obtained":[{"floor":9,"key":"PreservedInsect"}],"event_choices":[{"damage_healed":0,"gold_gain":0,"player_choice":"Grow","damage_taken":0,"max_hp_gain":0,"max_hp_loss":0,"event_name":"Living Wall","floor":10,"gold_loss":0,"cards_upgraded":["Zap"]},{"damage_healed":0,"gold_gain":0,"player_choice":"Left Gold","damage_taken":0,"max_hp_gain":0,"max_hp_loss":0,"event_name":"World of Goop","floor":11,"gold_loss":29},{"damage_healed":0,"gold_gain":150,"player_choice":"AGREE","damage_taken":0,"max_hp_gain":0,"max_hp_loss":0,"event_name":"Liars Game","floor":13,"gold_loss":0,"cards_obtained":["Doubt"]},{"damage_healed":0,"gold_gain":0,"player_choice":"Ignored","damage_taken":0,"max_hp_gain":0,"max_hp_loss":0,"event_name":"N\u0027loth","floor":19,"gold_loss":0}],"is_beta":false,"boss_relics":[{"not_picked":["Philosopher\u0027s Stone","Black Star"],"picked":"Empty Cage"}],"items_purged_floors":[5],"is_endless":false,"potions_floor_spawned":[2,3,7,20],"killed_by":"Snake Plant","ascension_level":20}}