{"host":"zjpztl3gv3azspk5","time":1612768597,"event":{"mods":["Act Like it!","BaseMod","Better Note","Better Skull","BetterRewards","Card Forge","Colored Powertips","Conspire","Downfall","Hermit","Highlight Path","Infinite Spire","Minty Spire (QoL Compilation)","Quick Restart","Rare Cards Sparkle","Replay The Spire","StSLib","The Exalted","everything is the same but u backflip on backflip"],"gold_per_floor":[119,137,150,167,177,193,193,210,229,254,254,270,283,302,302,398,398,412,428,448,72,72,84,84,84,96,116,116,128,144,144,163,163,163,163],"floor_reached":33,"language":"ENG","playtime":2852,"items_purged":[],"score":285,"play_id":"7f5973f6-7861-4bef-8b74-e104ec2e0f85","local_time":"20210207231637","is_ascension_mode":false,"campfire_choices":[{"floor":11.0,"key":"REST"},{"data":"bronze:Iterate","floor":15.0,"key":"SMITH"},{"floor":25.0,"key":"REST"}],"circlet_count":0,"master_deck":["bronze:Strike","bronze:Strike","bronze:Strike","bronze:Strike","bronze:Defend","bronze:Defend","bronze:Defend","bronze:Defend","bronze:Replicate","bronze:Shield","bronze:ChildClass","bronze:Separator","bronze:DelayedGuard","bronze:Iterate+1","bronze:OilSpill","bronze:DelayedSlice","bronze:WhirlingStrike","bronze:BitShift","bronze:Optimize","bronze:FineTuning","bronze:Format","bronze:AlphaBuild","bronze:Overheat","bronze:Flail","bronze:Virus","bronze:OilSpill","bronze:InfiniteBeams+1","champ:Strike","bronze:Shield+1","bronze:Frontload+1","bronze:DelayedSlice+1","bronze:Constructor"],"relics":["bronze:BronzeCore","Hammer of Thor","Seething Fire","Anvil of the Gods","Quantum Egg","Potion Belt","Bromod:ArcaneEnergize","Lee\u0027s Waffle","Tiny Chest","Incense Burner"],"acts_visited":["Exordium","TheCity"],"potions_floor_usage":[33,33],"damage_taken":[{"damage":3.0,"enemies":"Small Slimes","floor":1.0,"turns":4.0},{"damage":4.0,"enemies":"Cultist","floor":2.0,"turns":5.0},{"damage":3.0,"enemies":"2 Louse","floor":3.0,"turns":4.0},{"damage":0.0,"enemies":"Red Slaver","floor":4.0,"turns":3.0},{"damage":0.0,"enemies":"Exordium Thugs","floor":5.0,"turns":4.0},{"damage":0.0,"enemies":"3 Louse","floor":6.0,"turns":4.0},{"damage":4.0,"enemies":"Blue Slaver","floor":8.0,"turns":3.0},{"damage":7.0,"enemies":"Exordium Thugs","floor":9.0,"turns":3.0},{"damage":2.0,"enemies":"Gremlin Nob","floor":10.0,"turns":3.0},{"damage":0.0,"enemies":"Large Slime","floor":12.0,"turns":5.0},{"damage":0.0,"enemies":"Gremlin Gang","floor":13.0,"turns":3.0},{"damage":2.0,"enemies":"2 Fungi Beasts","floor":14.0,"turns":2.0},{"damage":47.0,"enemies":"WA_ARCHETYPE_RETAIN","floor":16.0,"turns":9.0},{"damage":0.0,"enemies":"3 Byrds","floor":18.0,"turns":4.0},{"damage":19.0,"enemies":"Spheric Guardian","floor":19.0,"turns":6.0},{"damage":0.0,"enemies":"Centurion and Healer","floor":20.0,"turns":5.0},{"damage":10.0,"enemies":"downfall:FleeingMerchant","floor":21.0,"turns":4.0},{"damage":20.0,"enemies":"Cultist and Chosen","floor":23.0,"turns":4.0},{"damage":9.0,"enemies":"Shelled Parasite and Fungi","floor":26.0,"turns":4.0},{"damage":0.0,"enemies":"Snecko","floor":27.0,"turns":4.0},{"damage":31.0,"enemies":"Snake Plant","floor":29.0,"turns":4.0},{"damage":33.0,"enemies":"Shelled Parasite and Fungi","floor":30.0,"turns":4.0},{"damage":0.0,"enemies":"Book of Stabbing","floor":31.0,"turns":1.0},{"damage":0,"enemies":"Cultist and Chosen","floor":32,"turns":6},{"damage":12,"enemies":"SI_MIRROR_ARCHETYPE","floor":33,"turns":4}],"seed_played":"-4112777861086924546","potions_obtained":[{"floor":1.0,"key":"LifebloodPotion"},{"floor":2.0,"key":"SpeedPotion"},{"floor":4.0,"key":"sneckomod:MuddlingPotion"},{"floor":6.0,"key":"Toxic Potion"},{"floor":10.0,"key":"Swift Potion"},{"floor":12.0,"key":"GamblersBrew"},{"floor":16.0,"key":"SteroidPotion"},{"floor":18.0,"key":"Strength Potion"},{"floor":23.0,"key":"Fire Potion"},{"floor":26.0,"key":"SmokeBomb"},{"floor":29.0,"key":"SteroidPotion"},{"floor":32,"key":"Languid Potion"}],"is_trial":false,"path_per_floor":["M","M","M","M","M","M","T","M","M","E","R","M","M","M","R","B",null,"M","M","M","$","?","M","T","R","M","M","?","M","M","E","M","B"],"character_chosen":"THE_AUTOMATON","items_purchased":["Lee\u0027s Waffle","bronze:InfiniteBeams+1","Tiny Chest"],"campfire_rested":2,"item_purchase_floors":[21,21,21],"current_hp_per_floor":[74,70,67,67,67,67,67,63,56,54,77,77,77,75,75,28,77,77,58,58,84,84,64,64,84,75,75,75,44,11,11,11,0,0,0],"gold":163,"neow_bonus":"TEN_PERCENT_HP_BONUS","is_daily":false,"chose_seed":false,"campfire_upgraded":1,"win_rate":0.0,"timestamp":1612768597,"path_taken":["M","M","M","M","M","M","T","M","M","E","R","M","M","M","R","BOSS","M","M","M","$","?","M","T","R","M","M","?","?","M","E","M","BOSS"],"items_purchased_type":["Relic","Card","Relic"],"build_version":"2020-12-13","purchased_purges":0,"victory":false,"max_hp_per_floor":[77,77,77,77,77,77,77,77,77,77,77,77,77,77,77,77,77,77,77,77,84,84,84,84,84,84,84,84,84,84,84,84,84,84,84],"card_choices":[{"not_picked":["bronze:FineTuning","bronze:Turbo"],"picked":"bronze:Shield","floor":1.0},{"not_picked":["bronze:Safeguard","bronze:BitShift"],"picked":"bronze:ChildClass","floor":2.0},{"not_picked":["bronze:ItsAFeature","bronze:Branch"],"picked":"bronze:Separator","floor":3.0},{"not_picked":["bronze:BronzeArmor","bronze:Return"],"picked":"bronze:DelayedGuard","floor":4.0},{"not_picked":["bronze:BugBarrage","bronze:Invalidate"],"picked":"bronze:Iterate","floor":5.0},{"not_picked":["bronze:Constructor","bronze:ItsAFeature"],"picked":"bronze:OilSpill","floor":6.0},{"not_picked":["bronze:FollowUp","bronze:Frontload"],"picked":"bronze:DelayedSlice","floor":8.0},{"not_picked":["bronze:Separator","bronze:BuggyMess"],"picked":"bronze:WhirlingStrike","floor":9.0},{"not_picked":["bronze:DigitalCarnage","bronze:Branch"],"picked":"bronze:BitShift","floor":10.0},{"not_picked":["bronze:Return","bronze:CloningBeam"],"picked":"bronze:Optimize","floor":12.0},{"not_picked":["bronze:Allocate","bronze:Shell"],"picked":"bronze:FineTuning","floor":13.0},{"not_picked":["bronze:Separator","bronze:DelayedGuard"],"picked":"bronze:Format","floor":14.0},{"not_picked":["bronze:Library","bronze:Mutator"],"picked":"bronze:AlphaBuild","floor":16.0},{"not_picked":["bronze:Turbo","bronze:WildBeam"],"picked":"bronze:Overheat","floor":18.0},{"not_picked":["bronze:Turbo","bronze:CutThrough"],"picked":"bronze:Flail","floor":19.0},{"not_picked":["bronze:BugBarrage","bronze:Separator"],"picked":"bronze:Virus","floor":20.0},{"not_picked":["bronze:Deprecate","bronze:Overheat"],"picked":"bronze:OilSpill","floor":21.0},{"not_picked":["bronze:WhirlingStrike","bronze:Overload"],"picked":"bronze:Shield+1","floor":23.0},{"not_picked":["bronze:Shell","bronze:BitShift"],"picked":"bronze:Frontload+1","floor":26.0},{"not_picked":["bronze:CutThrough","bronze:Invalidate+1"],"picked":"bronze:DelayedSlice+1","floor":27.0},{"not_picked":["bronze:Return","bronze:MaxOutput","bronze:Turbo+1"],"picked":"SKIP","floor":29.0},{"not_picked":["bronze:Shield","bronze:Hardcode"],"picked":"bronze:Constructor","floor":30.0},{"not_picked":["bronze:MaxOutput+1","bronze:OilSpill","bronze:DarkDash"],"picked":"SKIP","floor":32}],"player_experience":201736,"relics_obtained":[{"floor":7.0,"key":"Quantum Egg"},{"floor":10.0,"key":"Potion Belt"},{"floor":24.0,"key":"Incense Burner"}],"event_choices":[{"cards_removed":["bronze:Strike"],"damage_healed":0.0,"max_hp_gain":0.0,"max_hp_loss":0.0,"gold_gain":0.0,"event_name":"betterNote:BetterNote","player_choice":"Take \u0026 Give","floor":22.0,"gold_loss":0.0,"damage_taken":0.0,"cards_obtained":["champ:Strike"]},{"cards_removed":["bronze:Goto"],"damage_healed":0.0,"max_hp_gain":0.0,"max_hp_loss":0.0,"gold_gain":0.0,"event_name":"Bonfire Elementals","player_choice":"Offered Basic","floor":28.0,"gold_loss":0.0,"damage_taken":0.0}],"is_beta":false,"boss_relics":[{"not_picked":["Pandora\u0027s Box","Calling Bell"],"picked":"Bromod:ArcaneEnergize"}],"items_purged_floors":[],"is_endless":false,"potions_floor_spawned":[1,2,4,6,10,12,16,18,23,26,29,31,32],"killed_by":"SI_MIRROR_ARCHETYPE","ascension_level":0}}