{"host":"i3z0gcxurea6197v","time":1612803910,"event":{"mods":["Aspiration","BaseMod","Conspire","Energized Spire","Hubris","Minty Spire (QoL Compilation)","Permanent Neow","Relic Filter Mod","Relic Stats","Reliquary","Replay The Spire","Shop Mod","StSLib","SuperFastMode","Virulent Crown","Weighted Paths"],"gold_per_floor":[212,227,254,254,28,63,63,78,103,134,134,34,66,86,86,157,107,124,124,138,60,78,78,78,78],"floor_reached":24,"language":"RUS","playtime":1847,"items_purged":[],"score":394,"play_id":"0d0ac08f-67c6-43d5-bfa3-d5133981e063","local_time":"20210208220510","is_ascension_mode":true,"campfire_choices":[{"data":"Capacitor","floor":7,"key":"SMITH"},{"data":"Buffer","floor":11,"key":"SMITH"},{"floor":15,"key":"REST"},{"data":"Self Repair","floor":23,"key":"SMITH"}],"circlet_count":0,"master_deck":["AscendersBane","Strike_B","Strike_B","Strike_B","Defend_B","Defend_B","Defend_B","Defend_B","Zap","Dualcast","Glacier","Glacier","Chill+1","Capacitor+1","Rebound","Buffer+1","Ghostly","Coolheaded","Doom and Gloom","Strike_B","Leap","Capacitor+1","Loop","Self Repair+1"],"relics":["Cracked Core","Pet Ghost","PreservedInsect","ReplayTheSpireMod:Lightbulb","MealTicket","hubris:SlimyHat","reliquary:ExpiredCoupon","energizedSpire:HugeHouse"],"acts_visited":["Exordium","TheCity"],"potions_floor_usage":[10,16],"damage_taken":[{"damage":1,"enemies":"Cultist","floor":1,"turns":3},{"damage":4,"enemies":"Jaw Worm","floor":2,"turns":6},{"damage":0,"enemies":"Replay:BlueRogue","floor":6,"turns":8},{"damage":0,"enemies":"2 Louse","floor":8,"turns":2},{"damage":25,"enemies":"Gremlin Nob","floor":10,"turns":5},{"damage":4,"enemies":"Replay:BlueRogue","floor":13,"turns":9},{"damage":2,"enemies":"Exordium Wildlife","floor":14,"turns":7},{"damage":49,"enemies":"Hexaghost","floor":16,"turns":17},{"damage":0,"enemies":"conspire:FuzzyDice","floor":18,"turns":11},{"damage":7,"enemies":"2 Thieves","floor":20,"turns":5},{"damage":19,"enemies":"Snake Plant","floor":22,"turns":8},{"damage":52,"enemies":"Slavers","floor":24,"turns":6}],"seed_played":"2906885148893165001","potions_obtained":[{"floor":6,"key":"Swift Potion"},{"floor":8,"key":"SpeedPotion"},{"floor":18,"key":"Ancient Potion"}],"is_trial":false,"path_per_floor":["M","M","T","?","$","E","R","M","T","E","R","?","E","M","R","B",null,"M","?","M","$","M","R","E"],"character_chosen":"DEFECT","items_purchased":["PreservedInsect","Capacitor","Loop"],"campfire_rested":1,"item_purchase_floors":[5,5,21],"current_hp_per_floor":[67,63,63,63,63,63,63,63,63,38,38,38,34,32,54,5,54,54,54,47,62,43,43,0,0],"gold":78,"neow_bonus":"HUNDRED_GOLD","is_daily":false,"chose_seed":false,"campfire_upgraded":3,"win_rate":0.0,"timestamp":1612803910,"path_taken":["M","M","?","?","$","E","R","M","T","E","R","?","E","?","R","BOSS","M","?","M","$","M","R","E"],"items_purchased_type":["Relic","Card","Card"],"build_version":"2020-12-22","purchased_purges":0,"victory":false,"max_hp_per_floor":[75,75,75,75,75,75,75,75,75,75,75,75,75,75,75,75,70,70,70,70,70,70,70,70,70],"relic_stats":{"counters":[12,87],"MealTicket":15,"PreservedInsect":109,"obtain_stats":[{"reliquary:ExpiredCoupon":13,"MealTicket":9,"PreservedInsect":5,"hubris:SlimyHat":10,"energizedSpire:HugeHouse":17,"Cracked Core":0,"ReplayTheSpireMod:Lightbulb":6,"Pet Ghost":3},{"reliquary:ExpiredCoupon":6,"MealTicket":4,"PreservedInsect":2,"hubris:SlimyHat":5,"energizedSpire:HugeHouse":8,"Cracked Core":0,"ReplayTheSpireMod:Lightbulb":3,"Pet Ghost":2},{"reliquary:ExpiredCoupon":33,"MealTicket":19,"PreservedInsect":9,"hubris:SlimyHat":24,"energizedSpire:HugeHouse":57,"Cracked Core":0,"ReplayTheSpireMod:Lightbulb":17,"Pet Ghost":9}]},"card_choices":[{"not_picked":["Beam Cell","BasicCrystalCard"],"picked":"Glacier","floor":1},{"not_picked":["Scrape","ReplaySort"],"picked":"Glacier","floor":2},{"not_picked":["Auto Shields","Lockon"],"picked":"Rebound","floor":6},{"not_picked":["Rebound","Scrape","Thunder Strike"],"picked":"SKIP","floor":8},{"not_picked":["ReplayTheSpireMod:Repulse","hubris:Prefetch"],"picked":"Buffer","floor":10},{"not_picked":["Storm","Streamline"],"picked":"Coolheaded","floor":13},{"not_picked":["Leap","ReplayTheSpireMod:GoodbyeWorld"],"picked":"Doom and Gloom","floor":14},{"not_picked":["Buffer","Reboot"],"picked":"ReplayTheSpireMod:Fabricate Wheel","floor":16},{"not_picked":["Ball Lightning","Panic Button","Redo"],"picked":"SKIP","floor":18},{"not_picked":["conspire:Rain","aspiration:Polymerization","BootSequence+1"],"picked":"SKIP","floor":20},{"not_picked":["Leap","Gash"],"picked":"Self Repair","floor":22}],"player_experience":860906,"relics_obtained":[{"floor":3,"key":"Pet Ghost"},{"floor":6,"key":"ReplayTheSpireMod:Lightbulb"},{"floor":9,"key":"MealTicket"},{"floor":10,"key":"hubris:SlimyHat"},{"floor":13,"key":"reliquary:ExpiredCoupon"}],"event_choices":[{"damage_healed":0,"gold_gain":0,"player_choice":"Argue","damage_taken":0,"max_hp_gain":0,"max_hp_loss":0,"event_name":"conspire:LoneGhost","floor":12,"gold_loss":0},{"damage_healed":0,"gold_gain":0,"player_choice":"Copied","damage_taken":0,"max_hp_gain":0,"max_hp_loss":0,"event_name":"Duplicator","floor":19,"gold_loss":0,"cards_obtained":["Capacitor"]}],"is_beta":false,"boss_relics":[{"not_picked":["hubris:Stopwatch","energizedSpire:OldTV"],"picked":"energizedSpire:HugeHouse"}],"items_purged_floors":[],"is_endless":false,"potions_floor_spawned":[6,8,18],"killed_by":"Slavers","ascension_level":13}}