{"host":"n4fty02wqqi95laq","time":1612757395,"event":{"mods":["BaseMod","Highlight Path","Minty Spire (QoL Compilation)","Quick Restart","Rare Cards Sparkle","StSLib"],"gold_per_floor":[115,135,210,210,135,161,161,188,212,212,243,243,253,269,269,341,341,353,364,364,146,146,179,179,207,207,232,250,125,125,145,145,222,222,232,282,296,133,182,182,182,182,209,228,246,274,288,300,300,300,300],"floor_reached":50,"language":"ZHS","playtime":1480,"items_purged":["Defend_P","Strike_P","Strike_P"],"score":1356,"play_id":"b9d3dd6f-52d7-497f-8c31-dc8298eae4d1","local_time":"20210208120955","is_ascension_mode":true,"campfire_choices":[{"data":"Eruption","floor":7.0,"key":"SMITH"},{"floor":10.0,"key":"REST"},{"data":"MentalFortress","floor":15.0,"key":"SMITH"},{"data":"Wallop","floor":24.0,"key":"SMITH"},{"floor":30.0,"key":"REST"},{"data":"Pray","floor":32.0,"key":"SMITH"},{"data":"Scrawl","floor":40.0,"key":"SMITH"},{"data":"Prostrate","floor":42.0,"key":"SMITH"},{"floor":49.0,"key":"RECALL"}],"circlet_count":0,"master_deck":["AscendersBane","Strike_P+1","Defend_P","Defend_P+1","Defend_P","Eruption+1","Vigilance","WheelKick","CutThroughFate","Judgement","BowlingBash","MentalFortress+1","FlurryOfBlows","Brilliance","Tantrum","EmptyMind","Fasting2","Pray+1","Wallop+1","InnerPeace","Prostrate+1","Scrawl+1","FearNoEvil","Devotion"],"relics":["PureWater","NeowsBlessing","Regal Pillow","Shuriken","Bag of Preparation","Bottled Flame","Philosopher\u0027s Stone","Art of War","Prayer Wheel","Bird Faced Urn","Question Card","Darkstone Periapt","VioletLotus","ClockworkSouvenir","Peace Pipe","Toy Ornithopter"],"acts_visited":["Exordium","TheCity","TheBeyond"],"potions_floor_usage":[50],"damage_taken":[{"damage":0.0,"enemies":"Small Slimes","floor":1.0,"turns":2.0},{"damage":0.0,"enemies":"2 Louse","floor":2.0,"turns":1.0},{"damage":0.0,"enemies":"3 Sentries","floor":6.0,"turns":1.0},{"damage":18.0,"enemies":"Gremlin Nob","floor":8.0,"turns":3.0},{"damage":2.0,"enemies":"3 Sentries","floor":11.0,"turns":3.0},{"damage":0.0,"enemies":"Cultist","floor":13.0,"turns":1.0},{"damage":0.0,"enemies":"Large Slime","floor":14.0,"turns":3.0},{"damage":41.0,"enemies":"The Guardian","floor":16.0,"turns":7.0},{"damage":0.0,"enemies":"Chosen","floor":18.0,"turns":2.0},{"damage":7.0,"enemies":"2 Thieves","floor":19.0,"turns":2.0},{"damage":7.0,"enemies":"Slavers","floor":23.0,"turns":2.0},{"damage":0.0,"enemies":"Gremlin Leader","floor":25.0,"turns":4.0},{"damage":18.0,"enemies":"Book of Stabbing","floor":27.0,"turns":4.0},{"damage":0.0,"enemies":"3 Cultists","floor":28.0,"turns":2.0},{"damage":0.0,"enemies":"Shelled Parasite and Fungi","floor":31.0,"turns":1.0},{"damage":0.0,"enemies":"Automaton","floor":33.0,"turns":5.0},{"damage":3.0,"enemies":"3 Shapes","floor":35.0,"turns":4.0},{"damage":0.0,"enemies":"3 Darklings","floor":37.0,"turns":3.0},{"damage":35.0,"enemies":"2 Orb Walkers","floor":39.0,"turns":3.0},{"damage":0.0,"enemies":"Nemesis","floor":41.0,"turns":2.0},{"damage":2.0,"enemies":"Writhing Mass","floor":44.0,"turns":3.0},{"damage":0.0,"enemies":"Transient","floor":45.0,"turns":6.0},{"damage":20.0,"enemies":"Reptomancer","floor":46.0,"turns":3.0},{"damage":18.0,"enemies":"3 Darklings","floor":47.0,"turns":3.0},{"damage":0.0,"enemies":"Maw","floor":48.0,"turns":4.0},{"damage":11,"enemies":"Awakened One","floor":50,"turns":2}],"seed_played":"8642418049693426008","potions_obtained":[{"floor":8.0,"key":"Fruit Juice"},{"floor":11.0,"key":"GamblersBrew"},{"floor":14.0,"key":"Strength Potion"},{"floor":16.0,"key":"Dexterity Potion"},{"floor":20.0,"key":"DistilledChaos"},{"floor":25.0,"key":"Swift Potion"},{"floor":27.0,"key":"Weak Potion"},{"floor":31.0,"key":"DuplicationPotion"},{"floor":39.0,"key":"SmokeBomb"},{"floor":46.0,"key":"SteroidPotion"}],"is_trial":false,"path_per_floor":["M","M","?","?","$","E","R","E","T","R","E","?","M","M","R","B",null,"M","M","?","$","T","E","R","E","T","E","M","$","R","M","R","B",null,"M","?","M","$","?","R","E","R","T","M","M","E","M","M","R","B"],"character_chosen":"WATCHER","items_purchased":["Fasting2","Pray","ClockworkSouvenir"],"campfire_rested":2,"item_purchase_floors":[21,21,38],"current_hp_per_floor":[61,61,50,30,30,30,30,12,12,47,45,45,45,50,50,9,57,57,50,50,50,50,43,43,43,43,27,27,27,63,63,63,67,72,72,72,73,73,42,42,44,44,44,46,50,34,20,26,26,22,22],"gold":300,"neow_bonus":"THREE_ENEMY_KILL","is_daily":false,"chose_seed":false,"campfire_upgraded":6,"win_rate":0.0,"timestamp":1612757395,"path_taken":["M","M","?","?","$","E","R","E","T","R","E","?","?","M","R","BOSS","M","M","?","$","?","E","R","E","T","E","M","?","R","M","R","BOSS","M","?","?","$","?","R","E","R","T","M","M","E","M","M","R","BOSS"],"items_purchased_type":["Card","Card","Relic"],"build_version":"2020-12-22","purchased_purges":3,"victory":false,"max_hp_per_floor":[68,68,68,68,68,68,68,68,68,68,68,68,68,73,73,73,73,73,73,73,73,73,73,73,73,73,73,73,73,73,73,73,73,73,73,73,73,73,73,73,73,73,73,73,73,73,73,73,73,73,73],"card_choices":[{"not_picked":["Prostrate","SashWhip"],"picked":"WheelKick","floor":1.0},{"not_picked":["ThirdEye","Evaluate"],"picked":"CutThroughFate","floor":2.0},{"not_picked":["FollowUp","EmptyFist"],"picked":"Judgement","floor":6.0},{"not_picked":["FlyingSleeves","EmptyBody"],"picked":"BowlingBash","floor":8.0},{"not_picked":["ClearTheMind","TalkToTheHand"],"picked":"MentalFortress","floor":11.0},{"not_picked":["SashWhip","PathToVictory"],"picked":"FlurryOfBlows","floor":13.0},{"not_picked":["Consecrate","Protect","FlyingSleeves"],"picked":"SKIP","floor":14.0},{"not_picked":["Ragnarok","Alpha"],"picked":"Brilliance","floor":16.0},{"not_picked":["EmptyBody","Protect"],"picked":"Tantrum","floor":18.0},{"not_picked":["Protect","WreathOfFlame"],"picked":"EmptyMind","floor":19.0},{"not_picked":["EmptyBody","Protect"],"picked":"Wallop","floor":23.0},{"not_picked":["Alpha","EmptyFist","Swivel"],"picked":"SKIP","floor":25.0},{"not_picked":["EmptyBody","Perseverance","WheelKick","Collect"],"picked":"SKIP","floor":27.0},{"not_picked":["SignatureMove+1","Halt","SashWhip"],"picked":"InnerPeace","floor":28.0},{"not_picked":["EmptyFist","DeceiveReality","Perseverance","Halt"],"picked":"SKIP","floor":28.0},{"not_picked":["Perseverance","Crescendo","FlyingSleeves"],"picked":"Prostrate","floor":31.0},{"not_picked":["Perseverance","ClearTheMind+1","CrushJoints","Wireheading"],"picked":"SKIP","floor":31.0},{"not_picked":["Ragnarok","Brilliance","SpiritShield"],"picked":"Scrawl","floor":33.0},{"not_picked":["LikeWater","ThirdEye","FlurryOfBlows","WreathOfFlame+1"],"picked":"SKIP","floor":35.0},{"not_picked":["Conclude","BattleHymn+1","EmptyBody","FollowUp"],"picked":"SKIP","floor":35.0},{"not_picked":["LikeWater","ThirdEye","FlurryOfBlows","WreathOfFlame+1"],"picked":"SKIP","floor":35.0},{"not_picked":["Conclude","BattleHymn+1","EmptyBody","FollowUp"],"picked":"SKIP","floor":35.0},{"not_picked":["Prostrate","Halt","Fasting2","FollowUp"],"picked":"SKIP","floor":37.0},{"not_picked":["Establishment","Crescendo","Evaluate+1","Conclude+1"],"picked":"SKIP","floor":37.0},{"not_picked":["JustLucky+1","Halt","WindmillStrike+1"],"picked":"FearNoEvil","floor":44.0},{"not_picked":["WheelKick+1","PathToVictory+1","Study","CutThroughFate"],"picked":"SKIP","floor":44.0},{"not_picked":["Protect","ClearTheMind","EmptyMind","Swivel+1"],"picked":"SKIP","floor":45.0},{"not_picked":["BowlingBash","Crescendo","SpiritShield","Consecrate"],"picked":"SKIP","floor":45.0},{"not_picked":["Protect","ClearTheMind","EmptyMind","Swivel+1"],"picked":"SKIP","floor":45.0},{"not_picked":["BowlingBash","Crescendo","SpiritShield","Consecrate"],"picked":"SKIP","floor":45.0},{"not_picked":["EmptyBody+1","FlurryOfBlows","Sanctity"],"picked":"Devotion","floor":46.0},{"not_picked":["PathToVictory","Collect","ThirdEye","FlyingSleeves"],"picked":"SKIP","floor":47.0},{"not_picked":["FlyingSleeves+1","Halt","Crescendo","EmptyBody"],"picked":"SKIP","floor":47.0},{"not_picked":["Halt","SashWhip","Evaluate","WreathOfFlame"],"picked":"SKIP","floor":48.0},{"not_picked":["Tantrum","Wallop","Crescendo","CutThroughFate"],"picked":"SKIP","floor":48.0}],"player_experience":705706,"relics_obtained":[{"floor":6.0,"key":"Regal Pillow"},{"floor":8.0,"key":"Shuriken"},{"floor":9.0,"key":"Bag of Preparation"},{"floor":11.0,"key":"Bottled Flame"},{"floor":22.0,"key":"Art of War"},{"floor":23.0,"key":"Prayer Wheel"},{"floor":25.0,"key":"Bird Faced Urn"},{"floor":26.0,"key":"Question Card"},{"floor":27.0,"key":"Darkstone Periapt"},{"floor":39.0,"key":"Peace Pipe"},{"floor":46.0,"key":"Toy Ornithopter"}],"event_choices":[{"damage_healed":0.0,"max_hp_gain":0.0,"max_hp_loss":0.0,"gold_gain":75.0,"event_name":"World of Goop","player_choice":"Gather Gold","floor":3.0,"gold_loss":0.0,"damage_taken":11.0},{"damage_healed":0.0,"max_hp_gain":0.0,"max_hp_loss":0.0,"gold_gain":0.0,"event_name":"Shining Light","player_choice":"Entered Light","floor":4.0,"gold_loss":0.0,"damage_taken":20.0,"cards_upgraded":["Strike_P","Defend_P"]},{"cards_removed":["Strike_P"],"damage_healed":0.0,"max_hp_gain":0.0,"max_hp_loss":0.0,"gold_gain":0.0,"event_name":"Wheel of Change","player_choice":"Card Removal","floor":12.0,"gold_loss":0.0,"damage_taken":0.0},{"damage_healed":0.0,"max_hp_gain":0.0,"max_hp_loss":0.0,"gold_gain":0.0,"event_name":"Lab","player_choice":"Got Potions","floor":20.0,"gold_loss":0.0,"damage_taken":0.0},{"damage_healed":0.0,"max_hp_gain":0.0,"max_hp_loss":0.0,"gold_gain":50.0,"event_name":"Golden Shrine","player_choice":"Pray","floor":36.0,"gold_loss":0.0,"damage_taken":0.0},{"damage_healed":0.0,"max_hp_gain":0.0,"max_hp_loss":0.0,"gold_gain":0.0,"event_name":"Mysterious Sphere","player_choice":"Fight","floor":39.0,"gold_loss":0.0,"damage_taken":0.0}],"is_beta":false,"boss_relics":[{"not_picked":["Runic Dome","Snecko Eye"],"picked":"Philosopher\u0027s Stone"},{"not_picked":["Sozu","Fusion Hammer"],"picked":"VioletLotus"}],"items_purged_floors":[5,21,29],"is_endless":false,"potions_floor_spawned":[8,11,14,16,25,27,31,35,39,41,46],"killed_by":"Awakened One","ascension_level":20}}