{"host":"psytf3wd8ccrk52d","time":1612799098,"event":{"mods":["100% Spire Juice","2.2 Compatiblity","A Magickal Journey","Act Like it!","Arknights","Astrologer","Bartender","BaseMod","Beaked The Cultist","Bestiary","Better Note","Better Third Choice","BetterRewards","CapriCore","CatGirl Mod","Challenge The Spire","Clockwork Mod","Colored Map","Colored Powertips","Conspire","Curses Come First","Dio Mod","Downfall","Ekko","Fiend Mod","Friendly Minions","FutureSeer","Halation","Hermit","Hubris","Infinite Spire","JesterMod","Luminous","Marisa????????","Mathematician","Mimic Mod","Minty Spire (QoL Compilation)","Permanent Neow","Poor People Problems","Prisma Mod","Reliquary","Remilia??????","Replay The Spire","Robot Space Explorer","SIMod","SOS???????","Shade Mod","Shop Mod","Somnambulant","Spicy Shops","Spikes Relics","Spire Arcade","StSLib","The Accelerator","The Alterego","The Blackbeard","The Bug Knight","The Clintock","The Cursed","The Death Knight","The Dragon Tamer","The Elementalist","The Exalted","The Fake Hero","The Florist","The Forsaken","The Gatherer","The Hayseed","The Hierophant","The Immortal","The Judge","The Marked","The Mystic","The Necromancer","The Problem Sleuth","The Runesmith","The Sage","The Saiyan","The Senshi","The Spell Scribe","The Valiant","The Vixen","The Wild Card","The Witch","TheFirefly","TheVacant","Waifu the Spire","Wide Potions","Yohane!","Yuri Mod","thorton","??????REMEMod"],"gold_per_floor":[117,117,117,117,129,129,154,154,154,165,179,179,197,231,231,231,231],"floor_reached":16,"language":"ENG","playtime":513,"items_purged":[],"score":125,"play_id":"24ea6314-68ef-4308-9867-14dc9ca7d243","local_time":"20210208154458","is_ascension_mode":false,"campfire_choices":[{"data":"Athame","floor":6,"key":"SMITH"},{"data":"SummonCatFamiliar","floor":8,"key":"SMITH"},{"data":"Pot Of Greed","floor":15,"key":"SMITH"}],"circlet_count":0,"master_deck":["Strike_Witch","Strike_Witch","Strike_Witch","Strike_Witch","Defend_Witch","Defend_Witch","Defend_Witch+1","Defend_Witch","Hexguard","ZombieSpit","Athame+1","IllOmen","SummonCatFamiliar+1","MortusClaw","Schadenfreude","Specialist","infinitespire:Pacifist","MementoMori","Pot Of Greed+1","Pot Of Greed","SoulBarrier"],"relics":["BlackCat","REME_ComplimentaryCards","NeowsBlessing","hubris:Towel","hubris:Icosahedron","reliquary:TridentHead","HollowMod:LifeEnderRelic","halation:PromiseList","Grinning Jar"],"acts_visited":["Exordium"],"potions_floor_usage":[13,14],"damage_taken":[{"damage":0,"enemies":"Small Slimes","floor":1,"turns":1},{"damage":0,"enemies":"2 Louse","floor":5,"turns":1},{"damage":0,"enemies":"3 Sentries","floor":7,"turns":2},{"damage":4,"enemies":"ats:Genji","floor":10,"turns":4},{"damage":18,"enemies":"3 Louse","floor":11,"turns":2},{"damage":0,"enemies":"Exordium Wildlife","floor":13,"turns":2},{"damage":11,"enemies":"Exordium Thugs","floor":14,"turns":6},{"damage":43,"enemies":"The Guardian","floor":16,"turns":2}],"seed_played":"-7474020253236894462","potions_obtained":[{"floor":7,"key":"DistilledChaos"}],"is_trial":false,"path_per_floor":["M","?","?","?","M","R","E","R","T","M","M","?","M","MIM","R","B"],"character_chosen":"WITCH","items_purchased":[],"campfire_rested":0,"item_purchase_floors":[],"current_hp_per_floor":[67,67,67,67,67,67,67,67,67,65,47,47,47,36,36,0,0],"gold":231,"neow_bonus":"THREE_ENEMY_KILL","is_daily":false,"chose_seed":false,"campfire_upgraded":3,"win_rate":0.0,"timestamp":1612799098,"path_taken":["M","?","?","?","M","R","E","R","T","M","M","?","?","?","R","BOSS"],"items_purchased_type":[],"build_version":"2020-12-22","purchased_purges":0,"victory":false,"max_hp_per_floor":[67,67,67,67,67,67,67,67,67,67,67,67,67,67,67,67,67],"card_choices":[{"not_picked":["CursedBlade","LivingBomb"],"picked":"Athame","floor":1},{"not_picked":["WretchedNails","PainBolt"],"picked":"IllOmen","floor":5},{"not_picked":["Puncture","RiteOfWinter"],"picked":"SummonCatFamiliar","floor":7},{"not_picked":["SummonCatFamiliar","RiteOfSpring"],"picked":"MortusClaw","floor":10},{"not_picked":["Bewitch","NighInvulnerability"],"picked":"Schadenfreude","floor":11},{"not_picked":["Decrepify","SummonCatFamiliar"],"picked":"MementoMori","floor":13},{"not_picked":["Athame","Schadenfreude"],"picked":"SoulBarrier","floor":14}],"player_experience":263327,"relics_obtained":[{"floor":7,"key":"reliquary:TridentHead"},{"floor":9,"key":"HollowMod:LifeEnderRelic"},{"floor":14,"key":"halation:PromiseList"},{"floor":14,"key":"Grinning Jar"}],"event_choices":[{"damage_healed":0,"gold_gain":0,"player_choice":"2 cards matched","damage_taken":0,"max_hp_gain":0,"max_hp_loss":0,"event_name":"Match and Keep!","floor":12,"gold_loss":0,"cards_obtained":["Specialist","infinitespire:Pacifist"]}],"is_beta":false,"boss_relics":[],"items_purged_floors":[],"is_endless":false,"potions_floor_spawned":[7,10,11],"killed_by":"The Guardian","ascension_level":0}}