{"host":"j019w4cyowrad0mf","time":1612757826,"event":{"mods":["2.2 Compatiblity","Act Like it!","Arknights","BaseMod","CapriCore","Gensokyo","HololiveMod","Marisa????????","Minty Spire (QoL Compilation)","Rare Cards Sparkle","Reimu??????","StSLib","Waifu the Spire"],"gold_per_floor":[82,114,114,134,154,154,182,182,182,182,194,26,43,43,43,142,142,154,34,34,44,59,59,394,394,418,418,432,461,561,575,575,678,678,695,695,709,709,260,294,294,328,416,657,669,997,1009,1038,1050,1062],"floor_reached":51,"language":"ENG","playtime":3486,"items_purged":[],"score":1466,"play_id":"1417689b-cc02-4692-81f3-f691f8b97835","local_time":"20210207201706","is_ascension_mode":true,"campfire_choices":[{"data":"Hololive_Nanodesu","floor":6.0,"key":"SMITH"},{"data":"Hololive_CallDoris","floor":8.0,"key":"SMITH"},{"data":"Hololive_CallHoushouMarine","floor":10.0,"key":"SMITH"},{"data":"Hololive_CallOzoraSubaru","floor":15.0,"key":"SMITH"},{"data":"Hololive_CallFriendA","floor":23.0,"key":"SMITH"},{"data":"Hololive_CallYozoraMel","floor":25.0,"key":"SMITH"},{"data":"Hololive_CallYuzukiChoco","floor":27.0,"key":"SMITH"},{"data":"Hololive_CallOmaruPolka","floor":32,"key":"SMITH"},{"data":"Hololive_DDD","floor":41,"key":"SMITH"},{"data":"Hololive_CallNekomataOkayu","floor":45,"key":"SMITH"},{"data":"Hololive_CallArtia","floor":49,"key":"SMITH"}],"circlet_count":0,"master_deck":["Hololive_CallKiryuuCoco","Hololive_CallTokoyamiTowa","Hololive_CallOzoraSubaru+1","Hololive_CallAkaiHaato","Hololive_CallShiranuiFlare+1","Hololive_Nanodesu+1","Hololive_CallArtia+1","Hololive_CallHoushouMarine+1","Hololive_CocoNews+1","Hololive_CallDoris+1","Hololive_CallOkamiMio","Hololive_Breathe+1","Hololive_Rebirth+1","Hololive_CallNakiriAyame+1","Hololive_SoulCatcher+1","Hololive_CallHoshimachiSuisei+1","Hololive_CallYuzukiChoco+1","Writhe","Hololive_CallFriendA+1","Hololive_CallShiroganeNoel","Hololive_CallYozoraMel+1","Hololive_CallOmaruPolka+1","Hololive_HuntDinosaur","Hololive_CallYukihanaLamy+1","Hololive_CallNekomataOkayu+1","Hololive_DDD+1","Hololive_CallMurasakiShion+1","Hololive_Rebound+1","Hololive_OvertimeWork+1","Hololive_Drill+1","Hololive_FlyingPonyTail","Hololive_StarCraft","Hololive_CallRosalyn+1"],"relics":["Hololive_TheStar","Pear","Whetstone","OrangePellets","Gensokyo:OccultBall","Astrolabe","Gensokyo:FoxMask","Happy Flower","Tiny Chest","Nunchaku","TungstenRod","Ginger","Runic Dome","Incense Burner","TentaclePot:ReiMu","Medical Kit","Sundial","War Paint","MawBank","Bottled Flame","Toy Ornithopter","The Courier"],"acts_visited":["Exordium","Gensokyo:Gensokyo","Gensokyo:Gensokyoer"],"potions_floor_usage":[44],"damage_taken":[{"damage":0.0,"enemies":"Gensokyo:2_Kodama","floor":1.0,"turns":4.0},{"damage":0.0,"enemies":"Gensokyo:Cirno","floor":2.0,"turns":7.0},{"damage":0.0,"enemies":"Gensokyo:Python","floor":4.0,"turns":3.0},{"damage":0.0,"enemies":"Gensokyo:Gryphon","floor":5.0,"turns":3.0},{"damage":0.0,"enemies":"Gensokyo:Cirno","floor":7.0,"turns":4.0},{"damage":0.0,"enemies":"Gensokyo:Python_and_Kodama","floor":11.0,"turns":2.0},{"damage":0.0,"enemies":"Gensokyo:2_Rabbits","floor":13.0,"turns":3.0},{"damage":0.0,"enemies":"Gensokyo:Kokoro","floor":16.0,"turns":5.0},{"damage":8.0,"enemies":"Gensokyo:AngelMirror","floor":18.0,"turns":5.0},{"damage":2.0,"enemies":"Gensokyo:2_Gloops","floor":21.0,"turns":3.0},{"damage":0.0,"enemies":"Gensokyo:Wraith","floor":22.0,"turns":3.0},{"damage":0.0,"enemies":"Gensokyo:Tenshi","floor":24.0,"turns":3.0},{"damage":14.0,"enemies":"Gensokyo:Slime_Group","floor":28.0,"turns":4.0},{"damage":0.0,"enemies":"Gensokyo:Koishi","floor":29.0,"turns":4.0},{"damage":0.0,"enemies":"Gensokyo:Koishi","floor":30.0,"turns":4.0},{"damage":4,"enemies":"Gensokyo:Mirror_and_Dog","floor":31,"turns":4},{"damage":0,"enemies":"Gensokyo:Eternal_Rivals","floor":33,"turns":10},{"damage":0,"enemies":"Gensokyo:AncientGuardian","floor":35,"turns":4},{"damage":0,"enemies":"Gensokyo:3_Boulders","floor":37,"turns":3},{"damage":0,"enemies":"Gensokyo:Doremy","floor":40,"turns":5},{"damage":0,"enemies":"Gensokyo:Kasen","floor":42,"turns":5},{"damage":12,"enemies":"Gensokyo:Marisa","floor":44,"turns":4},{"damage":0,"enemies":"Gensokyo:SeedOfUnknown","floor":46,"turns":4},{"damage":13,"enemies":"Gensokyo:4_Bats","floor":48,"turns":3},{"damage":0,"enemies":"Gensokyo:Shinki","floor":50,"turns":6}],"seed_played":"-831114233675238789","potions_obtained":[{"floor":1.0,"key":"Explosive Potion"},{"floor":5.0,"key":"Strength Potion"},{"floor":7.0,"key":"Fire Potion"},{"floor":13.0,"key":"Fire Potion"},{"floor":22.0,"key":"Ancient Potion"},{"floor":30.0,"key":"FairyPotion"},{"floor":31,"key":"MagicPotion:ReiMu"},{"floor":42,"key":"LiquidBronze"},{"floor":48,"key":"SmokeBomb"}],"is_trial":false,"path_per_floor":["M","?","?","M","M","R","E","R","T","R","M","COS","M","?","R","B",null,"M","?","?","M","M","R","E","R","T","R","M","E","?","M","R","B",null,"M","?","M","T","COS","E","R","E","T","E","R","M","?","M","R","B",null],"character_chosen":"Hololive_HololiveCharacter","items_purchased":[],"campfire_rested":0,"item_purchase_floors":[],"current_hp_per_floor":[26,36,36,36,36,36,36,36,36,36,36,36,36,36,36,36,43,35,35,35,33,33,33,33,33,33,33,41,41,45,45,45,45,45,45,45,45,45,45,45,45,45,45,33,33,33,33,20,20,20],"gold":1074,"neow_bonus":"THREE_RARE_CARDS","is_daily":false,"chose_seed":false,"campfire_upgraded":11,"win_rate":0.0,"timestamp":1612757826,"path_taken":["M","?","?","M","?","R","E","R","T","R","M","COS","M","?","R","BOSS","M","?","?","M","?","R","E","R","T","R","M","E","?","?","R","BOSS","M","?","M","?","COS","E","R","E","T","E","R","?","?","M","R","BOSS"],"items_purchased_type":[],"build_version":"2020-12-22","purchased_purges":0,"victory":true,"max_hp_per_floor":[35,45,45,45,45,45,45,45,45,45,45,45,45,45,45,45,45,45,45,45,45,45,45,45,45,45,45,45,45,45,45,45,45,45,45,45,45,45,45,45,45,45,45,45,45,45,45,45,45,45],"card_choices":[{"not_picked":["Hololive_Recruit","Hololive_MaximGun"],"picked":"Hololive_Nanodesu","floor":0.0},{"not_picked":["Hololive_CallCivia","Hololive_LuckPotion","Hololive_Psychosis"],"picked":"Hololive_CallArtia","floor":1.0},{"not_picked":["Hololive_ManjiGathering","Hololive_BringToTrial","Hololive_Sequa"],"picked":"Hololive_CallHoushouMarine","floor":2.0},{"not_picked":["Hololive_WolfAndLamb","Hololive_RevenueBasedLive","Hololive_Drill"],"picked":"Hololive_CocoNews","floor":4.0},{"not_picked":["Hololive_CandyCastle","Hololive_CallOzoraSubaru","Hololive_Sequa"],"picked":"Hololive_Thief","floor":5.0},{"not_picked":["Hololive_Teleport","Hololive_HuntDinosaur","Hololive_CallTokoyamiTowa"],"picked":"Hololive_CallDoris","floor":7.0},{"not_picked":["Hololive_RevenueBasedLive","Hololive_Drill","Hololive_Watashimo"],"picked":"Hololive_CallOkamiMio","floor":11.0},{"not_picked":["Hololive_Psychosis","Hololive_CocoNews","Hololive_Rebound"],"picked":"Hololive_Breathe","floor":13.0},{"not_picked":["Hololive_ScarfAndHalo","Hololive_Thief","Hololive_Nanodesu"],"picked":"Hololive_Rebirth","floor":16.0},{"not_picked":["Hololive_Sequa","Hololive_LuckPotion","Hololive_Psychosis"],"picked":"Hololive_CallYuzukiChoco","floor":18.0},{"not_picked":["Hololive_RevenueBasedLive","Hololive_Breathe","Hololive_CallOkamiMio+1"],"picked":"Hololive_CallFriendA","floor":21.0},{"not_picked":["Hololive_Drill+1","Hololive_CallYukihanaLamy","Hololive_CallShishiroBotan"],"picked":"Hololive_CallShiroganeNoel","floor":22.0},{"not_picked":["Hololive_LuckPotion","Hololive_Nanodesu","Hololive_CocoNews"],"picked":"Hololive_CallYozoraMel","floor":24.0},{"not_picked":["Hololive_OvertimeWork","Hololive_Sequa","Hololive_AWSL"],"picked":"Hololive_CallOmaruPolka","floor":28.0},{"not_picked":["Hololive_CocoNews","Hololive_Psychosis","Hololive_FlyingPonyTail"],"picked":"Hololive_HuntDinosaur","floor":29.0},{"not_picked":["Hololive_Breathe","Hololive_Psychosis","Hololive_Sequa"],"picked":"Hololive_CallYukihanaLamy+1","floor":30.0},{"not_picked":["Hololive_Sequa","Hololive_Psychosis","Hololive_FlyingPonyTail"],"picked":"Hololive_CallNekomataOkayu","floor":31},{"not_picked":["Hololive_ASMR","Hololive_FlareMind","Hololive_Thief"],"picked":"Hololive_DDD","floor":33},{"not_picked":["Hololive_Trident+1","Hololive_Sequa","Hololive_Drill+1"],"picked":"Hololive_CallMurasakiShion+1","floor":35},{"not_picked":["Hololive_FlyingPonyTail","Hololive_HuntDinosaur+1","Hololive_CallAyundaRisu"],"picked":"Hololive_Rebound","floor":37},{"not_picked":["Hololive_Rebound","Hololive_CocoNews+1","Hololive_StrengthChampion+1"],"picked":"Hololive_OvertimeWork+1","floor":40},{"not_picked":["Hololive_StrengthChampion+1","Hololive_HuntDinosaur+1","Hololive_CallHoshimachiSuisei"],"picked":"Hololive_Drill+1","floor":42},{"not_picked":["Hololive_OvertimeWork","Hololive_Rebound","Hololive_CocoNews+1"],"picked":"Hololive_FlyingPonyTail","floor":44},{"not_picked":["Hololive_StrengthChampion","Hololive_ManjiGathering","Hololive_RevenueBasedLive"],"picked":"Hololive_StarCraft","floor":46},{"not_picked":["Hololive_Psychosis","Hololive_CocoNews+1","Hololive_RevenueBasedLive"],"picked":"Hololive_CallRosalyn+1","floor":48}],"player_experience":340966,"relics_obtained":[{"floor":2.0,"key":"Pear"},{"floor":7.0,"key":"Whetstone"},{"floor":16.0,"key":"Gensokyo:OccultBall"},{"floor":24.0,"key":"Happy Flower"},{"floor":26.0,"key":"Tiny Chest"},{"floor":29.0,"key":"Nunchaku"},{"floor":30.0,"key":"TungstenRod"},{"floor":30.0,"key":"Ginger"},{"floor":33,"key":"Gensokyo:OccultBall"},{"floor":35,"key":"Gensokyo:OccultBall"},{"floor":38,"key":"Incense Burner"},{"floor":40,"key":"Sundial"},{"floor":42,"key":"MawBank"},{"floor":43,"key":"Bottled Flame"},{"floor":44,"key":"Toy Ornithopter"}],"event_choices":[],"is_beta":false,"boss_relics":[{"not_picked":["Snecko Eye","Sozu"],"picked":"Astrolabe"},{"not_picked":["Pandora\u0027s Box","Fusion Hammer"],"picked":"Runic Dome"}],"items_purged_floors":[],"is_endless":false,"potions_floor_spawned":[1,5,7,13,22,30,31,33,35,42,48],"ascension_level":5}}