{"host":"mhzgc0zma59jtmoj","time":1612809153,"event":{"mods":["BaseMod","BetterRewards","Custom Start","Fiend Mod","Glutton Mod","Ironclad Rager","Minty Spire (QoL Compilation)","Replay The Spire","Somnambulant","StSLib","The Cursed","The Hierophant","The Jungle","The Marked","The Necromancer"],"gold_per_floor":[12,24,24,34,54,73,107,137,149,173,260,288,300,326,338,448,460,487,172,172,144,202,202,264,327,353,353,378,378,378,438,438,533,533,590,640,640,654,392,392,408,408,408,431,431,458,518,144,144,144,144],"floor_reached":50,"language":"ENG","playtime":2833,"items_purged":["Replay:Hysterical Blindness","Poisoned Stab","Shame","Dodge and Roll+1"],"score":501,"play_id":"29b55eb1-979c-43d0-bbf6-d92be28d4898","local_time":"20210208133233","is_ascension_mode":false,"campfire_choices":[{"floor":13.0,"key":"REST"},{"floor":15.0,"key":"REST"},{"floor":27.0,"key":"REST"},{"data":"Bullet Time","floor":29.0,"key":"SMITH"},{"floor":32,"key":"REST"},{"floor":40,"key":"REST"},{"data":"Adrenaline","floor":42,"key":"SMITH"},{"data":"Replay:Bag of Tricks","floor":45,"key":"SMITH"},{"floor":49,"key":"RECALL"}],"circlet_count":0,"master_deck":["Survivor","Neutralize","Poisoned Stab+1","Poisoned Stab+1","Poisoned Stab+1","Dodge and Roll+1","Dodge and Roll+1","Dodge and Roll+1","Backstab","Adrenaline+1","Bullet Time+1","CurseOfTheBell","Backstab+1","Backflip+1","Cloak And Dagger+1","Replay:Bag of Tricks+1","Backstab+1","Footwork","Expertise"],"relics":["Ring of the Snake","MawBank","Calling Bell","Tiny Chest","Molten Egg 2","Turnip","Ninja Scroll","ReplayTheSpireMod:Ring of Challenge","ReplayTheSpireMod:Ring of Addiction","Potion Belt","SacredBark","ReplayTheSpireMod:CursedCoin","Replay:Baseball","Blood Vial","Toy Ornithopter","Philosopher\u0027s Stone","Thread and Needle","Garlic","Snake Skull","The Courier","ReplayTheSpireMod:Ninjato","BargainBundle"],"acts_visited":["Exordium","TheCity","TheBeyond"],"potions_floor_usage":[35,41,47,50],"damage_taken":[{"damage":0.0,"enemies":"Jaw Worm","floor":1.0,"turns":2.0},{"damage":6.0,"enemies":"2 Louse","floor":2.0,"turns":3.0},{"damage":0.0,"enemies":"Small Slimes","floor":4.0,"turns":2.0},{"damage":0.0,"enemies":"Blue Slaver","floor":5.0,"turns":4.0},{"damage":0.0,"enemies":"Lots of Slimes","floor":6.0,"turns":4.0},{"damage":14.0,"enemies":"Lagavulin","floor":7.0,"turns":6.0},{"damage":0.0,"enemies":"2 Fungi Beasts","floor":8.0,"turns":3.0},{"damage":11.0,"enemies":"3 Louse","floor":10.0,"turns":2.0},{"damage":0.0,"enemies":"Large Slime","floor":12.0,"turns":5.0},{"damage":1.0,"enemies":"Blue Slaver","floor":14.0,"turns":2.0},{"damage":26.0,"enemies":"Fading Forest","floor":16.0,"turns":11.0},{"damage":0.0,"enemies":"Spheric Guardian","floor":18.0,"turns":3.0},{"damage":7.0,"enemies":"Shell Parasite","floor":22.0,"turns":4.0},{"damage":33.0,"enemies":"Shelled Parasite and Fungi","floor":24.0,"turns":7.0},{"damage":6.0,"enemies":"Cultist and Chosen","floor":25.0,"turns":5.0},{"damage":2,"enemies":"Centurion and Healer","floor":31,"turns":6},{"damage":42,"enemies":"Collector","floor":33,"turns":11},{"damage":39,"enemies":"3 Shapes","floor":35,"turns":9},{"damage":2,"enemies":"Mind Bloom Boss Battle","floor":36,"turns":8},{"damage":0,"enemies":"Orb Walker","floor":38,"turns":2},{"damage":2,"enemies":"4 Shapes","floor":41,"turns":5},{"damage":7,"enemies":"R_Hoarder","floor":46,"turns":5},{"damage":0,"enemies":"Maw","floor":47,"turns":6},{"damage":64,"enemies":"Time Eater","floor":50,"turns":10}],"seed_played":"-4797098039026132802","potions_obtained":[{"floor":6.0,"key":"PowerPotion"},{"floor":7.0,"key":"Weak Potion"},{"floor":12.0,"key":"SkillPotion"},{"floor":14.0,"key":"Poison Potion"},{"floor":18.0,"key":"Fire Potion"},{"floor":20.0,"key":"Poison Potion"},{"floor":20.0,"key":"SneckoOil"},{"floor":20.0,"key":"Energy Potion"},{"floor":33,"key":"PowerPotion"},{"floor":35,"key":"EssenceOfSteel"},{"floor":36,"key":"LiquidMemories"},{"floor":41,"key":"SmokeBomb"},{"floor":47,"key":"Explosive Potion"}],"is_trial":false,"path_per_floor":["M","M","?","M","M","M","E","M","T","M","?","M","R","M","R","B",null,"M","$","?","$","M","?","M","M","T","R","T","R","?","M","R","B",null,"M","?","?","M","$","R","M","R","T","T","R","E","M","$","R","B"],"character_chosen":"THE_SILENT","items_purchased":["Ninja Scroll","ReplayTheSpireMod:CursedCoin","Backstab+1","Backstab+1","Footwork","ReplayTheSpireMod:Ninjato","BargainBundle","Expertise"],"campfire_rested":5,"item_purchase_floors":[19,21,21,39,39,48,48,48],"current_hp_per_floor":[45,39,39,39,39,39,25,25,25,14,3,3,21,20,38,22,63,63,63,63,63,56,56,23,17,17,35,35,35,35,35,53,13,59,20,20,20,22,22,39,44,44,44,44,44,39,46,46,46,0,0],"gold":144,"neow_bonus":"SILENT_ASSASSIN","is_daily":false,"chose_seed":false,"campfire_upgraded":3,"win_rate":0.0,"timestamp":1612809153,"path_taken":["M","M","?","M","M","M","E","M","T","M","?","M","R","M","R","BOSS","M","$","?","$","M","?","?","M","T","R","?","R","?","M","R","BOSS","M","?","?","M","$","R","M","R","T","?","R","E","M","$","R","BOSS"],"items_purchased_type":["Relic","Relic","Card","Card","Card","Relic","Relic","Card"],"build_version":"2020-12-22","purchased_purges":4,"victory":false,"max_hp_per_floor":[63,63,63,63,63,63,63,63,63,63,63,63,63,63,63,63,63,63,63,63,63,63,63,63,63,63,63,63,61,61,61,61,59,59,59,59,59,59,57,57,57,57,57,57,55,55,55,55,55,55,55],"card_choices":[{"not_picked":["Outmaneuver","Acrobatics"],"picked":"Backstab","floor":1.0},{"not_picked":["Backflip","Skewer","Noxious Fumes"],"picked":"SKIP","floor":2.0},{"not_picked":["Deflect","Outmaneuver","Tactician"],"picked":"SKIP","floor":4.0},{"not_picked":["Slice","Poisoned Stab","Cloak And Dagger"],"picked":"SKIP","floor":5.0},{"not_picked":["Outmaneuver","ReplayTheSpireMod:Exploit Weakness"],"picked":"Adrenaline","floor":6.0},{"not_picked":["Slice","Catalyst","Cloak And Dagger"],"picked":"SKIP","floor":7.0},{"not_picked":["Blade Dance","Backflip","Slice"],"picked":"SKIP","floor":8.0},{"not_picked":["Terror","Replay:Bag of Tricks","Dodge and Roll"],"picked":"SKIP","floor":10.0},{"not_picked":["Dodge and Roll","Choke","Underhanded Strike"],"picked":"SKIP","floor":12.0},{"not_picked":["Deadly Poison","Catalyst","Draining Mist"],"picked":"SKIP","floor":14.0},{"not_picked":["Burst","Malaise"],"picked":"Bullet Time","floor":16.0},{"not_picked":["Poisoned Stab+1","Bane+1","Prepared"],"picked":"SKIP","floor":18.0},{"not_picked":["Bouncing Flask","ReplayTheSpireMod:Tripwire+1","Poisoned Stab+1"],"picked":"SKIP","floor":22.0},{"not_picked":["Flying Knee+1","Tactician+1"],"picked":"Backflip+1","floor":24.0},{"not_picked":["Heel Hook+1","Blade Dance"],"picked":"Cloak And Dagger+1","floor":25.0},{"not_picked":["Noxious Fumes","Dagger Throw+1","Tactician"],"picked":"SKIP","floor":31},{"not_picked":["Poison Darts","Bullet Time"],"picked":"Replay:Bag of Tricks","floor":33},{"not_picked":["Backflip","Predator+1","Calculated Gamble+1"],"picked":"SKIP","floor":35},{"not_picked":["Backflip+1","Dagger Spray+1","Dagger Throw+1"],"picked":"SKIP","floor":38},{"not_picked":["Deadly Poison","Well Laid Plans+1","Draining Mist"],"picked":"SKIP","floor":41},{"not_picked":["Flying Knee+1","Flechettes+1","Quick Slash+1"],"picked":"SKIP","floor":46},{"not_picked":["Backflip","Outmaneuver","Crippling Poison+1"],"picked":"SKIP","floor":47}],"player_experience":264184,"relics_obtained":[{"floor":7.0,"key":"MawBank"},{"floor":17.0,"key":"Tiny Chest"},{"floor":17.0,"key":"Molten Egg 2"},{"floor":17.0,"key":"Turnip"},{"floor":20.0,"key":"ReplayTheSpireMod:Ring of Challenge"},{"floor":20.0,"key":"ReplayTheSpireMod:Ring of Addiction"},{"floor":20.0,"key":"Potion Belt"},{"floor":20.0,"key":"SacredBark"},{"floor":26.0,"key":"Replay:Baseball"},{"floor":28.0,"key":"Blood Vial"},{"floor":31,"key":"Toy Ornithopter"},{"floor":36,"key":"Thread and Needle"},{"floor":43,"key":"Garlic"},{"floor":44,"key":"Snake Skull"},{"floor":46,"key":"The Courier"}],"event_choices":[{"cards_removed":["Dodge and Roll"],"damage_healed":0.0,"max_hp_gain":0.0,"max_hp_loss":0.0,"gold_gain":0.0,"event_name":"Living Wall","player_choice":"Forget","floor":3.0,"gold_loss":0.0,"damage_taken":0.0},{"damage_healed":0.0,"max_hp_gain":0.0,"max_hp_loss":0.0,"gold_gain":75.0,"event_name":"World of Goop","player_choice":"Gather Gold","floor":11.0,"gold_loss":0.0,"damage_taken":11.0},{"damage_healed":0.0,"max_hp_gain":0.0,"max_hp_loss":0.0,"gold_gain":0.0,"event_name":"Match and Keep!","player_choice":"0 cards matched","floor":23.0,"gold_loss":0.0,"damage_taken":0.0,"cards_obtained":[]},{"damage_healed":0.0,"max_hp_gain":0.0,"max_hp_loss":0.0,"gold_gain":0.0,"event_name":"Back to Basics","player_choice":"Simplicity","floor":30.0,"gold_loss":0.0,"damage_taken":0.0,"cards_upgraded":["Poisoned Stab","Poisoned Stab","Poisoned Stab","Poisoned Stab","Dodge and Roll","Dodge and Roll","Dodge and Roll","Dodge and Roll"]},{"damage_healed":0,"gold_gain":0,"player_choice":"Fight","damage_taken":0,"max_hp_gain":0,"max_hp_loss":0,"event_name":"MindBloom","floor":36,"gold_loss":0},{"cards_removed":["Poisoned Stab"],"damage_healed":0,"gold_gain":0,"player_choice":"Removed Attack","damage_taken":0,"max_hp_gain":0,"max_hp_loss":0,"event_name":"Falling","floor":37,"gold_loss":0}],"is_beta":false,"boss_relics":[{"not_picked":["Honey Jar","ReplayTheSpireMod:DimensionalGlitch"],"picked":"Calling Bell"},{"not_picked":["HoveringKite","SlaversCollar"],"picked":"Philosopher\u0027s Stone"}],"items_purged_floors":[19,21,39,48],"is_endless":false,"potions_floor_spawned":[6,7,12,14,18,33,35,36,41,47],"killed_by":"Time Eater","ascension_level":0}}