{"host":"8iaoobhpyvel1t4g","time":1612782319,"event":{"mods":["Aspiration","BaseMod","Beaked The Cultist","Clawfect","Colored Map","Conspire","Energized Spire","Friendly Minions","Glutton Mod","Halation","Highlight Path","Hubris","Infinite Spire","Jedi Mod","Minty Spire (QoL Compilation)","Permanent Neow","Quick Restart","Replay The Spire","Shop Mod","StSLib","SuperFastMode","The Jungle"],"gold_per_floor":[61,77,77,29,49,49,81,91,141,141,153,173,173,188,188,285,285,302,316,316,335,347,347,359,359,435,435,452,313,324,350,350,453,453,465,465,465,483,150,211,211,259,259,308,308,308,318,343,343,343],"floor_reached":51,"language":"ENG","playtime":3494,"items_purged":["conspire:GhostlyStrike"],"score":858,"play_id":"0abce97b-77fc-47ae-b582-53a8f2f9d308","local_time":"20210208060519","is_ascension_mode":false,"campfire_choices":[{"data":"Glutton:GuardStance","floor":6.0,"key":"SMITH"},{"floor":10.0,"key":"REST"},{"data":"Glutton:DecrepitStrike","floor":15.0,"key":"SMITH"},{"floor":23.0,"key":"REST"},{"data":"Glutton:GoldenArmor","floor":25.0,"key":"SMITH"},{"data":"Glutton:Avarice","floor":32.0,"key":"SMITH"},{"data":"infinitespire:SevenWalls","floor":41.0,"key":"SMITH"},{"data":"Glutton:ShareWeakness","floor":45.0,"key":"SMITH"},{"floor":49,"key":"REST"}],"circlet_count":0,"master_deck":["conspire:GhostlyStrike","conspire:GhostlyStrike","conspire:GhostlyStrike","conspire:GhostlyStrike","Glutton:Flail","Glutton:Toxicity","Glutton:Feed","Glutton:ShareWeakness+1","Glutton:GuardStance+1","Glutton:DecrepitStrike+1","Glutton:Thrombosis","Poisoned Stab","Heel Hook","Blur","Glutton:ShedFat","Glutton:StarvationMode","Glutton:GuardStance","Glutton:PainMeditation+1","Glutton:GoldenArmor+1","Glutton:Devour+1","Glutton:Chomp","theJungle:Gourd","theJungle:Gourd","theJungle:Gourd","theJungle:Gourd","theJungle:Gourd","Glutton:Strain+1","Glutton:Treasure","Glutton:Fever","Glutton:Avarice+1","Glutton:EatAlive","infinitespire:SevenWalls+1","Glutton:ShedFat+1","Glutton:SelfFlagellate+1","Glutton:Migraine","Glutton:FeebleKick","Glutton:Scab+1","Parasite","Glutton:ToxicResidue+1","Sickly","Glutton:PainMeditation+1","Glutton:Revivification+1"],"relics":["Glutton:EternalHunger","Glutton:DoggyBag","energizedSpire:HugeHouse","ReplayFunnel","Boot","Sozu","theJungle:WildStrawberry","White Beast Statue","aspiration:HatOfInfinitePower","beaked:SacredDeck","Bag of Preparation","halation:AfternoonTea","aspiration:AnachronicSnailShell","Ring of Fury","Pantograph"],"acts_visited":["Exordium","theJungle:Jungle","TheBeyond"],"potions_floor_usage":[],"damage_taken":[{"damage":13.0,"enemies":"Small Slimes","floor":1.0,"turns":3.0},{"damage":17.0,"enemies":"Jaw Worm","floor":2.0,"turns":3.0},{"damage":23.0,"enemies":"Cultist","floor":5.0,"turns":4.0},{"damage":49.0,"enemies":"Lagavulin","floor":7.0,"turns":5.0},{"damage":22.0,"enemies":"3 Louse","floor":8.0,"turns":3.0},{"damage":31.0,"enemies":"Lots of Slimes","floor":11.0,"turns":3.0},{"damage":11.0,"enemies":"2 Fungi Beasts","floor":12.0,"turns":3.0},{"damage":25.0,"enemies":"Looter","floor":14.0,"turns":4.0},{"damage":47.0,"enemies":"Hexaghost","floor":16.0,"turns":7.0},{"damage":42.0,"enemies":"theJungle:MUSHROOMGANG","floor":18.0,"turns":4.0},{"damage":54.0,"enemies":"theJungle:GiantWrat","floor":19.0,"turns":4.0},{"damage":57.0,"enemies":"theJungle:SlimyTreeVines","floor":21.0,"turns":6.0},{"damage":17.0,"enemies":"theJungle:JungleHuntersEncounter","floor":22.0,"turns":6.0},{"damage":12.0,"enemies":"theJungle:Lyon","floor":24.0,"turns":3.0},{"damage":41.0,"enemies":"theJungle:2_Snecko_Cultists","floor":28.0,"turns":8.0},{"damage":32.0,"enemies":"Snake Plant","floor":30.0,"turns":4.0},{"damage":49.0,"enemies":"theJungle:Cassacara","floor":31.0,"turns":8.0},{"damage":75.0,"enemies":"theJungle:QueenSpyder","floor":33.0,"turns":8.0},{"damage":3.0,"enemies":"3 Shapes","floor":35.0,"turns":2.0},{"damage":18.0,"enemies":"Orb Walker","floor":38.0,"turns":3.0},{"damage":77.0,"enemies":"Nemesis","floor":40.0,"turns":7.0},{"damage":97.0,"enemies":"Writhing Mass","floor":42.0,"turns":8.0},{"damage":71.0,"enemies":"Jaw Worm Horde","floor":44.0,"turns":5.0},{"damage":23,"enemies":"Sphere and 2 Shapes","floor":47,"turns":4},{"damage":26,"enemies":"Nightmare","floor":48,"turns":5},{"damage":149,"enemies":"conspire:OrnateMirror","floor":50,"turns":8}],"seed_played":"-8254632790981302014","potions_obtained":[{"floor":2.0,"key":"DuplicationPotion"},{"floor":5.0,"key":"ColorlessPotion"},{"floor":14.0,"key":"Swift Potion"},{"floor":16.0,"key":"SteroidPotion"}],"is_trial":false,"path_per_floor":["M","M","?","$","M","R","E","M","T","R","M","M","?","M","R_BF","B",null,"M","M","?","M","M","R","M","R","T","?","M","$","M","E","R_BF","B",null,"M","?","?","M","$","E","R","M","T","M","R","?","M","NM","R","B",null],"character_chosen":"GLUTTON","items_purchased":["Glutton:GuardStance","Glutton:Treasure","Glutton:Migraine","Bag of Preparation","Glutton:FeebleKick"],"campfire_rested":3,"item_purchase_floors":[4,29,39,39,39],"current_hp_per_floor":[102,85,85,85,73,73,46,39,39,78,50,51,51,44,44,18,137,99,71,64,42,43,88,94,94,94,94,98,98,77,76,76,43,163,160,160,160,152,152,111,111,88,88,67,67,67,65,108,169,115],"gold":343,"neow_bonus":"DOUBLE_BOSS_RELIC","is_daily":false,"chose_seed":false,"campfire_upgraded":6,"win_rate":0.0,"timestamp":1612782319,"path_taken":["M","M","?","?","M","R","E","M","T","R","M","?","?","M","R_BF","BOSS","M","?","?","M","M","R","M","R","T","?","M","?","?","E","R_BF","BOSS","M","?","?","M","$","E","R","M","T","M","R","?","M","NM","R","BOSS"],"items_purchased_type":["Card","Card","Card","Relic","Card"],"build_version":"2020-12-22","purchased_purges":1,"victory":true,"max_hp_per_floor":[115,115,115,115,118,118,128,131,131,131,134,134,134,137,137,137,137,140,140,147,147,150,150,150,150,150,150,150,150,150,163,163,163,163,163,163,163,163,163,173,173,180,180,185,185,185,188,205,205,214],"card_choices":[{"not_picked":["Glutton:KneeJerk","Glutton:PainMeditation"],"picked":"Glutton:Feed","floor":1.0},{"not_picked":["Glutton:GnawingHunger","Glutton:KneeJerk"],"picked":"Glutton:ShareWeakness","floor":2.0},{"not_picked":["Glutton:Chrysosphagy","Glutton:GnawingHunger","Glutton:Throb"],"picked":"SKIP","floor":5.0},{"not_picked":["Glutton:Scab","Glutton:Retaliation","Glutton:Tantrum"],"picked":"SKIP","floor":7.0},{"not_picked":["Glutton:Tantrum","Glutton:Feed"],"picked":"Glutton:DecrepitStrike","floor":8.0},{"not_picked":["Glutton:Vitality","Glutton:Yearn","Glutton:Loot"],"picked":"SKIP","floor":11.0},{"not_picked":["Glutton:Devour","Glutton:ObsessiveGreed"],"picked":"Glutton:Thrombosis","floor":12.0},{"not_picked":["Glutton:Rapacity","Glutton:GnawingHunger"],"picked":"Glutton:ShedFat","floor":14.0},{"not_picked":["Glutton:Avarice","Glutton:Megrim"],"picked":"Glutton:StarvationMode","floor":16.0},{"not_picked":["Glutton:Slam","Glutton:LashOut+1"],"picked":"Glutton:GuardStance","floor":18.0},{"not_picked":["Glutton:Salivate+1","Glutton:Clot"],"picked":"Glutton:PainMeditation+1","floor":19.0},{"not_picked":["Glutton:LashOut","Glutton:SelfFlagellate+1"],"picked":"Glutton:GoldenArmor","floor":21.0},{"not_picked":["Glutton:Overreach","Glutton:Tumor"],"picked":"Glutton:Devour+1","floor":22.0},{"not_picked":["Glutton:Profligacy","Glutton:Demolish+1"],"picked":"Glutton:Chomp","floor":24.0},{"not_picked":["Glutton:Fever","Glutton:DistilledAgony"],"picked":"Glutton:Strain+1","floor":28.0},{"not_picked":["Glutton:Brace","Glutton:Reminisce"],"picked":"Glutton:Fever","floor":30.0},{"not_picked":["Glutton:KneeJerk","Glutton:StarvationMode"],"picked":"Glutton:Avarice","floor":31.0},{"not_picked":["Glutton:FragileMight","Glutton:Retaliation"],"picked":"Glutton:EatAlive","floor":33.0},{"not_picked":["Glutton:KneeJerk","Glutton:Bite"],"picked":"Glutton:ShedFat+1","floor":35.0},{"not_picked":["Glutton:GnawingHunger","Glutton:BloodyKnuckle"],"picked":"Glutton:SelfFlagellate+1","floor":38.0},{"not_picked":["Glutton:Chrysosphagy","Glutton:GnawingHunger+1"],"picked":"Glutton:Scab+1","floor":40.0},{"not_picked":["Glutton:Toxicity+1","Glutton:Chomp"],"picked":"Glutton:ToxicResidue+1","floor":42.0},{"not_picked":["Glutton:Bite","Glutton:Strain","Glutton:GuardStance"],"picked":"SKIP","floor":44.0},{"not_picked":["Glutton:Loot","Glutton:Nostalgia"],"picked":"Glutton:PainMeditation+1","floor":47},{"not_picked":["Glutton:Voracity+1","Glutton:Rapacity"],"picked":"Glutton:Revivification+1","floor":48}],"player_experience":320975,"relics_obtained":[{"floor":7.0,"key":"ReplayFunnel"},{"floor":9.0,"key":"Boot"},{"floor":26.0,"key":"White Beast Statue"},{"floor":31.0,"key":"aspiration:HatOfInfinitePower"},{"floor":40.0,"key":"halation:AfternoonTea"},{"floor":43.0,"key":"aspiration:AnachronicSnailShell"},{"floor":46.0,"key":"Ring of Fury"},{"floor":48,"key":"Pantograph"}],"event_choices":[{"damage_healed":0.0,"max_hp_gain":0.0,"max_hp_loss":0.0,"gold_gain":0.0,"event_name":"conspire:LoneGhost","player_choice":"Agree","floor":3.0,"gold_loss":0.0,"damage_taken":0.0}],"is_beta":false,"boss_relics":[{"not_picked":["hubris:BlackHole","halation:Yufonium"],"picked":"Sozu"},{"not_picked":["aspiration:PoetsPen_weak","energizedSpire:SpiderWeb"],"picked":"beaked:SacredDeck"}],"items_purged_floors":[39],"is_endless":true,"potions_floor_spawned":[2,5,14,16,18,21,22,28,30,31,33,35,38,40,42,44,47,48],"ascension_level":0}}