{"host":"mg6qqnp83j5r6p2r","time":1612808850,"event":{"mods":["BaseMod","Colored Map","Colored Powertips","Highlight Path","Minty Spire (QoL Compilation)","Rare Cards Sparkle","Relic Sorter","Relic Stats","StSLib"],"gold_per_floor":[20,39,52,52,52,80,80,96,149,149,159,12,43,62,62,160,160,175,175,189,189,207,236,236,264,318,354,269,299,314,314,314,314,314],"floor_reached":33,"language":"ENG","playtime":1499,"items_purged":[],"score":468,"play_id":"50e0fb2f-4ba2-4e2d-a62e-aab67400dad9","local_time":"20210208122730","is_ascension_mode":true,"campfire_choices":[{"data":"Neutralize","floor":7,"key":"SMITH"},{"floor":10,"key":"REST"},{"floor":15,"key":"REST"},{"data":"Caltrops","floor":32,"key":"SMITH"}],"circlet_count":0,"master_deck":["Strike_G+1","Defend_G+1","Defend_G+1","Defend_G+1","Defend_G+1","Survivor","Neutralize+1","Dagger Spray+1","Quick Slash+1","Caltrops+1","Caltrops","Caltrops","Glass Knife","After Image","Wraith Form v2+1","Underhanded Strike+1","Expertise+1","Blade Dance","Ghostly","Ghostly","Ghostly","Ghostly","Ghostly","Infinite Blades","Skewer+1"],"relics":["Ring of the Snake","Paper Crane","Juzu Bracelet","Tiny Chest","Bag of Preparation","Orichalcum","Astrolabe","Akabeko","Snake Skull","Blue Candle","Lantern","Whetstone","CeramicFish","Oddly Smooth Stone","Art of War"],"acts_visited":["Exordium","TheCity"],"potions_floor_usage":[16,18,22,33,33],"damage_taken":[{"damage":0,"enemies":"Cultist","floor":1,"turns":4},{"damage":0,"enemies":"2 Louse","floor":2,"turns":2},{"damage":4,"enemies":"Small Slimes","floor":3,"turns":4},{"damage":35,"enemies":"3 Sentries","floor":6,"turns":8},{"damage":1,"enemies":"Looter","floor":8,"turns":4},{"damage":4,"enemies":"Large Slime","floor":11,"turns":6},{"damage":28,"enemies":"Gremlin Nob","floor":13,"turns":4},{"damage":2,"enemies":"Blue Slaver","floor":14,"turns":3},{"damage":4,"enemies":"Hexaghost","floor":16,"turns":9},{"damage":11,"enemies":"Spheric Guardian","floor":18,"turns":5},{"damage":9,"enemies":"Shell Parasite","floor":20,"turns":6},{"damage":2,"enemies":"Snake Plant","floor":22,"turns":5},{"damage":4,"enemies":"Book of Stabbing","floor":23,"turns":7},{"damage":2,"enemies":"Slavers","floor":25,"turns":8},{"damage":0,"enemies":"Book of Stabbing","floor":27,"turns":6},{"damage":0,"enemies":"Gremlin Leader","floor":29,"turns":8},{"damage":0,"enemies":"Centurion and Healer","floor":30,"turns":9},{"damage":27,"enemies":"Champ","floor":33,"turns":17}],"seed_played":"3397644770617861534","potions_obtained":[{"floor":3,"key":"LiquidBronze"},{"floor":14,"key":"Block Potion"},{"floor":16,"key":"Block Potion"},{"floor":20,"key":"SneckoOil"},{"floor":22,"key":"Weak Potion"},{"floor":25,"key":"Weak Potion"}],"is_trial":false,"path_per_floor":["M","M","M","?","$","E","R","M","T","R","M","$","E","M","R","B",null,"M","?","M","?","M","E","T","E","T","E","?","E","M","?","R","B"],"character_chosen":"THE_SILENT","items_purchased":["Bag of Preparation"],"campfire_rested":2,"item_purchase_floors":[12],"current_hp_per_floor":[70,70,66,66,66,31,31,30,30,51,47,47,19,17,38,34,70,59,59,50,35,33,29,29,27,27,27,27,27,27,27,27,0,0],"gold":314,"neow_bonus":"REMOVE_TWO","is_daily":false,"chose_seed":false,"campfire_upgraded":2,"win_rate":0.0,"timestamp":1612808850,"path_taken":["M","M","M","?","$","E","R","M","T","R","M","?","E","M","R","BOSS","M","?","M","?","M","E","?","E","T","E","?","E","M","?","R","BOSS"],"items_purchased_type":["Relic"],"build_version":"2020-12-22","purchased_purges":0,"victory":false,"max_hp_per_floor":[70,70,70,70,70,70,70,70,70,70,70,70,70,70,70,70,70,70,70,70,35,35,35,35,35,35,35,35,35,35,35,35,35,35],"relic_stats":{"counters":[18,115],"Astrolabe":["Wraith Form v2","Underhanded Strike","Expertise"],"Blue Candle":[0],"CeramicFish":9,"Snake Skull":[0],"Juzu Bracelet":1,"Bag of Preparation":[24],"Whetstone":["Quick Slash","Dagger Spray"],"Orichalcum":[186],"Tiny Chest":1,"Art of War":[1],"obtain_stats":[{"Lantern":25,"Astrolabe":17,"Blue Candle":24,"CeramicFish":27,"Oddly Smooth Stone":28,"Snake Skull":23,"Juzu Bracelet":6,"Bag of Preparation":12,"Whetstone":26,"Paper Crane":4,"Orichalcum":13,"Akabeko":19,"Tiny Chest":9,"Art of War":29,"Ring of the Snake":0},{"Lantern":14,"Astrolabe":9,"Blue Candle":13,"CeramicFish":15,"Oddly Smooth Stone":15,"Snake Skull":13,"Juzu Bracelet":4,"Bag of Preparation":6,"Whetstone":14,"Paper Crane":3,"Orichalcum":7,"Akabeko":10,"Tiny Chest":5,"Art of War":16,"Ring of the Snake":0},{"Lantern":75,"Astrolabe":44,"Blue Candle":67,"CeramicFish":81,"Oddly Smooth Stone":81,"Snake Skull":67,"Juzu Bracelet":18,"Bag of Preparation":28,"Whetstone":75,"Paper Crane":10,"Orichalcum":32,"Akabeko":49,"Tiny Chest":22,"Art of War":89,"Ring of the Snake":0}],"Ring of the Snake":[36]},"card_choices":[{"not_picked":["Prepared","Concentrate"],"picked":"Dagger Spray","floor":1},{"not_picked":["Acrobatics","Setup"],"picked":"Quick Slash","floor":2},{"not_picked":["Terror","Outmaneuver"],"picked":"Caltrops","floor":3},{"not_picked":["Quick Slash","Doppelganger"],"picked":"Caltrops","floor":6},{"not_picked":["Sucker Punch","Outmaneuver"],"picked":"Caltrops","floor":8},{"not_picked":["Bane","Concentrate","Catalyst"],"picked":"SKIP","floor":11},{"not_picked":["Deadly Poison","Choke"],"picked":"Glass Knife","floor":13},{"not_picked":["Underhanded Strike","Dagger Spray","Bane"],"picked":"SKIP","floor":14},{"not_picked":["Envenom","Phantasmal Killer"],"picked":"After Image","floor":16},{"not_picked":["Acrobatics+1","Sucker Punch+1"],"picked":"Blade Dance","floor":18},{"not_picked":["Bane","Acrobatics+1","Outmaneuver"],"picked":"SKIP","floor":20},{"not_picked":["Dagger Spray","Poisoned Stab"],"picked":"Infinite Blades","floor":22},{"not_picked":["Grand Finale","Dagger Spray+1","Outmaneuver+1"],"picked":"SKIP","floor":23},{"not_picked":["Dagger Spray+1","Underhanded Strike","Dodge and Roll"],"picked":"SKIP","floor":25},{"not_picked":["Catalyst","Endless Agony"],"picked":"Skewer+1","floor":27},{"not_picked":["Sucker Punch+1","Acrobatics+1","Venomology"],"picked":"SKIP","floor":29},{"not_picked":["Tactician","Choke","Deadly Poison"],"picked":"SKIP","floor":30}],"player_experience":239489,"relics_obtained":[{"floor":4,"key":"Paper Crane"},{"floor":6,"key":"Juzu Bracelet"},{"floor":9,"key":"Tiny Chest"},{"floor":13,"key":"Orichalcum"},{"floor":23,"key":"Snake Skull"},{"floor":24,"key":"Blue Candle"},{"floor":25,"key":"Lantern"},{"floor":26,"key":"Whetstone"},{"floor":27,"key":"CeramicFish"},{"floor":29,"key":"Art of War"}],"event_choices":[{"damage_healed":0,"gold_gain":0,"player_choice":"Relic","damage_taken":0,"max_hp_gain":0,"max_hp_loss":0,"event_name":"Wheel of Change","floor":4,"gold_loss":0},{"damage_healed":0,"gold_gain":0,"player_choice":"Gave Potion","damage_taken":0,"relics_obtained":["Akabeko"],"max_hp_gain":0,"max_hp_loss":0,"event_name":"WeMeetAgain","floor":19,"gold_loss":0},{"damage_healed":0,"gold_gain":0,"player_choice":"Became a Ghost","damage_taken":0,"max_hp_gain":0,"max_hp_loss":35,"event_name":"Ghosts","floor":21,"gold_loss":0,"cards_obtained":["Ghostly","Ghostly","Ghostly","Ghostly","Ghostly"]},{"damage_healed":0,"gold_gain":0,"player_choice":"Obtained Relic","damage_taken":0,"relics_obtained":["Oddly Smooth Stone"],"max_hp_gain":0,"max_hp_loss":0,"event_name":"Addict","floor":28,"gold_loss":85},{"damage_healed":0,"gold_gain":0,"player_choice":"Simplicity","damage_taken":0,"max_hp_gain":0,"max_hp_loss":0,"event_name":"Back to Basics","floor":31,"gold_loss":0,"cards_upgraded":["Strike_G","Defend_G","Defend_G","Defend_G","Defend_G"]}],"is_beta":false,"boss_relics":[{"not_picked":["Coffee Dripper","Calling Bell"],"picked":"Astrolabe"}],"items_purged_floors":[],"is_endless":false,"potions_floor_spawned":[3,14,16,20,22,25],"killed_by":"Champ","ascension_level":3}}