{"host":"yrtk68ixj64vhhh3","time":1612766793,"event":{"mods":["2.2 Compatiblity","AchievementEnabler","Aspiration","BaseMod","Better Altar","Better Match","Better Note","Better Silent Start","Better Skull","Better Third Choice","Colored Map","Colored Powertips","Conspire","Dio Mod","Downfall","Energized Spire","Hubris","Infinite Spire","Minty Spire (QoL Compilation)","Prisma Mod","RNG Fix","StSLib","Steal the Spire","Td1madao Mod","The Animator","The Poker Player","The Wild Card","TheBandit","TheHero"],"gold_per_floor":[118,118,118,118,129,154,154,180,180,68,68,68,68,93,93,221,221,237,237,237,257,257,257,293,293,344,369,407,427,440,440,440,568,568,591,516,531,331,398,438,438,477,524,582,482,519,563,79,79,130,130,130,41,72,92,92],"floor_reached":55,"language":"ENG","playtime":4930,"items_purged":[],"score":998,"play_id":"7641a296-f05f-47f9-b67f-f4951ddcd4db","local_time":"20210208194633","is_ascension_mode":true,"campfire_choices":[{"floor":7.0,"key":"REST"},{"floor":12.0,"key":"REST"},{"floor":15.0,"key":"REST"},{"floor":23.0,"key":"REST"},{"data":"theWildCard:Abstinence","floor":25.0,"key":"SMITH"},{"floor":32,"key":"REST"},{"floor":41,"key":"RECALL"},{"floor":49,"key":"REST"},{"data":"theWildCard:Lucifer","floor":52,"key":"SMITH"}],"circlet_count":0,"master_deck":["theWildCard:BasicStrike","theWildCard:BasicStrike+1","theWildCard:BasicStrike","theWildCard:BasicStrike+1","theWildCard:BasicDefend","theWildCard:BasicDefend+1","theWildCard:BasicDefend","theWildCard:BasicDefend","theWildCard:CallToAdventure","theWildCard:Arsene","theWildCard:ArcaneArts","theWildCard:StingingStrike","theWildCard:Michael","theWildCard:BladeOfGenerations","theWildCard:Abstinence+1","theWildCard:ArcanaArtistry","Injury","theWildCard:Lucifer+1","theWildCard:ArcaneArts","infinitespire:Collect","theWildCard:Unburden","Slimebound:CheckThePlaybook+1","theWildCard:Salvation","theWildCard:EnergyTheft","theWildCard:StalwartBlade","theWildCard:PaleRider+1","theWildCard:ArcaneArts","downfall:Bewildered","theWildCard:Ruination","theWildCard:StingingStrike","theWildCard:ArcanaArtistry","theWildCard:ArcaneArts+1","theWildCard:Scathach+1","theWildCard:UnendingRitual+1","theWildCard:UnderLockAndKey+1","conspire:SpireCoStock","conspire:SpireCoStock","conspire:SpireCoStock","conspire:SpireCoStock","theWildCard:BladeOfGenerations+1","theWildCard:Sakuya","theWildCard:Patience+1","theWildCard:Caesar","theWildCard:MagicMettle","theWildCard:SeveringSlash","theWildCard:Patience","Parasite","theWildCard:Loki","theWildCard:ArcaneArts+1","theWildCard:Safeguard+1","theWildCard:MaskChange+1","theWildCard:Proficiency","theWildCard:Polydeuces+1","Panache","theWildCard:Thanatos","theWildCard:Abstinence","theWildCard:Salvation","theWildCard:StalwartBlade+1","theWildCard:Patience+1"],"relics":["energizedSpire:MagnifyingGlass","hubris:OldNail","infinitespire:PuzzleCube","theWildCard:Evoker","aspiration:HummingbirdHeart","Golden Idol","Blood Vial","energizedSpire:DeadBattery","theWildCard:Wildcard","Nunchaku","betterThird:NestCultRelic","War Paint","infinitespire:Lucky Rock","sneckomod:BabySnecko","energizedSpire:StickyHand","aspiration:TomeofQuesting","Bag of Marbles","theWildCard:MemoriesOfPhantasm","Gremlin Horn","Whetstone"],"acts_visited":["Exordium","TheCity","TheBeyond","TheEnding"],"potions_floor_usage":[33,33,33,50,50,55],"damage_taken":[{"damage":0.0,"enemies":"Small Slimes","floor":1.0,"turns":3.0},{"damage":0.0,"enemies":"2 Louse","floor":5.0,"turns":3.0},{"damage":34.0,"enemies":"3 Sentries","floor":6.0,"turns":11.0},{"damage":31.0,"enemies":"Lagavulin","floor":8.0,"turns":6.0},{"damage":8.0,"enemies":"Hexaghost","floor":16.0,"turns":6.0},{"damage":0.0,"enemies":"Chosen","floor":18.0,"turns":3.0},{"damage":2.0,"enemies":"3 Byrds","floor":21.0,"turns":5.0},{"damage":21.0,"enemies":"Book of Stabbing","floor":24.0,"turns":6.0},{"damage":19.0,"enemies":"Centurion and Healer","floor":27.0,"turns":3.0},{"damage":10.0,"enemies":"Gremlin Leader","floor":28.0,"turns":5.0},{"damage":12.0,"enemies":"Snake Plant","floor":29.0,"turns":3.0},{"damage":4.0,"enemies":"3 Cultists","floor":30.0,"turns":4.0},{"damage":15,"enemies":"hubris:MusketHawk","floor":33,"turns":6},{"damage":30,"enemies":"3 Darklings","floor":35,"turns":3},{"damage":6,"enemies":"Orb Walker","floor":37,"turns":3},{"damage":15,"enemies":"4 Shapes","floor":39,"turns":5},{"damage":38,"enemies":"Reptomancer","floor":40,"turns":7},{"damage":10,"enemies":"Jaw Worm Horde","floor":42,"turns":3},{"damage":4,"enemies":"Giant Head","floor":44,"turns":5},{"damage":6,"enemies":"Writhing Mass","floor":46,"turns":4},{"damage":10,"enemies":"3 Darklings","floor":47,"turns":3},{"damage":18,"enemies":"infinitespire:MassOfShapes","floor":50,"turns":7},{"damage":6,"enemies":"Shield and Spear","floor":54,"turns":3},{"damage":56,"enemies":"The Heart","floor":55,"turns":3}],"seed_played":"8885439134396952437","potions_obtained":[{"floor":5.0,"key":"Strength Potion"},{"floor":6.0,"key":"AttackPotion"},{"floor":13.0,"key":"SneckoOil"},{"floor":13.0,"key":"AttackPotion"},{"floor":13.0,"key":"ColorlessPotion"},{"floor":16.0,"key":"SteroidPotion"},{"floor":21.0,"key":"Regen Potion"},{"floor":24.0,"key":"EntropicBrew"},{"floor":29.0,"key":"Dexterity Potion"},{"floor":37,"key":"Energy Potion"},{"floor":40,"key":"Weak Potion"},{"floor":47,"key":"PowerPotion"}],"is_trial":false,"path_per_floor":["M","?","?","T","M","E","R","E","T","$","?","R","?","T","R","B",null,"M","AVR","?","M","?","R","E","R","T","M","E","M","M","?","R","B",null,"M","?","M","?","M","E","R","M","T","E","NS","M","M","$","R","B",null,"R","$","E","B"],"character_chosen":"THE_WILD_CARD","items_purchased":["theWildCard:Abstinence","theWildCard:ArcanaArtistry","Gremlin Horn","Panache","theWildCard:Thanatos","AttackPotion","theWildCard:Abstinence"],"campfire_rested":6,"item_purchase_floors":[10,10,48,48,48,53,53],"current_hp_per_floor":[60,60,60,60,60,26,44,13,13,13,13,31,31,31,49,43,60,60,60,60,58,37,55,36,36,36,24,16,6,4,4,22,9,60,30,30,26,26,45,39,39,31,31,29,29,31,23,23,41,53,60,60,60,54,0,0],"gold":92,"neow_bonus":"BOSS_RELIC","is_daily":false,"chose_seed":false,"campfire_upgraded":2,"win_rate":0.0,"timestamp":1612766793,"path_taken":["M","?","?","?","?","E","R","E","T","?","?","R","?","?","R","BOSS","M","AVR","?","M","?","R","E","R","T","M","E","M","?","?","R","BOSS","M","?","M","?","?","E","R","M","T","E","NS","M","M","$","R","BOSS","R","$","E","BOSS"],"items_purchased_type":["Card","Card","Relic","Card","Card","Potion","Card"],"build_version":"2020-12-22","purchased_purges":0,"victory":false,"max_hp_per_floor":[60,60,60,60,60,60,60,60,60,60,60,60,60,60,60,60,60,60,60,60,60,60,60,60,60,60,60,60,60,60,60,60,60,60,60,60,60,60,60,60,60,60,60,60,60,60,60,60,60,60,60,60,60,60,60,60],"card_choices":[{"not_picked":["theWildCard:SeveringSlash","theWildCard:Unburden"],"picked":"theWildCard:ArcaneArts","floor":1.0},{"not_picked":["theWildCard:Sakuya","theWildCard:PaleRider"],"picked":"theWildCard:StingingStrike","floor":5.0},{"not_picked":["theWildCard:SeveringSlash","theWildCard:MagicMettle"],"picked":"theWildCard:Michael","floor":6.0},{"not_picked":["theWildCard:ArcaneArts","theWildCard:Proficiency"],"picked":"theWildCard:BladeOfGenerations","floor":8.0},{"not_picked":["theWildCard:Overwhelm","theWildCard:FinalHour"],"picked":"theWildCard:Lucifer","floor":16.0},{"not_picked":["theWildCard:Patience","theWildCard:MagicMettle"],"picked":"theWildCard:ArcaneArts","floor":18.0},{"not_picked":["theWildCard:Odin","theWildCard:EnergizedStroke"],"picked":"theWildCard:Unburden","floor":21.0},{"not_picked":["theWildCard:BladeOfGenerations","theWildCard:Unburden"],"picked":"theWildCard:Salvation","floor":24.0},{"not_picked":["theWildCard:Michael","theWildCard:PaleRider+1"],"picked":"theWildCard:EnergyTheft","floor":27.0},{"not_picked":["theWildCard:ArcanaArtistry","theWildCard:TheGreatSeal"],"picked":"theWildCard:StalwartBlade","floor":28.0},{"not_picked":["theWildCard:Unburden","theWildCard:ChangingDestiny"],"picked":"theWildCard:PaleRider+1","floor":29.0},{"not_picked":["theWildCard:Alice+1","theWildCard:Polydeuces"],"picked":"theWildCard:ArcaneArts","floor":30},{"not_picked":["theWildCard:Desolation","theWildCard:Thanatos"],"picked":"theWildCard:Ruination","floor":33},{"not_picked":["theWildCard:ArcanaArtistry","theWildCard:ArcaneArts+1"],"picked":"theWildCard:StingingStrike","floor":35},{"not_picked":["theWildCard:Scathach+1","theWildCard:UnderLockAndKey+1"],"picked":"theWildCard:UnendingRitual+1","floor":36},{"not_picked":["theWildCard:Unburden+1","theWildCard:Satanael","theWildCard:StingingStrike+1"],"picked":"SKIP","floor":37},{"not_picked":["theWildCard:BladeOfGenerations+1","theWildCard:Sakuya"],"picked":"theWildCard:Patience+1","floor":39},{"not_picked":["theWildCard:Sakuya+1","theWildCard:Caesar"],"picked":"theWildCard:Proficiency+1","floor":40},{"not_picked":["theWildCard:SeveringSlash","theWildCard:Patience"],"picked":"theWildCard:MagicMettle","floor":42},{"not_picked":["theWildCard:Michael","theWildCard:Sakuya","theWildCard:SacrificialStroke+1"],"picked":"SKIP","floor":44},{"not_picked":["theWildCard:Loki","theWildCard:ArcaneArts+1"],"picked":"theWildCard:Safeguard+1","floor":46},{"not_picked":["theWildCard:MaskChange+1","theWildCard:Proficiency"],"picked":"theWildCard:Polydeuces+1","floor":47},{"not_picked":["theWildCard:Salvation","theWildCard:Patience+1"],"picked":"theWildCard:StalwartBlade+1","floor":54}],"player_experience":761327,"relics_obtained":[{"floor":4.0,"key":"hubris:OldNail"},{"floor":6.0,"key":"infinitespire:PuzzleCube"},{"floor":8.0,"key":"theWildCard:Evoker"},{"floor":9.0,"key":"aspiration:HummingbirdHeart"},{"floor":14.0,"key":"Blood Vial"},{"floor":24.0,"key":"War Paint"},{"floor":28.0,"key":"infinitespire:Lucky Rock"},{"floor":40,"key":"aspiration:TomeofQuesting"},{"floor":43,"key":"Bag of Marbles"},{"floor":44,"key":"theWildCard:MemoriesOfPhantasm"},{"floor":54,"key":"Whetstone"}],"event_choices":[{"damage_healed":0.0,"max_hp_gain":0.0,"max_hp_loss":0.0,"gold_gain":0.0,"event_name":"The Cleric","player_choice":"Leave","floor":2.0,"gold_loss":0.0,"damage_taken":0.0},{"damage_healed":0.0,"max_hp_gain":0.0,"max_hp_loss":0.0,"gold_gain":0.0,"event_name":"betterNote:BetterNote","player_choice":"Ignored","floor":3.0,"gold_loss":0.0,"damage_taken":0.0,"cards_obtained":["PrismaMod:MiyuCheapChannelHeal"]},{"damage_healed":0.0,"max_hp_gain":0.0,"max_hp_loss":0.0,"gold_gain":0.0,"event_name":"Golden Idol","player_choice":"Take Wound","floor":11.0,"gold_loss":0.0,"damage_taken":0.0,"relics_obtained":["Golden Idol"],"cards_obtained":["Injury"]},{"damage_healed":0.0,"max_hp_gain":0.0,"max_hp_loss":0.0,"gold_gain":0.0,"event_name":"Lab","player_choice":"Got Potions","floor":13.0,"gold_loss":0.0,"damage_taken":0.0},{"damage_healed":0.0,"max_hp_gain":0.0,"max_hp_loss":0.0,"gold_gain":0.0,"event_name":"betterThird:BetterNest","player_choice":"Madness","floor":20.0,"gold_loss":0.0,"damage_taken":0.0,"relics_obtained":["betterThird:NestCultRelic"]},{"damage_healed":0,"gold_gain":0,"player_choice":"2","damage_taken":0,"max_hp_gain":0,"max_hp_loss":0,"event_name":"betterMatch:BetterMatch","floor":36,"gold_loss":0,"cards_obtained":["betterMatch:UncommonCard"]},{"damage_healed":0,"gold_gain":0,"player_choice":"Invest 4","damage_taken":0,"max_hp_gain":0,"max_hp_loss":0,"event_name":"conspire:Investor","floor":38,"gold_loss":0}],"is_beta":false,"boss_relics":[{"not_picked":["hubris:VirtuousBlindfold","energizedSpire:SpiderWeb"],"picked":"energizedSpire:DeadBattery"},{"not_picked":["aspiration:RunicSpoon","hubris:HollowSoul"],"picked":"energizedSpire:StickyHand"}],"items_purged_floors":[],"is_endless":false,"potions_floor_spawned":[5,6,16,21,24,29,37,40,47],"killed_by":"The Heart","ascension_level":2}}