{"host":"8e3sp1tozjyrh64l","time":1612763931,"event":{"mods":["BaseMod","Better Altar","Better Match","Better Note","Better Sensory Stone","Better Silent Start","Better Skull","Better Third Choice","BetterRewards","Curses Come First","Defuse TimeMaze Blight","Infinite Spire","Minty Spire (QoL Compilation)","Permanent Neow","Rare Cards Sparkle","Relic Sorter","Reliquary","Replay The Spire","Shop Mod","Spicy Shops","StSLib","SuperFastMode","Wandering Minibosses"],"gold_per_floor":[115,126,136,45,145,145,174,187,214,231,247,273,273,290,290,388,388,405,36,46,46,60,60,87,107,186,111,111,111,38,53,53,158,158,176,189,204,223,241,241,269,287,333,448,448,463,477,496,496,600,600,610,612,257,257,267,267,268,268,316,316,316,340,383,395,395,475,475,483,145,145,218,218,233,229,245,245,259,259,276,278,289,289,360,360,366,366,366,364,83,83,92,92,92,101,126,126,19,30,30,95,95,104,164,339,414,414,416,329,247,300,308,308],"floor_reached":112,"language":"ENG","playtime":3495,"items_purged":["Strike_B","ReplayTheSpireMod:Reroute Power+1"],"score":2761,"play_id":"7ffa3a9e-15ce-461c-befd-2fe5d69e35c3","local_time":"20210207225851","is_ascension_mode":true,"campfire_choices":[{"data":"Zap","floor":6.0,"key":"SMITH"},{"data":"ReplayTheSpireMod:Omega Cannon","floor":13.0,"key":"SMITH"},{"data":"Capacitor","floor":15.0,"key":"SMITH"},{"data":"ReplayTheSpireMod:Fabricate Wheel","floor":23.0,"key":"SMITH"},{"data":"ReplayTheSpireMod:Fabricate Wheel","floor":28.0,"key":"SMITH"},{"data":"ReplayTheSpireMod:Fabricate Wheel","floor":32.0,"key":"SMITH"},{"data":"Biased Cognition","floor":40.0,"key":"SMITH"},{"data":"Loop","floor":45.0,"key":"SMITH"},{"data":"Loop","floor":49.0,"key":"SMITH"},{"data":"Loop","floor":57.0,"key":"SMITH"},{"data":"Storm","floor":59.0,"key":"SMITH"},{"data":"Mayhem","floor":62.0,"key":"SMITH"},{"data":"Machine Learning","floor":66.0,"key":"SMITH"},{"data":"Defragment","floor":79.0,"key":"SMITH"},{"data":"ReplayTheSpireMod:Calculation Training","floor":83.0,"key":"SMITH"},{"data":"ReplayTheSpireMod:Calculation Training","floor":91.0,"key":"SMITH"},{"data":"Loop","floor":93.0,"key":"SMITH"},{"data":"ReplayTheSpireMod:Calculation Training","floor":97.0,"key":"SMITH"},{"data":"Machine Learning","floor":100.0,"key":"SMITH"}],"circlet_count":1,"master_deck":["Defend_B","Defend_B","Defend_B+1","Defend_B","Zap+1","Defragment+1","Mayhem+1","Sweeping Beam","ReplayTheSpireMod:Omega Cannon+1","Chaos","Capacitor+1","Lockon","Conserve Battery+1","Panache+1","infinitespire:UltimateForm+1","Cold Snap+1","Conserve Battery+1","Biased Cognition+1","ReplayTheSpireMod:Calculation Training+1","FIFO Queue+1","ReplayTheSpireMod:Calculation Training+1","Cold Snap+1","Barrage+1","ReplayTheSpireMod:Calculation Training+1","Coolheaded+1","Coolheaded+1","Cold Snap+1","Blizzard+1","Loop+1","Mayhem+1","Ball Lightning+1","Loop+1","Core Surge","Rainbow+1","Rainbow+1","Blizzard+1","Storm+1","Loop+1","Cold Snap+1","Machine Learning+1","Cold Snap+1","Machine Learning","Defragment+1","Machine Learning+1","Cold Snap+1","Biased Cognition+1","Echo Form","Chill+1","ReplayTheSpireMod:Brewmster+1","ReplayTheSpireMod:IOU","ReplayTheSpireMod:IOU","ReplayTheSpireMod:IOU","Loop+1","Core Surge+1","Doubt","Amplify+1"],"relics":["Cracked Core","Tiny Chest","Replay:Wax Seal","MerchantsRug","Sling","ClockworkSouvenir","infinitespire:Freezer","Oddly Smooth Stone","Akabeko","Pen Nib","reliquary:Stiletto","Painkiller Herb","Mummified Hand","Art of War","Eternal Feather","SlaversCollar","Bird Faced Urn","White Beast Statue","reliquary:RoseTintedGlasses","SacredBark","wanderingMiniBosses:CarrionFlame","Molten Egg 2","reliquary:PartyBalloon","ReplayTheSpireMod:Lightbulb","Peace Pipe","Chameleon Ring","FrozenCore","reliquary:PorcupineQuills","Solar Panel","Quantum Egg","Replay:Rubber Ducky","Circlet","Juzu Bracelet","Anchor","Black Star","Golden Egg","Bag of Preparation","Garlic","reliquary:Buckler","Replay:Frozen Program","ReplayTheSpireMod:ShopPack","Vajra","infinitespire:FocusingShard","reliquary:ShortFuse","Orichalcum","reliquary:BoilingFlask","reliquary:Boomerang","Kunai","WingedGreaves","reliquary:Craggleroot","reliquary:FeatherDuster","Divine Protection","PreservedInsect","Calipers","DataDisk","MawBank"],"acts_visited":["Exordium","TheCity","TheBeyond","Exordium","TheCity","TheBeyond"],"potions_floor_usage":[],"damage_taken":[{"damage":0.0,"enemies":"Small Slimes","floor":1.0,"turns":3.0},{"damage":0.0,"enemies":"Cultist","floor":2.0,"turns":4.0},{"damage":0.0,"enemies":"2 Louse","floor":3.0,"turns":2.0},{"damage":10.0,"enemies":"3 Sentries","floor":7.0,"turns":5.0},{"damage":0.0,"enemies":"Blue Slaver","floor":8.0,"turns":2.0},{"damage":0.0,"enemies":"Looter","floor":10.0,"turns":1.0},{"damage":3.0,"enemies":"Exordium Wildlife","floor":11.0,"turns":3.0},{"damage":2.0,"enemies":"Gremlin Nob","floor":12.0,"turns":3.0},{"damage":8.0,"enemies":"2 Fungi Beasts","floor":14.0,"turns":2.0},{"damage":16.0,"enemies":"Fading Forest","floor":16.0,"turns":11.0},{"damage":2.0,"enemies":"Chosen","floor":18.0,"turns":3.0},{"damage":0.0,"enemies":"2 Thieves","floor":20.0,"turns":1.0},{"damage":2.0,"enemies":"Snake Plant","floor":22.0,"turns":2.0},{"damage":18.0,"enemies":"Replay:Snechameleon","floor":24.0,"turns":5.0},{"damage":0.0,"enemies":"Chosen and Byrds","floor":25.0,"turns":1.0},{"damage":34.0,"enemies":"Slavers","floor":27.0,"turns":3.0},{"damage":11.0,"enemies":"Replay:Snechameleon","floor":30.0,"turns":4.0},{"damage":0.0,"enemies":"Snecko","floor":31.0,"turns":1.0},{"damage":0.0,"enemies":"Collector","floor":33.0,"turns":6.0},{"damage":0.0,"enemies":"3 Shapes","floor":35.0,"turns":5.0},{"damage":7.0,"enemies":"Orb Walker","floor":36.0,"turns":3.0},{"damage":22.0,"enemies":"Writhing Mass","floor":37.0,"turns":4.0},{"damage":0.0,"enemies":"Sphere and 2 Shapes","floor":38.0,"turns":2.0},{"damage":0.0,"enemies":"Jaw Worm Horde","floor":39.0,"turns":1.0},{"damage":30.0,"enemies":"Nightmare","floor":41.0,"turns":7.0},{"damage":0.0,"enemies":"3 Darklings","floor":42.0,"turns":2.0},{"damage":9.0,"enemies":"Maw","floor":46.0,"turns":6.0},{"damage":32.0,"enemies":"4 Shapes","floor":47.0,"turns":3.0},{"damage":0.0,"enemies":"3 Darklings","floor":48.0,"turns":2.0},{"damage":20.0,"enemies":"Time Eater","floor":50.0,"turns":6.0},{"damage":2.0,"enemies":"2 Louse","floor":52.0,"turns":2.0},{"damage":0.0,"enemies":"Jaw Worm","floor":53.0,"turns":2.0},{"damage":0.0,"enemies":"Small Slimes","floor":56.0,"turns":1.0},{"damage":24.0,"enemies":"Gremlin Gang","floor":58.0,"turns":2.0},{"damage":25.0,"enemies":"Lagavulin","floor":63.0,"turns":3.0},{"damage":47.0,"enemies":"3 Sentries","floor":65.0,"turns":3.0},{"damage":0.0,"enemies":"Slime Boss","floor":67.0,"turns":2.0},{"damage":14.0,"enemies":"2 Thieves","floor":69.0,"turns":2.0},{"damage":33.0,"enemies":"Book of Stabbing","floor":74.0,"turns":3.0},{"damage":8.0,"enemies":"Chosen","floor":75.0,"turns":3.0},{"damage":12.0,"enemies":"Gremlin Leader","floor":76.0,"turns":2.0},{"damage":50.0,"enemies":"Slavers","floor":78.0,"turns":2.0},{"damage":58.0,"enemies":"Nightmare","floor":80.0,"turns":4.0},{"damage":25.0,"enemies":"Centurion and Healer","floor":81.0,"turns":3.0},{"damage":0.0,"enemies":"Replay:Snechameleon","floor":82.0,"turns":2.0},{"damage":0.0,"enemies":"Champ","floor":84.0,"turns":5.0},{"damage":0.0,"enemies":"Orb Walker","floor":86.0,"turns":2.0},{"damage":84.0,"enemies":"3 Darklings","floor":89.0,"turns":2.0},{"damage":0.0,"enemies":"R_Hoarder","floor":92.0,"turns":3.0},{"damage":0.0,"enemies":"Nemesis","floor":95.0,"turns":3.0},{"damage":20.0,"enemies":"Transient","floor":98.0,"turns":5.0},{"damage":10.0,"enemies":"Giant Head","floor":99.0,"turns":3.0},{"damage":47.0,"enemies":"Awakened One","floor":101.0,"turns":4.0},{"damage":0,"enemies":"2 Louse","floor":103,"turns":1},{"damage":0,"enemies":"Small Slimes","floor":108,"turns":2},{"damage":0,"enemies":"Gremlin Nob","floor":109,"turns":2},{"damage":0,"enemies":"Lagavulin","floor":110,"turns":2},{"damage":0,"enemies":"Cultist","floor":112,"turns":1}],"seed_played":"-2620232243584895497","potions_obtained":[{"floor":2.0,"key":"Death Potion"},{"floor":8.0,"key":"Venom Potion"},{"floor":11.0,"key":"Strength Potion"},{"floor":12.0,"key":"ColorlessPotion"},{"floor":25.0,"key":"SpeedPotion"},{"floor":30.0,"key":"Elixir"},{"floor":31.0,"key":"LifebloodPotion"},{"floor":33.0,"key":"infinitespire:BlackPotion"},{"floor":35.0,"key":"Energy Potion"},{"floor":36.0,"key":"PowerPotion"},{"floor":38.0,"key":"DistilledChaos"},{"floor":39.0,"key":"Energy Potion"},{"floor":48.0,"key":"Weak Potion"},{"floor":50.0,"key":"Swift Potion"},{"floor":56.0,"key":"Block Potion"},{"floor":58.0,"key":"Languid Potion"},{"floor":63.0,"key":"FocusPotion"},{"floor":69.0,"key":"Adrenaline Potion"},{"floor":74.0,"key":"LiquidBronze"},{"floor":75.0,"key":"FearPotion"},{"floor":76.0,"key":"Elixir"},{"floor":78.0,"key":"EssenceOfSteel"},{"floor":86.0,"key":"Regen Potion"},{"floor":101.0,"key":"Adrenaline Potion"},{"floor":110,"key":"Ancient Potion"}],"is_trial":false,"path_per_floor":["M","M","M","$","?","R","E","M","T","M","M","E","R","M","R","B",null,"?","T","?","AVR","?","T","E","?","T","E","T","?","E","?","T","B",null,"?","?","?","?","?","T","NM","?","T","T","T","?","?","?","T","B",null,"?","?","T","?","?","T","?","T","T","?","T","E","?","E","T","B",null,"?","T","?","T","AVR","E","?","E","T","E","T","NM","?","E","T","B",null,"?","?","?","?","T","T","E","T","T","E","T","T","?","E","T","B",null,"?","?","?","?","T","?","E","E","T","?"],"character_chosen":"DEFECT","items_purchased":["Sling","ClockworkSouvenir","reliquary:Buckler","infinitespire:Freezer","Defragment","Mayhem","MerchantsRug","Oddly Smooth Stone","Replay:Wax Seal","Mummified Hand","Art of War","Panache","Eternal Feather","Loop","Mayhem","Molten Egg 2","Storm","Omamori","Defragment","Runic Capacitor","Dead Branch","Golden Egg","ReplayTheSpireMod:Brewmster","Bag of Preparation","Garlic","reliquary:Buckler","Replay:Frozen Program","ReplayTheSpireMod:ShopPack"],"campfire_rested":0,"item_purchase_floors":[0,0,0,0,0,0,0,4,19,19,19,19,19,44,44,54,54,54,70,70,70,90,90,90,90,90,90,90],"current_hp_per_floor":[40,40,40,40,40,40,30,30,30,30,27,25,25,17,17,11,75,73,73,73,73,71,75,57,57,57,31,43,43,44,44,56,68,75,75,75,55,61,61,75,53,59,59,59,75,75,51,59,75,67,75,73,75,75,75,75,75,55,75,75,75,75,50,32,5,29,47,75,61,61,61,61,61,54,64,74,74,49,73,40,55,75,75,75,75,75,75,75,21,21,54,75,75,75,75,75,75,75,75,75,75,75,75,75,75,64,64,75,75,75,75,75,75],"gold":308,"neow_bonus":"","is_daily":false,"chose_seed":false,"campfire_upgraded":19,"win_rate":0.0,"timestamp":1612763931,"path_taken":["M","M","M","$","?","R","E","M","T","?","M","E","R","?","R","BOSS","?","T","?","AVR","?","T","E","?","T","E","T","?","E","?","T","BOSS","?","?","?","?","?","T","NM","?","T","T","T","?","?","?","T","BOSS","?","?","T","?","?","T","?","T","T","?","T","E","?","E","T","BOSS","?","T","?","?","AVR","E","?","E","T","E","T","NM","?","E","T","BOSS","?","?","?","?","T","T","E","T","T","E","?","T","?","E","T","BOSS","?","?","?","?","?","?","E","E","T","?"],"items_purchased_type":["Relic","Relic","Relic","Relic","Card","Card","Relic","Relic","Relic","Relic","Relic","Card","Relic","Card","Card","Relic","Card","Relic","Card","Relic","Relic","Relic","Card","Relic","Relic","Relic","Relic","Relic"],"build_version":"2020-12-22","purchased_purges":2,"victory":false,"max_hp_per_floor":[75,75,75,75,75,75,75,75,75,75,75,75,75,75,75,75,75,75,75,75,75,75,75,75,75,75,75,75,75,75,75,75,75,75,75,75,75,75,75,75,75,75,75,75,75,75,75,75,75,75,75,75,75,75,75,75,75,75,75,75,75,75,75,75,75,75,75,75,75,75,75,75,75,75,75,75,75,75,75,75,75,75,75,75,75,75,75,75,75,75,75,75,75,75,75,75,75,75,75,75,75,75,75,75,75,75,75,75,75,75,75,75,75],"card_choices":[{"not_picked":["Hologram","Heatsinks","Redo"],"picked":"SKIP","floor":1.0},{"not_picked":["Recycle","Glacier","Rip and Tear"],"picked":"SKIP","floor":2.0},{"not_picked":["ReplayTheSpireMod:GoodbyeWorld","Compile Driver"],"picked":"Sweeping Beam","floor":3.0},{"not_picked":["Conserve Battery","Stack"],"picked":"ReplayTheSpireMod:Omega Cannon","floor":7.0},{"not_picked":["Gash","Beam Cell","White Noise"],"picked":"SKIP","floor":8.0},{"not_picked":["Reprogram","Compile Driver"],"picked":"Chaos","floor":10.0},{"not_picked":["Glacier","Amplify"],"picked":"Capacitor","floor":11.0},{"not_picked":["Crystallizer","Rebound"],"picked":"Lockon","floor":12.0},{"not_picked":["Go for the Eyes","Leap","Crystallizer"],"picked":"SKIP","floor":14.0},{"not_picked":["ReplayTheSpireMod:Omega Cannon","Thunder Strike"],"picked":"ReplayTheSpireMod:Fabricate Wheel","floor":16.0},{"not_picked":["Blizzard","Ball Lightning"],"picked":"Conserve Battery+1","floor":18.0},{"not_picked":["Reprogram","Rebound","Panic Button"],"picked":"SKIP","floor":20.0},{"not_picked":["Chaos+1","Ball Lightning","Panic Button"],"picked":"SKIP","floor":22.0},{"not_picked":["Turbo","ReplayTheSpireMod:System Scan","Undo+1"],"picked":"SKIP","floor":24.0},{"not_picked":["Panic Button+1","Meteor Strike","Recycle"],"picked":"SKIP","floor":25.0},{"not_picked":["Beam Cell+1","Melter+1","ReplayGash"],"picked":"SKIP","floor":25.0},{"not_picked":["Barrage","Turbo"],"picked":"ReplayTheSpireMod:Fabricate Wheel","floor":27.0},{"not_picked":["Sunder+1","Lockon+1"],"picked":"Cold Snap+1","floor":30.0},{"not_picked":["FTL","Leap"],"picked":"Conserve Battery+1","floor":31.0},{"not_picked":["Redo+1","Rebound","Panic Button"],"picked":"SKIP","floor":31.0},{"not_picked":["Compile Driver","Reprogram","Amplify"],"picked":"SKIP","floor":31.0},{"not_picked":["Fission","Seek"],"picked":"Biased Cognition","floor":33.0},{"not_picked":["Tempest+1","Rebound"],"picked":"ReplayTheSpireMod:Calculation Training","floor":35.0},{"not_picked":["Multi-Cast","Double Energy"],"picked":"FIFO Queue+1","floor":35.0},{"not_picked":["Sweeping Beam+1","Hologram+1","Undo+1"],"picked":"SKIP","floor":35.0},{"not_picked":["Hologram+1","Heatsinks","Sweeping Beam"],"picked":"SKIP","floor":35.0},{"not_picked":["Barrage","Sweeping Beam","Beam Cell"],"picked":"SKIP","floor":35.0},{"not_picked":["Panic Button","Cold Snap","Scrape"],"picked":"SKIP","floor":35.0},{"not_picked":["Gash","Go for the Eyes"],"picked":"ReplayTheSpireMod:Calculation Training","floor":36.0},{"not_picked":["Leap","Redo","Sweeping Beam"],"picked":"SKIP","floor":36.0},{"not_picked":["Fusion","ReplayRNGCard","Turbo"],"picked":"SKIP","floor":36.0},{"not_picked":["Turbo","ReplayTheSpireMod:Reroute Power+1","Leap+1"],"picked":"SKIP","floor":36.0},{"not_picked":["BasicCrystalCard","Reboot","Lockon+1"],"picked":"SKIP","floor":36.0},{"not_picked":["BasicCrystalCard+1","Reprogram","Streamline"],"picked":"SKIP","floor":36.0},{"not_picked":["Coolheaded+1","Reboot"],"picked":"Cold Snap+1","floor":37.0},{"not_picked":["Consume","ReplaySolidLightProjector"],"picked":"Barrage+1","floor":37.0},{"not_picked":["Steam","Recycle","Sunder+1"],"picked":"SKIP","floor":37.0},{"not_picked":["BasicCrystalCard+1","ReplayTheSpireMod:Reroute Power+1","Ball Lightning"],"picked":"SKIP","floor":37.0},{"not_picked":["Hello World","Sunder+1","Glacier+1"],"picked":"SKIP","floor":37.0},{"not_picked":["Streamline","Cold Snap","Ball Lightning"],"picked":"SKIP","floor":37.0},{"not_picked":["Leap+1","Ball Lightning"],"picked":"ReplayTheSpireMod:Calculation Training","floor":38.0},{"not_picked":["Doom and Gloom","Ball Lightning"],"picked":"Coolheaded+1","floor":38.0},{"not_picked":["Turbo","Gash","Steam"],"picked":"SKIP","floor":38.0},{"not_picked":["ReplayGash","Beam Cell+1","Streamline"],"picked":"SKIP","floor":38.0},{"not_picked":["Leap","Crystallizer","Reinforced Body"],"picked":"SKIP","floor":38.0},{"not_picked":["Recycle+1","ReplaySolidLightProjector+1","Crystallizer"],"picked":"SKIP","floor":38.0},{"not_picked":["Cold Snap","Tempest"],"picked":"Coolheaded+1","floor":39.0},{"not_picked":["Capacitor","BootSequence+1"],"picked":"Cold Snap+1","floor":39.0},{"not_picked":["All For One","Conserve Battery+1","ReplayTheSpireMod:Repulse"],"picked":"SKIP","floor":39.0},{"not_picked":["Sweeping Beam+1","Recycle+1","Panic Button"],"picked":"SKIP","floor":39.0},{"not_picked":["Coolheaded","Rebound","Ball Lightning"],"picked":"SKIP","floor":39.0},{"not_picked":["Steam+1","Streamline","Conserve Battery"],"picked":"SKIP","floor":39.0},{"not_picked":["Gash+1","Go for the Eyes"],"picked":"Blizzard+1","floor":41.0},{"not_picked":["ReplaySolidLightProjector","Beam Cell+1","Go for the Eyes+1"],"picked":"SKIP","floor":42.0},{"not_picked":["Hologram","FIFO Queue+1","Undo+1"],"picked":"SKIP","floor":42.0},{"not_picked":["Turbo","Ball Lightning+1","Go for the Eyes"],"picked":"SKIP","floor":42.0},{"not_picked":["Skim+1","Turbo","Self Repair"],"picked":"SKIP","floor":42.0},{"not_picked":["Reboot","Redo","Conserve Battery+1"],"picked":"SKIP","floor":42.0},{"not_picked":["Sunder+1","Cold Snap","Auto Shields+1"],"picked":"SKIP","floor":42.0},{"not_picked":["Crystallizer","Scrape+1"],"picked":"Ball Lightning+1","floor":46.0},{"not_picked":["Consume+1","Beam Cell+1","Streamline"],"picked":"SKIP","floor":47.0},{"not_picked":["ReplayTheSpireMod:Repulse","Streamline"],"picked":"Loop","floor":48.0},{"not_picked":["Machine Learning","Seek"],"picked":"Core Surge","floor":50.0},{"not_picked":["Hello World","Compile Driver","Barrage"],"picked":"SKIP","floor":52.0},{"not_picked":["Streamline","Capacitor","Stack"],"picked":"SKIP","floor":53.0},{"not_picked":["Cold Snap+1","Melter+1"],"picked":"Loop","floor":56.0},{"not_picked":["Leap","Rebound+1"],"picked":"Cold Snap+1","floor":58.0},{"not_picked":["FIFO Queue","Gash+1"],"picked":"Machine Learning","floor":63.0},{"not_picked":["Hello World","Static Discharge"],"picked":"Cold Snap+1","floor":64.0},{"not_picked":["Darkness","Streamline+1","Melter+1"],"picked":"SKIP","floor":65.0},{"not_picked":["ReplayRNGCard","Hyperbeam+1"],"picked":"Machine Learning","floor":67.0},{"not_picked":["Go for the Eyes+1","Tempest","Ball Lightning+1"],"picked":"SKIP","floor":69.0},{"not_picked":["Turbo","FIFO Queue","Scrape+1"],"picked":"SKIP","floor":74.0},{"not_picked":["Redo","White Noise","Capacitor+1"],"picked":"SKIP","floor":75.0},{"not_picked":["Static Discharge","Rebound+1","Reinforced Body"],"picked":"SKIP","floor":76.0},{"not_picked":["Static Discharge+1","Undo","Redo"],"picked":"SKIP","floor":78.0},{"not_picked":["Mirror Shield","Streamline+1"],"picked":"Machine Learning","floor":80.0},{"not_picked":["Ball Lightning+1","Coolheaded+1"],"picked":"Cold Snap+1","floor":81.0},{"not_picked":["Meteor Strike+1","Ball Lightning+1","Rebound+1"],"picked":"SKIP","floor":82.0},{"not_picked":["ReplayTheSpireMod:Omega Cannon+1","Rainbow"],"picked":"Echo Form","floor":84.0},{"not_picked":["Rebound+1","Double Energy","Sweeping Beam+1"],"picked":"SKIP","floor":86.0},{"not_picked":["Undo+1","Doom and Gloom+1"],"picked":"Chill+1","floor":89.0},{"not_picked":["ReplayTheSpireMod:System Scan+1","Ball Lightning+1"],"picked":"Loop","floor":92.0},{"not_picked":["Recycle+1","Go for the Eyes+1","Beam Cell+1"],"picked":"SKIP","floor":95.0},{"not_picked":["Coolheaded+1","Meteor Strike+1","Compile Driver+1"],"picked":"SKIP","floor":98.0},{"not_picked":["Consume+1","Redo","Biased Cognition"],"picked":"SKIP","floor":99.0},{"not_picked":["Mirror Shield","Thunder Strike+1"],"picked":"Core Surge+1","floor":101.0},{"not_picked":["Hologram","Chaos","Tempest"],"picked":"SKIP","floor":103},{"not_picked":["Sweeping Beam+1","Rebound+1","Panic Button"],"picked":"SKIP","floor":108},{"not_picked":["BasicCrystalCard","Amplify","Doom and Gloom+1"],"picked":"SKIP","floor":109},{"not_picked":["BasicCrystalCard","Amplify","Doom and Gloom+1"],"picked":"SKIP","floor":109},{"not_picked":["BasicCrystalCard","Doom and Gloom+1"],"picked":"Amplify","floor":109},{"not_picked":["Ball Lightning+1","Hello World","Scrape+1"],"picked":"SKIP","floor":110}],"player_experience":919829,"relics_obtained":[{"floor":7.0,"key":"Akabeko"},{"floor":9.0,"key":"Pen Nib"},{"floor":12.0,"key":"reliquary:Stiletto"},{"floor":24.0,"key":"Bird Faced Urn"},{"floor":26.0,"key":"reliquary:JackalopeAntler"},{"floor":27.0,"key":"White Beast Statue"},{"floor":30.0,"key":"reliquary:RoseTintedGlasses"},{"floor":41.0,"key":"Replay:PocketPolymizer"},{"floor":46.0,"key":"wanderingMiniBosses:CarrionFlame"},{"floor":60.0,"key":"Tiny Chest"},{"floor":63.0,"key":"reliquary:PartyBalloon"},{"floor":64.0,"key":"ReplayTheSpireMod:Lightbulb"},{"floor":65.0,"key":"Peace Pipe"},{"floor":72.0,"key":"Chameleon Ring"},{"floor":74.0,"key":"reliquary:PorcupineQuills"},{"floor":76.0,"key":"Solar Panel"},{"floor":77.0,"key":"Quantum Egg"},{"floor":78.0,"key":"Replay:Rubber Ducky"},{"floor":80.0,"key":"Juzu Bracelet"},{"floor":82.0,"key":"Anchor"},{"floor":92.0,"key":"Vajra"},{"floor":92.0,"key":"infinitespire:FocusingShard"},{"floor":94.0,"key":"reliquary:ShortFuse"},{"floor":95.0,"key":"Orichalcum"},{"floor":95.0,"key":"reliquary:BoilingFlask"},{"floor":96.0,"key":"reliquary:Boomerang"},{"floor":99.0,"key":"Kunai"},{"floor":99.0,"key":"WingedGreaves"},{"floor":107,"key":"reliquary:FeatherDuster"},{"floor":109,"key":"Divine Protection"},{"floor":109,"key":"PreservedInsect"},{"floor":110,"key":"Calipers"},{"floor":110,"key":"DataDisk"},{"floor":111,"key":"MawBank"}],"event_choices":[{"damage_healed":0.0,"max_hp_gain":0.0,"max_hp_loss":0.0,"gold_gain":100.0,"event_name":"Golden Shrine","player_choice":"Pray","floor":5.0,"gold_loss":0.0,"damage_taken":0.0},{"damage_healed":0.0,"max_hp_gain":0.0,"max_hp_loss":0.0,"gold_gain":0.0,"event_name":"Upgrade Shrine","player_choice":"Upgraded","floor":29.0,"gold_loss":0.0,"damage_taken":0.0,"cards_upgraded":["infinitespire:UltimateForm"]},{"damage_healed":0.0,"max_hp_gain":0.0,"max_hp_loss":0.0,"gold_gain":6.0,"event_name":"betterStone:BetterStone","player_choice":"1","floor":87.0,"gold_loss":0.0,"damage_taken":0.0},{"damage_healed":0,"gold_gain":60,"player_choice":"Gained Gold","damage_taken":0,"max_hp_gain":0,"max_hp_loss":0,"event_name":"Golden Wing","floor":104,"gold_loss":0},{"damage_healed":0,"gold_gain":175,"player_choice":"AGREE","damage_taken":164,"max_hp_gain":0,"max_hp_loss":0,"event_name":"betterThird:BetterSerpent","floor":105,"gold_loss":0},{"damage_healed":0,"gold_gain":75,"player_choice":"Gold","damage_taken":11,"max_hp_gain":1,"max_hp_loss":0,"event_name":"betterThird:BetterGoop","floor":106,"gold_loss":0}],"is_beta":false,"boss_relics":[{"not_picked":["Replay:Wanted Poster","Honey Jar"],"picked":"Painkiller Herb"},{"not_picked":["Sozu","Empty Cage"],"picked":"SacredBark"},{"not_picked":["Calling Bell","Velvet Choker"],"picked":"Astrolabe"},{"not_picked":["Fusion Hammer","Replay:Ancient Bell"],"picked":"Runic Pyramid"},{"not_picked":["Replay:Bronze Core","reliquary:Ember"],"picked":"Black Star"},{"not_picked":["Philosopher\u0027s Stone","Abe\u0027s Treasure"],"picked":"reliquary:Craggleroot"}],"items_purged_floors":[21,73],"is_endless":true,"potions_floor_spawned":[2,8,11,12,16,18,25,30,31,33,35,36,37,38,39,41,42,46,47,48,50,52,53,56,58,63,65,67,69,74,75,76,78,80,81,82,84,86,89,92,95,98,99,101,103,108,109,110],"killed_by":"Cultist","ascension_level":1}}