{"host":"b7dyfc527bmrkvbm","time":1612804588,"event":{"mods":["BaseMod","BetterRewards","Conspire","Downfall","Hubris","Infinite Spire","Mimic Mod","Minty Spire (QoL Compilation)","Replay The Spire","Shop Mod","StSLib","The Jungle"],"gold_per_floor":[363,363,380,397,407,407,432,432,469,469,482,48,48,60,60,165,165,190,190,230,104,129,129,129],"floor_reached":23,"language":"ENG","playtime":4353,"items_purged":["Strike_P","Shame"],"score":191,"play_id":"ce8d2f8b-e892-4e80-972b-521dfb4a09a0","local_time":"20210208121628","is_ascension_mode":false,"campfire_choices":[{"floor":6,"key":"RECALL"},{"data":"BattleHymn","floor":8,"key":"SMITH"},{"data":"Replay:DivineShield","floor":10,"key":"SMITH"}],"circlet_count":0,"master_deck":["Strike_P","Strike_P","Strike_P","Defend_P","Defend_P","Defend_P","Defend_P","Eruption","BattleHymn+1","Ragnarok","Prostrate","Replay:DivineShield+1","Replay:AtTheReady","SandsOfTime","FlurryOfBlows","ForeignInfluence","infinitespire:Starlight","FlurryOfBlows","Bash","Alpha","hubris:Greed","ReplayTheSpireMod:Splinters","Decay","Replay:Cycle","Fasting2","Nirvana","Replay:ManipulateFuture"],"relics":["infinitespire:FocusingShard","Smiling Mask","Replay:Mystery Machine","Nunchaku","Replay:M_SmolderingBlood","Replay:Ancient Bell","Replay:Rubber Ducky","Garlic","Replay:Purple Gloves","theJungle:PaperFaux","infinitespire:CheckeredPen"],"acts_visited":["Exordium","theJungle:Jungle"],"potions_floor_usage":[16,23],"damage_taken":[{"damage":2.0,"enemies":"conspire:RoseBush","floor":1.0,"turns":3.0},{"damage":0,"enemies":"Cultist","floor":3,"turns":2},{"damage":0,"enemies":"Small Slimes","floor":4,"turns":2},{"damage":7,"enemies":"Blue Slaver","floor":5,"turns":3},{"damage":11,"enemies":"Gremlin Nob","floor":7,"turns":3},{"damage":0,"enemies":"3 Louse","floor":9,"turns":7},{"damage":0,"enemies":"3 Louse","floor":11,"turns":2},{"damage":9,"enemies":"Large Slime","floor":14,"turns":4},{"damage":22,"enemies":"Hexaghost","floor":16,"turns":8},{"damage":17,"enemies":"theJungle:MUSHROOMGANG","floor":18,"turns":4},{"damage":17,"enemies":"conspire:MimicChest","floor":20,"turns":5},{"damage":27,"enemies":"theJungle:5_Spyders","floor":22,"turns":7},{"damage":35,"enemies":"theJungle:Cassacara","floor":23,"turns":2}],"seed_played":"-414190002282319772","potions_obtained":[{"floor":5,"key":"Ancient Potion"},{"floor":14,"key":"DuplicationPotion"},{"floor":16,"key":"CultistPotion"},{"floor":18,"key":"hexamod:SoulburnPotion"}],"is_trial":false,"path_per_floor":["M","?","M","M","M","R","E","R","MIM","R","M","$","?","M","R","B",null,"M","?","?","$","M","E"],"character_chosen":"WATCHER","items_purchased":["Replay:Mystery Machine","ForeignInfluence","Nunchaku","Nirvana"],"campfire_rested":0,"item_purchase_floors":[12,12,12,21],"current_hp_per_floor":[63,63,63,63,56,56,45,45,45,45,45,45,29,30,30,18,65,48,48,41,41,24,0,0],"gold":129,"neow_bonus":"TWO_FIFTY_GOLD","is_daily":false,"chose_seed":false,"campfire_upgraded":2,"win_rate":0.0,"timestamp":1612804588,"path_taken":["M","?","?","M","M","R","E","R","MIM","R","M","$","?","M","R","BOSS","M","?","?","?","?","E"],"items_purchased_type":["Relic","Card","Relic","Card"],"build_version":"2020-12-22","purchased_purges":2,"victory":false,"max_hp_per_floor":[65,65,65,65,65,65,65,65,65,65,65,65,65,65,65,65,65,65,65,65,65,65,65,65],"card_choices":[{"not_picked":["Adaptation","Consecrate"],"picked":"BattleHymn","floor":1},{"not_picked":["CarveReality","Consecrate","WheelKick"],"picked":"SKIP","floor":3},{"not_picked":["Halt","BowlingBash"],"picked":"Prostrate","floor":4},{"not_picked":["Crescendo","Replay:ManipulateFuture"],"picked":"Replay:DivineShield","floor":5},{"not_picked":["Evaluate","EmptyFist"],"picked":"Replay:AtTheReady","floor":7},{"not_picked":["Replay:Anticipation","FollowUp"],"picked":"SandsOfTime","floor":9},{"not_picked":["Protect","Wallop"],"picked":"FlurryOfBlows","floor":11},{"not_picked":["infinitespire:Collect","ReplayTheSpireMod:Echoes of Time"],"picked":"infinitespire:Starlight","floor":13},{"not_picked":["Replay:Battleflow","WindmillStrike"],"picked":"FlurryOfBlows","floor":14},{"not_picked":["ConjureBlade","MasterReality"],"picked":"Alpha","floor":16},{"not_picked":["Clumsy","Amnesia"],"picked":"hubris:Greed","floor":17},{"not_picked":["conspire:NecroticWound","Regret"],"picked":"ReplayTheSpireMod:Splinters","floor":17},{"not_picked":["hubris:Compulsion","Pain"],"picked":"Decay","floor":17},{"not_picked":["CrushJoints","ReachHeaven+1"],"picked":"Replay:Cycle","floor":18},{"not_picked":["SandsOfTime","Wallop"],"picked":"Fasting2","floor":20},{"not_picked":["Ragnarok","PathToVictory"],"picked":"Replay:ManipulateFuture","floor":22}],"player_experience":326086,"relics_obtained":[{"floor":7,"key":"infinitespire:FocusingShard"},{"floor":9,"key":"Smiling Mask"},{"floor":20,"key":"infinitespire:CheckeredPen"}],"event_choices":[{"damage_healed":0,"gold_gain":0,"player_choice":"1 cards matched","damage_taken":0,"max_hp_gain":0,"max_hp_loss":0,"event_name":"Match and Keep!","floor":2,"gold_loss":0,"cards_obtained":["Ragnarok"]}],"is_beta":false,"boss_relics":[{"not_picked":["Replay:Fungal Core","conspire:RoyalGoblet"],"picked":"Replay:Ancient Bell"},{"not_picked":["Blood Vial","hubris:ToyBattleship"],"picked":"Replay:Rubber Ducky"},{"not_picked":["Gremlin Horn","Blue Candle"],"picked":"Garlic"},{"not_picked":["hubris:Zylophone","Incense Burner"],"picked":"Replay:Purple Gloves"}],"items_purged_floors":[12,21],"is_endless":false,"potions_floor_spawned":[5,14,16,18],"killed_by":"theJungle:Cassacara","ascension_level":0}}