{"host":"qc268ltokmxwqyrx","time":1612751381,"event":{"mods":["BaseMod","Colored Map","Colored Powertips","Minty Spire (QoL Compilation)","Relic Stats","Slay the Relics Exporter","StSLib","ojb\u0027s Info Mod"],"gold_per_floor":[119,119,119,5,24,49,49,80,80,80,80],"floor_reached":10,"language":"ENG","playtime":306,"items_purged":[],"score":148,"play_id":"fb08f3ee-18c7-49ec-8f74-29df2077cacf","local_time":"20210207202941","is_ascension_mode":true,"campfire_choices":[{"floor":7,"key":"REST"}],"circlet_count":0,"master_deck":["AscendersBane","Strike_R","Strike_R+1","Strike_R","Strike_R","Defend_R+1","Defend_R","Defend_R","Defend_R","Bash","Twin Strike","Anger","Combust","Sever Soul"],"relics":["SacredBark","Art of War","Magic Flower","Shuriken"],"acts_visited":["Exordium"],"potions_floor_usage":[6,8],"damage_taken":[{"damage":11,"enemies":"Small Slimes","floor":1,"turns":5},{"damage":4,"enemies":"Jaw Worm","floor":5,"turns":2},{"damage":17,"enemies":"3 Sentries","floor":6,"turns":5},{"damage":7,"enemies":"Gremlin Nob","floor":8,"turns":4},{"damage":22,"enemies":"Lagavulin","floor":10,"turns":5}],"seed_played":"-5455699161325822722","potions_obtained":[{"floor":6,"key":"Block Potion"}],"is_trial":false,"path_per_floor":["M","?","?","$","M","E","R","E","T","E"],"character_chosen":"IRONCLAD","items_purchased":["Anger","Fire Potion"],"campfire_rested":1,"item_purchase_floors":[4,4],"current_hp_per_floor":[57,34,27,27,23,6,28,21,21,0,0],"gold":80,"neow_bonus":"BOSS_RELIC","is_daily":false,"chose_seed":false,"campfire_upgraded":0,"win_rate":0.0,"timestamp":1612751381,"path_taken":["M","?","?","$","M","E","R","E","T","E"],"items_purchased_type":["Card","Potion"],"build_version":"2020-12-22","purchased_purges":0,"victory":false,"max_hp_per_floor":[75,75,75,75,75,75,75,75,75,75,75],"relic_stats":{"counters":[5,21],"Shuriken":[1],"Magic Flower":[0],"Art of War":[1],"obtain_stats":[{"Shuriken":9,"SacredBark":0,"Magic Flower":8,"Art of War":6,"Burning Blood":0},{"Shuriken":4,"SacredBark":0,"Magic Flower":4,"Art of War":3,"Burning Blood":0},{"Shuriken":16,"SacredBark":0,"Magic Flower":16,"Art of War":12,"Burning Blood":0}]},"card_choices":[{"not_picked":["Dropkick","Body Slam"],"picked":"Twin Strike","floor":1},{"not_picked":["Warcry","Flex"],"picked":"Combust","floor":5},{"not_picked":["Anger","Intimidate"],"picked":"Sever Soul","floor":6},{"not_picked":["Rage","Twin Strike","Body Slam"],"picked":"SKIP","floor":8}],"player_experience":1819675,"relics_obtained":[{"floor":6,"key":"Art of War"},{"floor":8,"key":"Magic Flower"},{"floor":9,"key":"Shuriken"}],"event_choices":[{"damage_healed":0,"gold_gain":0,"player_choice":"Entered Light","damage_taken":23,"max_hp_gain":0,"max_hp_loss":0,"event_name":"Shining Light","floor":2,"gold_loss":0,"cards_upgraded":["Strike_R","Defend_R"]},{"cards_removed":["Strike_R"],"damage_healed":0,"gold_gain":0,"player_choice":"Card Removal","damage_taken":7,"max_hp_gain":0,"max_hp_loss":0,"event_name":"Golden Wing","floor":3,"gold_loss":0}],"is_beta":false,"boss_relics":[],"items_purged_floors":[],"is_endless":false,"potions_floor_spawned":[6],"killed_by":"Lagavulin","ascension_level":20}}