{"host":"5kerkh94hj8hofz6","time":1612759797,"event":{"mods":["AchievementEnabler","BaseMod","Colored Map","Colored Powertips","Highlight Path","Minty Spire (QoL Compilation)","StSLib","The Cursed","The Hierophant"],"gold_per_floor":[114,132,147,18,38,38,113,146,146,146,161,175,175,175,175,276,276,289,301,301,173,173,173,205,205,205,205,225,238,238,251,251,350,350,360,377,377,388,388,388],"floor_reached":39,"language":"ENG","playtime":1797,"items_purged":["Strike_B+1"],"score":463,"play_id":"927cb87d-2c68-4594-98b0-df9160cbdf66","local_time":"20210208174957","is_ascension_mode":true,"campfire_choices":[{"data":"Loop","floor":6.0,"key":"SMITH"},{"floor":10.0,"key":"REST"},{"data":"Recycle","floor":13.0,"key":"SMITH"},{"data":"Barrage","floor":15.0,"key":"SMITH"},{"data":"Fission","floor":23.0,"key":"SMITH"},{"floor":25.0,"key":"REST"},{"data":"Stack","floor":27.0,"key":"SMITH"},{"floor":32.0,"key":"REST"}],"circlet_count":0,"master_deck":["Strike_B+1","Strike_B+1","Strike_B+1","Defend_B+1","Defend_B+1","Defend_B+1","Defend_B+1","Zap","Dualcast","Electrodynamics","Undo","Recycle+1","Loop+1","Capacitor","Barrage+1","Hologram","Coolheaded","Fission+1","Stack+1","Ball Lightning","Coolheaded","Fission+1","Conserve Battery","Meteor Strike","Force Field","Reinforced Body+1","Stack+1"],"relics":["Cracked Core","Letter Opener","Kunai","Philosopher\u0027s Stone","Blue Candle","White Beast Statue","Cursed Key"],"acts_visited":["Exordium","TheCity","TheBeyond"],"potions_floor_usage":[36],"damage_taken":[{"damage":7.0,"enemies":"Jaw Worm","floor":1.0,"turns":3.0},{"damage":1.0,"enemies":"Small Slimes","floor":2.0,"turns":2.0},{"damage":1.0,"enemies":"Cultist","floor":3.0,"turns":3.0},{"damage":6.0,"enemies":"Lots of Slimes","floor":5.0,"turns":3.0},{"damage":32.0,"enemies":"Gremlin Nob","floor":8.0,"turns":4.0},{"damage":1.0,"enemies":"Exordium Thugs","floor":11.0,"turns":5.0},{"damage":0.0,"enemies":"Large Slime","floor":12.0,"turns":4.0},{"damage":32.0,"enemies":"Hexaghost","floor":16.0,"turns":11.0},{"damage":15.0,"enemies":"Spheric Guardian","floor":18.0,"turns":5.0},{"damage":9.0,"enemies":"3 Byrds","floor":19.0,"turns":2.0},{"damage":32.0,"enemies":"Slavers","floor":24.0,"turns":2.0},{"damage":6.0,"enemies":"Cultist and Chosen","floor":28.0,"turns":4.0},{"damage":7.0,"enemies":"Snecko","floor":29.0,"turns":4.0},{"damage":0.0,"enemies":"Chosen and Byrds","floor":31.0,"turns":3.0},{"damage":34,"enemies":"Automaton","floor":33,"turns":11},{"damage":4,"enemies":"Orb Walker","floor":35,"turns":4},{"damage":36,"enemies":"3 Darklings","floor":36,"turns":4},{"damage":7,"enemies":"Maw","floor":38,"turns":8},{"damage":31,"enemies":"Spire Growth","floor":39,"turns":4}],"seed_played":"-7942811437356492083","potions_obtained":[{"floor":1.0,"key":"Energy Potion"},{"floor":8.0,"key":"FearPotion"},{"floor":12.0,"key":"Fire Potion"},{"floor":16.0,"key":"LiquidBronze"},{"floor":24.0,"key":"Block Potion"},{"floor":28.0,"key":"Fire Potion"},{"floor":31.0,"key":"LiquidMemories"},{"floor":35,"key":"EssenceOfSteel"},{"floor":36,"key":"Ancient Potion"}],"is_trial":false,"path_per_floor":["M","M","M","$","M","R","?","E","T","R","M","M","R","?","R","B",null,"M","M","?","$","?","R","E","R","T","R","M","M","?","M","R","B",null,"M","M","?","M","M"],"character_chosen":"DEFECT","items_purchased":["Capacitor","Block Potion","Stack"],"campfire_rested":3,"item_purchase_floors":[4,4,21],"current_hp_per_floor":[68,67,66,66,60,60,49,17,17,39,38,38,38,38,38,6,75,60,51,51,51,51,51,19,41,41,41,35,28,28,28,50,16,75,71,35,35,28,0,0],"gold":388,"neow_bonus":"ONE_RANDOM_RARE_CARD","is_daily":false,"chose_seed":false,"campfire_upgraded":5,"win_rate":0.0,"timestamp":1612759797,"path_taken":["M","M","M","$","M","R","?","E","T","R","M","M","R","?","R","BOSS","M","M","?","$","?","R","E","R","T","R","M","M","?","?","R","BOSS","M","?","?","M","M"],"items_purchased_type":["Card","Potion","Card"],"build_version":"2020-12-22","purchased_purges":1,"victory":false,"max_hp_per_floor":[75,75,75,75,75,75,75,75,75,75,75,75,75,75,75,75,75,75,75,75,75,75,75,75,75,75,75,75,75,75,75,75,75,75,75,75,75,75,75,75],"card_choices":[{"not_picked":["Sweeping Beam","Gash"],"picked":"Undo","floor":1.0},{"not_picked":["Rebound","Go for the Eyes"],"picked":"Recycle","floor":2.0},{"not_picked":["Compile Driver","Steam"],"picked":"Loop","floor":3.0},{"not_picked":["Stack","Static Discharge"],"picked":"Barrage","floor":5.0},{"not_picked":["Loop","Scrape"],"picked":"Hologram","floor":8.0},{"not_picked":["Multi-Cast","Barrage"],"picked":"Coolheaded","floor":11.0},{"not_picked":["Redo","Gash","Hologram"],"picked":"SKIP","floor":12.0},{"not_picked":["Electrodynamics","Echo Form"],"picked":"Fission","floor":16.0},{"not_picked":["Barrage","Go for the Eyes","Heatsinks"],"picked":"SKIP","floor":18.0},{"not_picked":["Chaos","Hello World","Barrage"],"picked":"SKIP","floor":19.0},{"not_picked":["Streamline","Hello World"],"picked":"Ball Lightning","floor":24.0},{"not_picked":["Go for the Eyes","Beam Cell+1"],"picked":"Coolheaded","floor":28.0},{"not_picked":["Sweeping Beam","Rebound","Scrape"],"picked":"SKIP","floor":29.0},{"not_picked":["Barrage","Redo"],"picked":"Conserve Battery","floor":31.0},{"not_picked":["Seek","Amplify"],"picked":"Meteor Strike","floor":33},{"not_picked":["Stack","BootSequence"],"picked":"Force Field","floor":35},{"not_picked":["Beam Cell+1","Heatsinks+1"],"picked":"Reinforced Body+1","floor":36},{"not_picked":["Steam","Turbo+1"],"picked":"Stack+1","floor":38}],"player_experience":420333,"relics_obtained":[{"floor":8.0,"key":"Letter Opener"},{"floor":9.0,"key":"Kunai"},{"floor":24.0,"key":"Blue Candle"},{"floor":26.0,"key":"White Beast Statue"}],"event_choices":[{"damage_healed":0.0,"max_hp_gain":0.0,"max_hp_loss":0.0,"gold_gain":75.0,"event_name":"World of Goop","player_choice":"Gather Gold","floor":7.0,"gold_loss":0.0,"damage_taken":11.0},{"damage_healed":0.0,"max_hp_gain":0.0,"max_hp_loss":0.0,"gold_gain":0.0,"event_name":"Liars Game","player_choice":"Ignored","floor":14.0,"gold_loss":0.0,"damage_taken":0.0},{"damage_healed":0.0,"max_hp_gain":0.0,"max_hp_loss":0.0,"gold_gain":0.0,"event_name":"Back to Basics","player_choice":"Simplicity","floor":20.0,"gold_loss":0.0,"damage_taken":0.0,"cards_upgraded":["Strike_B","Strike_B","Strike_B","Strike_B","Defend_B","Defend_B","Defend_B","Defend_B"]},{"damage_healed":0.0,"max_hp_gain":0.0,"max_hp_loss":0.0,"gold_gain":0.0,"event_name":"Vampires","player_choice":"Ignored","floor":22.0,"gold_loss":0.0,"damage_taken":0.0},{"damage_healed":0.0,"max_hp_gain":0.0,"max_hp_loss":0.0,"gold_gain":0.0,"event_name":"Duplicator","player_choice":"Copied","floor":30.0,"gold_loss":0.0,"damage_taken":0.0,"cards_obtained":["Fission"]},{"damage_healed":0,"gold_gain":0,"player_choice":"Ignored","damage_taken":0,"max_hp_gain":0,"max_hp_loss":0,"event_name":"Mysterious Sphere","floor":37,"gold_loss":0}],"is_beta":false,"boss_relics":[{"not_picked":["Coffee Dripper","FrozenCore"],"picked":"Philosopher\u0027s Stone"},{"not_picked":["Snecko Eye","Tiny House"],"picked":"Cursed Key"}],"items_purged_floors":[21],"is_endless":false,"potions_floor_spawned":[1,8,12,16,24,28,29,31,33,35,36,38],"killed_by":"Spire Growth","ascension_level":3}}