{"host":"jt4xaqerixsfdsye","time":1612823117,"event":{"mods":["BaseMod","Downfall","Minty Spire (QoL Compilation)","StSLib"],"gold_per_floor":[349,365,375,389,3,23,23,23,23,23,23,33,18,18,35,131,131,131,145,160,174,22,41,41,141,141,156,170,190,206,225,241,241,241,241],"floor_reached":33,"language":"ENG","playtime":3966,"items_purged":[],"score":322,"play_id":"76c38646-81be-4099-885d-b977f0e8c942","local_time":"20210208232517","is_ascension_mode":false,"campfire_choices":[{"data":"hexamod:Sear","floor":1,"key":"SMITH"},{"data":"hexamod:EmpoweredFlame","floor":8,"key":"SMITH"},{"data":"hexamod:ForkedFlame","floor":18,"key":"SMITH"}],"circlet_count":0,"master_deck":["hexamod:Strike","hexamod:Strike","hexamod:Strike","hexamod:Defend","hexamod:Defend","hexamod:Defend","hexamod:Defend","hexamod:Sear+1","hexamod:FastForward","hexamod:GhostLash","hexamod:EmpoweredFlame+1","hexamod:PhantomFireball","hexamod:DynamicBlow","hexamod:GhostShield","hexamod:ThirdSeal","hexamod:GhostflameBarrier","hexamod:GhostShield","hexamod:DynamicBlow","hexamod:HexaLevel","hexamod:UnleashSpirits","hexamod:Hexaguard","hexamod:SpectersWail","hexamod:ForkedFlame+1","hexamod:GhostflameInferno","hexamod:SpectersWail+1","hexamod:HeatMetal+1","hexamod:FlamesFromBeyond","hexamod:HeatCrush","hexamod:ForkedFlame","hexamod:InspiringFlames","hexamod:TimeOfNeed","hexamod:RadiantFlame+1","hexamod:SoulSteal+1","hexamod:NecessarySacrifice+1","hexamod:InspiringFlames+1","hexamod:ShieldOfDarkness+1","hexamod:ShieldOfDarkness+1","hexamod:DynamicBlow","hexamod:PowerFromBeyond+1","hexamod:NightmareGuise+1","hexamod:InspiringFlames+1","hexamod:SwordOfDarkness+1"],"relics":["hexamod:SpiritBrand","Bottled Tornado","Incense Burner","Boot","Philosopher\u0027s Stone","CaptainsWheel","Girya","Toxic Egg 2","Du-Vu Doll"],"acts_visited":["Exordium","TheCity"],"potions_floor_usage":[16,19,20,21,22,27,30,30,33,33],"damage_taken":[{"damage":1,"enemies":"Jaw Worm","floor":2,"turns":3},{"damage":0,"enemies":"Small Slimes","floor":3,"turns":3},{"damage":0,"enemies":"Cultist","floor":4,"turns":3},{"damage":0,"enemies":"downfall:FleeingMerchant","floor":5,"turns":4},{"damage":6,"enemies":"Large Slime","floor":6,"turns":5},{"damage":19,"enemies":"Exordium Wildlife","floor":12,"turns":5},{"damage":3,"enemies":"downfall:FleeingMerchant","floor":13,"turns":4},{"damage":1,"enemies":"Red Slaver","floor":15,"turns":4},{"damage":0,"enemies":"SI_SHIV_ARCHETYPE","floor":16,"turns":7},{"damage":0,"enemies":"Spheric Guardian","floor":19,"turns":3},{"damage":11,"enemies":"Shelled Parasite and Fungi","floor":20,"turns":4},{"damage":2,"enemies":"Cultist and Chosen","floor":21,"turns":5},{"damage":20,"enemies":"downfall:FleeingMerchant","floor":22,"turns":4},{"damage":4,"enemies":"Centurion and Healer","floor":23,"turns":4},{"damage":0,"enemies":"WA_ARCHETYPE_RETAIN","floor":25,"turns":4},{"damage":0,"enemies":"Sentry and Sphere","floor":27,"turns":5},{"damage":8,"enemies":"Cultist and Chosen","floor":28,"turns":5},{"damage":5,"enemies":"Snake Plant","floor":29,"turns":3},{"damage":4,"enemies":"3 Cultists","floor":30,"turns":3},{"damage":0,"enemies":"Snecko","floor":31,"turns":4},{"damage":0,"enemies":"Snake Plant","floor":32,"turns":3},{"damage":26,"enemies":"IC_MUSHROOM_ARCHETYPE","floor":33,"turns":4}],"seed_played":"1999624413759882208","potions_obtained":[{"floor":6,"key":"hexamod:EctoCoolerPotion"},{"floor":12,"key":"LiquidMemories"},{"floor":15,"key":"DuplicationPotion"},{"floor":16,"key":"DuplicationPotion"},{"floor":19,"key":"Fire Potion"},{"floor":20,"key":"Dexterity Potion"},{"floor":23,"key":"Ancient Potion"},{"floor":28,"key":"BlessingOfTheForge"},{"floor":29,"key":"FearPotion"},{"floor":30,"key":"hexamod:EctoCoolerPotion"}],"is_trial":false,"path_per_floor":["R","M","M","M","$","M","T","R","?","?","T","M","$","?","M","B",null,"R","M","M","M","$","M","T","?","T","M","M","M","M","M","M","B"],"character_chosen":"THE_SPIRIT","items_purchased":["hexamod:DynamicBlow","hexamod:GhostShield","Bottled Tornado","hexamod:TimeOfNeed"],"campfire_rested":0,"item_purchase_floors":[5,5,5,22],"current_hp_per_floor":[49,48,48,48,48,42,42,42,42,42,42,23,20,20,19,19,70,70,70,59,57,37,33,33,33,33,33,25,20,16,16,16,0,0,0],"gold":241,"neow_bonus":"TWO_FIFTY_GOLD","is_daily":false,"chose_seed":false,"campfire_upgraded":3,"win_rate":0.0,"timestamp":1612823117,"path_taken":["R","M","M","M","$","M","T","R","?","?","?","M","$","?","M","BOSS","R","M","?","M","$","M","T","?","?","M","?","M","M","M","M","BOSS"],"items_purchased_type":["Card","Card","Relic","Card"],"build_version":"2020-12-22","purchased_purges":0,"victory":false,"max_hp_per_floor":[70,70,70,70,70,70,70,70,70,70,70,70,70,70,70,70,70,70,70,70,70,70,70,70,70,70,70,70,70,70,70,70,70,70,70],"card_choices":[{"not_picked":["hexamod:AdvancingGuard","hexamod:BacktrackSmack"],"picked":"hexamod:FastForward","floor":2},{"not_picked":["hexamod:NightmareGuise","hexamod:GhostShield"],"picked":"hexamod:GhostLash","floor":3},{"not_picked":["hexamod:TimeWarp","hexamod:BacktrackSmack"],"picked":"hexamod:EmpoweredFlame","floor":4},{"not_picked":["hexamod:SecondSeal","hexamod:ShieldOfDarkness"],"picked":"hexamod:PhantomFireball","floor":5},{"not_picked":["hexamod:Hexaguard","hexamod:RetreatToShadows"],"picked":"hexamod:InspiringFlames","floor":6},{"not_picked":["hexamod:Hexaguard","hexamod:BacktrackSmack"],"picked":"hexamod:GhostflameBarrier","floor":12},{"not_picked":["hexamod:TurnItUp","hexamod:HauntingEcho"],"picked":"hexamod:GhostShield","floor":12},{"not_picked":["hexamod:RadiantFlame","hexamod:RetreatToShadows"],"picked":"hexamod:DynamicBlow","floor":13},{"not_picked":["hexamod:BurningTouch","hexamod:CatchUp"],"picked":"hexamod:HexaLevel","floor":13},{"not_picked":["hexamod:GhostLash","hexamod:StepThrough"],"picked":"hexamod:Hexaguard","floor":15},{"not_picked":["hexamod:EmpoweredFlame","hexamod:GhostflameBarrier"],"picked":"hexamod:SpectersWail","floor":15},{"not_picked":["hexamod:TimeOfNeed","hexamod:SixthSeal"],"picked":"hexamod:ForkedFlame","floor":16},{"not_picked":["hexamod:GhostOfSpirePresent","hexamod:TimeWarp"],"picked":"hexamod:GhostflameInferno","floor":16},{"not_picked":["hexamod:NightmareGuise","hexamod:ThermalTransfer"],"picked":"hexamod:SpectersWail+1","floor":19},{"not_picked":["hexamod:SkipABeat","hexamod:Firestarter+1"],"picked":"hexamod:HeatMetal+1","floor":20},{"not_picked":["hexamod:SpectersWail","hexamod:ThermalTransfer+1"],"picked":"hexamod:FlamesFromBeyond","floor":20},{"not_picked":["hexamod:FourthSeal","hexamod:ShieldOfDarkness"],"picked":"hexamod:HeatCrush","floor":21},{"not_picked":["hexamod:StepThrough","hexamod:BurningTouch"],"picked":"hexamod:ForkedFlame","floor":22},{"not_picked":["hexamod:TimeWarp","hexamod:HexaLevel"],"picked":"hexamod:InspiringFlames","floor":22},{"not_picked":["hexamod:BurningTouch","hexamod:NightmareStrike"],"picked":"hexamod:RadiantFlame+1","floor":23},{"not_picked":["hexamod:ThirdSeal","hexamod:UnleashSpirits"],"picked":"hexamod:SoulSteal+1","floor":25},{"not_picked":["hexamod:ThermalTransfer","hexamod:GhostLash"],"picked":"hexamod:NecessarySacrifice+1","floor":25},{"not_picked":["hexamod:PhantomFireball+1","hexamod:SwordOfDarkness"],"picked":"hexamod:InspiringFlames+1","floor":27},{"not_picked":["hexamod:SixthSeal","hexamod:BacktrackSmack"],"picked":"hexamod:ShieldOfDarkness+1","floor":28},{"not_picked":["hexamod:Firestarter+1","hexamod:SpectersWail"],"picked":"hexamod:ShieldOfDarkness+1","floor":28},{"not_picked":["hexamod:RetreatToShadows+1","hexamod:SecondSeal"],"picked":"hexamod:DynamicBlow","floor":29},{"not_picked":["hexamod:HauntingEcho","hexamod:AdvancingGuard+1"],"picked":"hexamod:PowerFromBeyond+1","floor":30},{"not_picked":["hexamod:BacktrackSmack","hexamod:EmpoweredFlame"],"picked":"hexamod:NightmareGuise+1","floor":30},{"not_picked":["hexamod:SecondSeal","hexamod:Firestarter"],"picked":"hexamod:InspiringFlames+1","floor":31},{"not_picked":["hexamod:SecondSeal","hexamod:Rewind+1"],"picked":"hexamod:SwordOfDarkness+1","floor":32}],"player_experience":192193,"relics_obtained":[{"floor":7,"key":"Incense Burner"},{"floor":11,"key":"Boot"},{"floor":24,"key":"CaptainsWheel"},{"floor":25,"key":"Girya"},{"floor":25,"key":"Toxic Egg 2"},{"floor":26,"key":"Du-Vu Doll"}],"event_choices":[],"is_beta":false,"boss_relics":[{"not_picked":["Velvet Choker","Astrolabe"],"picked":"Philosopher\u0027s Stone"}],"items_purged_floors":[],"is_endless":false,"potions_floor_spawned":[6,12,15,16,19,20,23,28,29,30],"killed_by":"IC_MUSHROOM_ARCHETYPE","ascension_level":0}}