{"host":"rq7gz685gkaokql0","time":1612744081,"event":{"mods":["BaseMod","Hubris","Infinite Spire","Minty Spire (QoL Compilation)","Replay The Spire","StSLib"],"gold_per_floor":[109,109,109,109,109,109,139,149,172,206,223,236,236,251,251,328,328,340,340,358,358,358,358,383,401,401,401,419,419,23,123,123,123,123],"floor_reached":33,"language":"ENG","playtime":1053,"items_purged":["Shame"],"score":621,"play_id":"1422f0e6-9629-4ee3-8e12-35e13f0f43a3","local_time":"20210207142801","is_ascension_mode":true,"campfire_choices":[{"floor":6.0,"key":"REST"},{"floor":15.0,"key":"REST"},{"data":"ReplayTheSpireMod:From All Sides","floor":23.0,"key":"SMITH"}],"circlet_count":0,"master_deck":["AscendersBane","Strike_G","Strike_G","Strike_G","Strike_G","Strike_G","Defend_G","Defend_G","Defend_G","Defend_G","Defend_G","Survivor","Neutralize+1","Poisoned Stab+1","Toxin Wave","Masterful Stab","PiercingWail","Draining Mist+1","Slice","Leg Sweep","ReplayTheSpireMod:From All Sides+1","CurseOfTheBell","Toxin Wave+1","Ghostly","Ghostly","Ghostly","PiercingWail+1","RitualDagger","Catalyst","Terror","Sucker Punch+1","Infinite Blades+1","Dagger Spray"],"relics":["Ring of the Snake","NeowsBlessing","Replay:Ringing Soul","hubris:Towel","Iron Hammer","Blue Doll","Snake Skull","Calling Bell","infinitespire:Bottled Soul","PreservedInsect","Ginger","ReplayTheSpireMod:Ring of Addiction","hubris:EmptyBottle","SacredBark","ReplayTheSpireMod:Ring of Collecting","Tiny Chest","Ring of Hypnosis","Boot","Anchor","Regal Pillow","Ring of Greed","Golden Egg","The Courier","Replay:Mystery Machine"],"acts_visited":["Exordium","TheCity"],"potions_floor_usage":[33,33,33,33],"damage_taken":[{"damage":0.0,"enemies":"Jaw Worm","floor":1.0,"turns":1.0},{"damage":0.0,"enemies":"Lagavulin","floor":7.0,"turns":1.0},{"damage":0.0,"enemies":"Small Slimes","floor":8.0,"turns":1.0},{"damage":28.0,"enemies":"3 Sentries","floor":10.0,"turns":10.0},{"damage":0.0,"enemies":"Cultist","floor":11.0,"turns":2.0},{"damage":10.0,"enemies":"Gremlin Gang","floor":12.0,"turns":5.0},{"damage":0.0,"enemies":"3 Louse","floor":14.0,"turns":2.0},{"damage":14.0,"enemies":"The Guardian","floor":16.0,"turns":10.0},{"damage":8.0,"enemies":"Spheric Guardian","floor":18.0,"turns":4.0},{"damage":10.0,"enemies":"Chosen","floor":20.0,"turns":5.0},{"damage":15.0,"enemies":"Book of Stabbing","floor":24.0,"turns":8.0},{"damage":6.0,"enemies":"Snake Plant","floor":25.0,"turns":4.0},{"damage":24.0,"enemies":"Cultist and Chosen","floor":28.0,"turns":9.0},{"damage":24,"enemies":"Collector","floor":33,"turns":8}],"seed_played":"8303816689879960543","potions_obtained":[{"floor":10.0,"key":"Energy Potion"},{"floor":11.0,"key":"Swift Potion"},{"floor":14.0,"key":"Block Potion"},{"floor":22.0,"key":"Adrenaline Potion"},{"floor":25.0,"key":"GamblersBrew"},{"floor":32.0,"key":"DistilledChaos"}],"is_trial":false,"path_per_floor":["M","?","?","?","?","R","E","M","T","E","M","M","?","M","R","B",null,"M","?","M","?","?","R","E","M","T","?","M","?","$","T","R","B"],"character_chosen":"THE_SILENT","items_purchased":["Regal Pillow","Infinite Blades+1","Weak Potion","Dagger Spray"],"campfire_rested":2,"item_purchase_floors":[30,30,30,30],"current_hp_per_floor":[59,59,59,39,39,58,61,64,64,39,42,35,35,38,63,52,81,76,49,42,39,42,42,30,27,27,27,6,9,12,12,12,0,0],"gold":123,"neow_bonus":"THREE_ENEMY_KILL","is_daily":false,"chose_seed":false,"campfire_upgraded":1,"win_rate":0.0,"timestamp":1612744081,"path_taken":["M","?","?","?","?","R","E","?","T","E","M","?","?","?","R","BOSS","M","?","M","?","?","R","E","M","T","?","?","?","$","?","R","BOSS"],"items_purchased_type":["Relic","Card","Potion","Card"],"build_version":"2020-12-22","purchased_purges":1,"victory":false,"max_hp_per_floor":[66,66,66,66,66,66,69,72,72,75,78,81,81,84,84,87,90,93,49,52,55,58,58,61,64,64,64,65,68,71,71,69,69,69],"card_choices":[{"not_picked":["Bane","Prepared"],"picked":"Poisoned Stab","floor":1.0},{"not_picked":["ReplayTheSpireMod:Scrap Shanks","Escape Plan"],"picked":"Toxin Wave","floor":7.0},{"not_picked":["hubris:Sniper","Deflect"],"picked":"Masterful Stab","floor":8.0},{"not_picked":["hubris:SlightOfHand","Sucker Punch"],"picked":"PiercingWail","floor":10.0},{"not_picked":["Eviscerate","Deflect"],"picked":"Draining Mist","floor":11.0},{"not_picked":["Backflip","ReplayTheSpireMod:Exploit Weakness"],"picked":"Slice","floor":12.0},{"not_picked":["PiercingWail","Finisher"],"picked":"Leg Sweep","floor":14.0},{"not_picked":["Tools of the Trade","Venomology"],"picked":"ReplayTheSpireMod:From All Sides","floor":16.0},{"not_picked":["Prepared","Hidden Blade"],"picked":"Toxin Wave+1","floor":18.0},{"not_picked":["Deadly Poison","Outmaneuver"],"picked":"PiercingWail+1","floor":20.0},{"not_picked":["Masterful Stab","Bane"],"picked":"Catalyst","floor":24.0},{"not_picked":["Deflect","Heel Hook"],"picked":"Terror","floor":25.0},{"not_picked":["Dagger Spray","Bane"],"picked":"Sucker Punch+1","floor":28.0}],"player_experience":1265753,"relics_obtained":[{"floor":2.0,"key":"Replay:Ringing Soul"},{"floor":7.0,"key":"Iron Hammer"},{"floor":9.0,"key":"Blue Doll"},{"floor":10.0,"key":"Snake Skull"},{"floor":17.0,"key":"infinitespire:Bottled Soul"},{"floor":17.0,"key":"PreservedInsect"},{"floor":17.0,"key":"Ginger"},{"floor":22.0,"key":"ReplayTheSpireMod:Ring of Addiction"},{"floor":22.0,"key":"hubris:EmptyBottle"},{"floor":22.0,"key":"SacredBark"},{"floor":22.0,"key":"ReplayTheSpireMod:Ring of Collecting"},{"floor":24.0,"key":"Tiny Chest"},{"floor":26.0,"key":"Ring of Hypnosis"},{"floor":26.0,"key":"Boot"},{"floor":31.0,"key":"Ring of Greed"},{"floor":31.0,"key":"Golden Egg"},{"floor":31.0,"key":"The Courier"},{"floor":31.0,"key":"Replay:Mystery Machine"}],"event_choices":[{"damage_healed":0.0,"max_hp_gain":0.0,"max_hp_loss":0.0,"gold_gain":0.0,"event_name":"Shining Light","player_choice":"Entered Light","floor":4.0,"gold_loss":0.0,"damage_taken":20.0,"cards_upgraded":["Neutralize","Poisoned Stab"]},{"damage_healed":0.0,"max_hp_gain":0.0,"max_hp_loss":0.0,"gold_gain":0.0,"event_name":"Purifier","player_choice":"Ignored","floor":5.0,"gold_loss":0.0,"damage_taken":0.0},{"damage_healed":0.0,"max_hp_gain":0.0,"max_hp_loss":0.0,"gold_gain":0.0,"event_name":"Upgrade Shrine","player_choice":"Upgraded","floor":13.0,"gold_loss":0.0,"damage_taken":0.0,"cards_upgraded":["Draining Mist"]},{"damage_healed":0.0,"max_hp_gain":0.0,"max_hp_loss":47.0,"gold_gain":0.0,"event_name":"Ghosts","player_choice":"Became a Ghost","floor":19.0,"gold_loss":0.0,"damage_taken":0.0,"cards_obtained":["Ghostly","Ghostly","Ghostly"]},{"damage_healed":0.0,"max_hp_gain":0.0,"max_hp_loss":0.0,"gold_gain":0.0,"event_name":"Nest","player_choice":"Joined the Cult","floor":21.0,"gold_loss":0.0,"damage_taken":6.0,"cards_obtained":["RitualDagger"]},{"cards_removed":["Hallucinations"],"damage_healed":0.0,"max_hp_gain":0.0,"max_hp_loss":0.0,"gold_gain":0.0,"event_name":"Purifier","player_choice":"Purged","floor":27.0,"gold_loss":0.0,"damage_taken":0.0},{"damage_healed":0.0,"max_hp_gain":0.0,"max_hp_loss":0.0,"gold_gain":0.0,"event_name":"Addict","player_choice":"Stole Relic","floor":29.0,"gold_loss":0.0,"damage_taken":0.0,"relics_obtained":["Anchor"],"cards_obtained":["Shame"]}],"is_beta":false,"boss_relics":[{"not_picked":["ReplayTheSpireMod:SealedPack","hubris:GrandSneckoEye"],"picked":"Calling Bell"}],"items_purged_floors":[30],"is_endless":false,"potions_floor_spawned":[10,11,12,14,18,20,25],"killed_by":"Collector","ascension_level":20}}