{"host":"amduk82rbaelv3uo","time":1612801343,"event":{"mods":["AchievementEnabler","BaseMod","BetterRewards","Colored Map","Colored Powertips","Defuse TimeMaze Blight","Highlight Path","Infinite Spire","Minty Spire (QoL Compilation)","Permanent Neow","Quick Restart","Replay The Spire","StSLib","The Cursed"],"gold_per_floor":[118,118,118,193,203,228,38,38,38,38,15,15,25,42,42,139,189,203,218,15,30,30,30,65,77,77,89,89,118,33,61,61],"floor_reached":31,"language":"ENG","playtime":2501,"items_purged":[],"score":300,"play_id":"3f618306-1e16-4bed-ba21-e4624a5581f4","local_time":"20210208162223","is_ascension_mode":true,"campfire_choices":[{"data":"Infinite Blades","floor":8,"key":"SMITH"},{"data":"Cloak And Dagger","floor":12,"key":"SMITH"},{"data":"Bane","floor":15,"key":"SMITH"},{"data":"Infinite Blades","floor":23,"key":"SMITH"},{"data":"Infinite Blades","floor":28,"key":"SMITH"}],"circlet_count":0,"master_deck":["Strike_G","Strike_G","Strike_G","Strike_G","Strike_G","Defend_G","Defend_G","Defend_G","Defend_G","Defend_G","Neutralize","Dagger Spray","Tactician","Infinite Blades+1","Noxious Fumes","m_Survivalism","Cloak And Dagger+1","Bane+1","Catalyst","After Image+1","Hidden Blade","Sucker Punch","Prepared+1","Infinite Blades+1","Infinite Blades+1","Quick Slash","infinitespire:Execution","Bane","Caltrops","Poisoned Stab+1","Fluid Movement+1"],"relics":["Coffee Dripper","Boot","infinitespire:Broken Mirror","TwistedFunnel","Replay:Towering Pillar of Hats","Tiny House","Anchor","infinitespire:BottledMercury","SacredBark","Letter Opener","Vajra","Bottled Flame","Replay:Bandana"],"acts_visited":["Exordium","TheCity"],"potions_floor_usage":[14,16,18,21,24,27,29,29],"damage_taken":[{"damage":0,"enemies":"Small Slimes","floor":1,"turns":3},{"damage":0,"enemies":"Jaw Worm","floor":5,"turns":3},{"damage":34,"enemies":"Gremlin Nob","floor":6,"turns":6},{"damage":0,"enemies":"2 Louse","floor":13,"turns":1},{"damage":0,"enemies":"Looter","floor":14,"turns":1},{"damage":13,"enemies":"Fading Forest","floor":16,"turns":11},{"damage":0,"enemies":"Chosen","floor":18,"turns":3},{"damage":21,"enemies":"2 Thieves","floor":19,"turns":4},{"damage":10,"enemies":"Shelled Parasite and Fungi","floor":21,"turns":3},{"damage":2,"enemies":"Replay:Snechameleon","floor":24,"turns":5},{"damage":12,"enemies":"Snake Plant","floor":25,"turns":4},{"damage":0,"enemies":"3 Cultists","floor":27,"turns":4},{"damage":19,"enemies":"Slavers","floor":29,"turns":4},{"damage":19,"enemies":"Sentry and Sphere","floor":31,"turns":3}],"seed_played":"5400765527488033039","potions_obtained":[{"floor":6,"key":"Ancient Potion"},{"floor":13,"key":"SteroidPotion"},{"floor":16,"key":"Ancient Potion"},{"floor":17,"key":"CunningPotion"},{"floor":18,"key":"Strength Potion"},{"floor":24,"key":"SpeedPotion"},{"floor":25,"key":"Reflective Coating"},{"floor":27,"key":"Weak Potion"}],"is_trial":false,"path_per_floor":["M","?","?","?","M","E","$","R","T","?","$","R","M","M","R","B",null,"M","M","$","M","AVR","R","E","M","T","M","R","E","?","M"],"character_chosen":"THE_SILENT","items_purchased":["TwistedFunnel","Noxious Fumes","Cloak And Dagger","Infinite Blades","Anchor"],"campfire_rested":0,"item_purchase_floors":[7,7,11,20,20],"current_hp_per_floor":[70,63,63,52,52,18,18,18,18,18,18,18,18,18,18,15,75,75,54,54,44,44,44,42,30,30,30,30,11,11,0,0],"gold":61,"neow_bonus":"BOSS_RELIC","is_daily":false,"chose_seed":false,"campfire_upgraded":5,"win_rate":0.0,"timestamp":1612801343,"path_taken":["M","?","?","?","M","E","$","R","T","?","?","R","?","M","R","BOSS","M","M","$","M","AVR","R","E","M","T","M","R","E","?","M"],"items_purchased_type":["Relic","Card","Card","Card","Relic"],"build_version":"2020-12-22","purchased_purges":0,"victory":false,"max_hp_per_floor":[70,70,70,70,70,70,70,70,70,70,70,70,70,70,70,70,75,75,75,75,75,75,75,75,75,75,75,75,75,75,75,75],"card_choices":[{"not_picked":["Finisher","Flechettes"],"picked":"Dagger Spray","floor":1},{"not_picked":["Eviscerate","Prepared"],"picked":"Tactician","floor":5},{"not_picked":["Backflip","Die Die Die"],"picked":"Infinite Blades","floor":6},{"not_picked":["Flying Knee","Finisher"],"picked":"Bane","floor":13},{"not_picked":["Leg Sweep","Fluid Movement"],"picked":"Catalyst","floor":14},{"not_picked":["infinitespire:Neurotoxin","Night Terror"],"picked":"After Image","floor":16},{"not_picked":["Tactician","Backflip"],"picked":"Hidden Blade","floor":17},{"not_picked":["Leg Sweep","PiercingWail"],"picked":"Sucker Punch","floor":18},{"not_picked":["ReplayTheSpireMod:The Works","Blur"],"picked":"Prepared+1","floor":19},{"not_picked":["Prepared","Fluid Movement"],"picked":"Quick Slash","floor":21},{"not_picked":["Replay:Bag of Tricks","Predator"],"picked":"Bane","floor":24},{"not_picked":["PiercingWail","Quick Slash+1"],"picked":"Caltrops","floor":25},{"not_picked":["Slice","Hidden Blade"],"picked":"Poisoned Stab+1","floor":27},{"not_picked":["Deadly Poison","Blade Dance"],"picked":"Fluid Movement+1","floor":29}],"player_experience":291131,"relics_obtained":[{"floor":6,"key":"infinitespire:Broken Mirror"},{"floor":9,"key":"Replay:Towering Pillar of Hats"},{"floor":24,"key":"Letter Opener"},{"floor":26,"key":"Vajra"},{"floor":29,"key":"Bottled Flame"}],"event_choices":[{"damage_healed":0,"gold_gain":0,"player_choice":"Success","damage_taken":7,"relics_obtained":["Boot"],"max_hp_gain":0,"max_hp_loss":0,"event_name":"Scrap Ooze","floor":2,"gold_loss":0},{"damage_healed":0,"gold_gain":75,"player_choice":"Gather Gold","damage_taken":11,"max_hp_gain":0,"max_hp_loss":0,"event_name":"World of Goop","floor":4,"gold_loss":0},{"damage_healed":0,"gold_gain":0,"player_choice":"Obtained Relic","damage_taken":0,"relics_obtained":["Replay:Bandana"],"max_hp_gain":0,"max_hp_loss":0,"event_name":"Addict","floor":30,"gold_loss":85}],"is_beta":false,"boss_relics":[{"not_picked":["Snecko Scales","Runic Pyramid"],"picked":"Tiny House"}],"items_purged_floors":[],"is_endless":false,"potions_floor_spawned":[6,13,16,18,24,25,27],"killed_by":"Sentry and Sphere","ascension_level":2}}