{"host":"2eu1om2m922xjaug","time":1612759091,"event":{"mods":["Act Like it!","Arknights","BaseMod","Friendly Minions","Gensokyo","Highlight Path","KinomotoSakuraMod(木之本樱)","Kiyohime（清姬）","KomeijiMod","Marisa（F雨　魔理沙）","Minty Spire (QoL Compilation)","Pale of the Ancients","Prisma Mod","Reimu（博丽灵梦）","RumiaBox-露米娅的神秘盒子","Shop Mod","StSLib","TestMod","Waifu the Spire","Youmu（魂魄妖梦）"],"gold_per_floor":[112,112,187,187,187,418,445,445,445,281,129,121,121,121,121,225,225,234,633,882,882,911,911,911,51,51,65,81,81,25,25,25],"floor_reached":31,"language":"ZHS","playtime":1213,"items_purged":[],"score":465,"play_id":"902574e2-ed6b-4e90-9113-1df0cfda2287","local_time":"20210208123811","daily_mods":["Vintage","Heirloom","Time Dilation","Flight","DeadlyEvents"],"is_ascension_mode":false,"campfire_choices":[{"floor":8,"key":"REST"},{"floor":13,"key":"REST"},{"data":"ats:Calcification","floor":15,"key":"SMITH"},{"data":"ats:Volcano","floor":23,"key":"SMITH"},{"data":"ats:Burning Ground","floor":24,"key":"SMITH"},{"floor":29,"key":"REST"}],"circlet_count":0,"master_deck":["ats:Strike C","ats:Strike G","ats:Strike S","ats:Strike V","ats:Armor Crushing Shot","ats:Defend","ats:Defend","ats:Defend","ats:Defend","ats:Emotion Absorption","ats:Calcification+1","ats:Burning Ground+1","ats:Volcano+1"],"relics":["ats:Sanity","testmod-IWantAll","Calipers","Bird Faced Urn","YidongShenshe:ReiMu","testmod-TestBox","ats:Originium","ats:Lavender","Incense Burner","Toxic Egg 2","testmod-Charity","RedLine:ReiMu","The Courier","testmod-IndustrialRevolution","MerchantsRug","testmod-Faith","Boot","ats:Industrial Water Cannon","Kunai","Mastiff:ReiMu","GodSword5","GodSword1","Torii","Turnip","testmod-Maize"],"acts_visited":["Exordium","Gensokyo:Gensokyoer"],"potions_floor_usage":[16,22,22],"damage_taken":[{"damage":6,"enemies":"2 Louse","floor":1,"turns":3},{"damage":6,"enemies":"Gremlin Nob","floor":6,"turns":3},{"damage":46,"enemies":"3 Sentries","floor":7,"turns":14},{"damage":31,"enemies":"Lagavulin","floor":10,"turns":8},{"damage":0,"enemies":"Small Slimes","floor":12,"turns":2},{"damage":41,"enemies":"Slime Boss","floor":16,"turns":12},{"damage":0,"enemies":"Gensokyo:2_Gloops","floor":18,"turns":2},{"damage":76,"enemies":"Gensokyo:Reisen","floor":22,"turns":12},{"damage":22,"enemies":"Gensokyo:Chomper","floor":27,"turns":7},{"damage":52,"enemies":"Gensokyo:Wraith","floor":28,"turns":5},{"damage":50,"enemies":"Gensokyo:Tenshi","floor":31,"turns":4}],"seed_played":"8107989036182820379","potions_obtained":[{"floor":7,"key":"LiquidMemories"},{"floor":12,"key":"CalmPotion"},{"floor":16,"key":"EssenceOfSteel"},{"floor":22,"key":"ats:Emergency Sanity Potion"},{"floor":27,"key":"GamblersBrew"}],"is_trial":true,"path_per_floor":["M","?","?","?","?","E","E","R","T","E","$","M","R","$","R","B",null,"M","?","?","?","E","R","R","$","T","M","M","R","$","E"],"character_chosen":"DOCTOR_CLASS","items_purchased":["testmod-Charity","MerchantsRug","testmod-Faith","Boot","ats:Industrial Water Cannon","Kunai","Mastiff:ReiMu","GodSword5","testmod-Maize"],"campfire_rested":3,"item_purchase_floors":[11,25,25,25,25,25,25,25,30],"current_hp_per_floor":[66,66,55,55,55,49,25,46,46,25,25,27,48,48,48,26,74,75,76,77,71,58,58,58,61,61,51,8,41,32,0,0],"gold":25,"neow_bonus":"","is_daily":false,"chose_seed":false,"campfire_upgraded":3,"win_rate":0.0,"timestamp":1612759091,"path_taken":["M","?","?","?","?","E","?","R","T","?","$","M","R","$","R","BOSS","M","?","?","?","?","R","R","?","T","?","?","R","$","?"],"items_purchased_type":["Relic","Relic","Relic","Relic","Relic","Relic","Relic","Relic","Relic"],"build_version":"2020-12-22","purchased_purges":0,"victory":false,"max_hp_per_floor":[72,72,72,72,72,72,72,72,72,72,72,73,73,73,73,74,74,75,76,77,71,86,86,86,89,89,90,91,91,92,92,92],"card_choices":[{"not_picked":["ats:Cat Scratch","ats:Closed Bolt Burst Fire"],"picked":"ats:Calcification","floor":6},{"not_picked":["ats:Very Hot Blade","ats:Poison Spread","ats:Assault Order"],"picked":"SKIP","floor":7},{"not_picked":["ats:Very Hot Blade","ats:Song Of Battle"],"picked":"ats:Burning Ground","floor":10},{"not_picked":["ats:Shadow Assault","ats:Disruption Kick"],"picked":"ats:Volcano","floor":16},{"not_picked":["ats:Composite Medical Shells","ats:Assault Order+1","ats:Rapid Magazine"],"picked":"SKIP","floor":22}],"player_experience":238140,"relics_obtained":[{"floor":1,"key":"Bird Faced Urn"},{"floor":1,"key":"Baka"},{"floor":6,"key":"ats:Originium"},{"floor":6,"key":"ats:Lavender"},{"floor":7,"key":"ats:Originium"},{"floor":7,"key":"Incense Burner"},{"floor":9,"key":"ats:Emergency Defibrillator"},{"floor":10,"key":"ats:Originium"},{"floor":10,"key":"Toxic Egg 2"},{"floor":12,"key":"Centennial Puzzle"},{"floor":18,"key":"The Courier"},{"floor":22,"key":"ats:Originium"},{"floor":22,"key":"Mango"},{"floor":26,"key":"GodSword1"},{"floor":27,"key":"Torii"},{"floor":28,"key":"Turnip"}],"event_choices":[{"damage_healed":0,"gold_gain":0,"player_choice":"带走神社","damage_taken":0,"relics_obtained":["YidongShenshe:ReiMu"],"max_hp_gain":0,"max_hp_loss":0,"event_name":"yidonshenshe","floor":2,"gold_loss":0,"cards_obtained":["Poor:ReiMu"]},{"damage_healed":0,"gold_gain":75,"player_choice":"Gather Gold","damage_taken":11,"max_hp_gain":0,"max_hp_loss":0,"event_name":"World of Goop","floor":3,"gold_loss":0},{"damage_healed":0,"gold_gain":0,"player_choice":"Swap Relic","damage_taken":0,"relics_obtained":["testmod-TestBox"],"max_hp_gain":0,"max_hp_loss":0,"event_name":"给自己的盒子","floor":4,"relics_lost":["testmod-TestBox"],"gold_loss":0},{"cards_removed":["Poor:ReiMu"],"damage_healed":0,"gold_gain":0,"player_choice":"Forget","damage_taken":0,"max_hp_gain":0,"max_hp_loss":0,"event_name":"Living Wall","floor":5,"gold_loss":0},{"damage_healed":0,"gold_gain":400,"player_choice":"Sell","damage_taken":0,"max_hp_gain":0,"max_hp_loss":0,"event_name":"恩洛斯的盘子","floor":19,"relics_lost":["Baka"],"gold_loss":0}],"is_beta":false,"boss_relics":[{"not_picked":["Fusion Hammer","Busted Crown"],"picked":"RedLine:ReiMu"}],"items_purged_floors":[],"is_endless":true,"potions_floor_spawned":[7,12,16,22,27],"killed_by":"Gensokyo:Tenshi","ascension_level":0}}