{"host":"q44lx11dx4acphec","time":1612778297,"event":{"mods":["BaseMod","Minty Spire (QoL Compilation)","Replay The Spire","StSLib","SuperFastMode","The Cursed","The Necromancer"],"gold_per_floor":[118,131,306,306,330,364,364,393,393,393,452,452,463,495,495,594,594,579,494,511,511,522,522,522,522,522],"floor_reached":25,"language":"ENG","playtime":1314,"items_purged":[],"score":367,"play_id":"e1f7b5bb-01b2-4721-b513-da6198dbfad9","local_time":"20210208175817","is_ascension_mode":false,"campfire_choices":[{"data":"TheCursedMod:HellsGateOpen","floor":7,"key":"SMITH"},{"data":"TheCursedMod:Stigma","floor":10,"key":"SMITH"},{"floor":15,"key":"REST"}],"circlet_count":0,"master_deck":["TheCursedMod:Strike_TheCursed","TheCursedMod:Defend_TheCursed","TheCursedMod:Defend_TheCursed","TheCursedMod:Defend_TheCursed","TheCursedMod:CursedWand","TheCursedMod:CleanUpWorkshop","TheCursedMod:Dregs","TheCursedMod:HellsGateOpen+1","TheCursedMod:SpreadPlague","Doubt","TheCursedMod:SpitefulStrike","TheCursedMod:Stigma+1","TheCursedMod:AntiAging+1","ReplayTheSpireMod:Splinters","Beam Cell","FollowUp","Poison Darts","Delirium","Shame"],"relics":["TheCursedMod:BlackMagic101","Replay:Rubber Ducky","Gremlin Food","Juzu Bracelet","Mango","Gambling Chip","PrismaticShard","Mirror","Kintsugi","Pen Nib"],"acts_visited":["Exordium","TheCity"],"potions_floor_usage":[16],"damage_taken":[{"damage":1,"enemies":"Jaw Worm","floor":1,"turns":5},{"damage":2,"enemies":"Small Slimes","floor":2,"turns":2},{"damage":12,"enemies":"Lagavulin","floor":6,"turns":7},{"damage":22,"enemies":"Replay:BlueRogue","floor":8,"turns":6},{"damage":12,"enemies":"Gremlin Nob","floor":11,"turns":4},{"damage":0,"enemies":"Cultist","floor":13,"turns":4},{"damage":23,"enemies":"3 Sentries","floor":14,"turns":6},{"damage":54,"enemies":"The Guardian","floor":16,"turns":9},{"damage":20,"enemies":"2 Thieves","floor":18,"turns":4},{"damage":42,"enemies":"3 Byrds","floor":20,"turns":5},{"damage":29,"enemies":"Centurion and Healer","floor":22,"turns":7},{"damage":19,"enemies":"Sentry and Sphere","floor":25,"turns":4}],"seed_played":"6235358030669715211","potions_obtained":[{"floor":6,"key":"Block Potion"},{"floor":8,"key":"Death Potion"},{"floor":11,"key":"GamblersBrew"},{"floor":13,"key":"Dexterity Potion"}],"is_trial":false,"path_per_floor":["M","M","?","?","T","E","R","E","T","R","?","?","M","E","R","B",null,"M","?","M","?","M","PTL","PTL","M"],"character_chosen":"THE_CURSED","items_purchased":[],"campfire_rested":1,"item_purchase_floors":[],"current_hp_per_floor":[81,79,79,79,79,67,67,45,59,59,47,47,49,26,55,4,101,84,84,45,36,10,10,10,0,0],"gold":522,"neow_bonus":"TEN_PERCENT_HP_BONUS","is_daily":false,"chose_seed":false,"campfire_upgraded":2,"win_rate":0.0,"timestamp":1612778297,"path_taken":["M","M","?","?","?","E","R","E","T","R","?","?","M","E","R","BOSS","M","?","M","?","M","PTL","PTL","M"],"items_purchased_type":[],"build_version":"2020-12-22","purchased_purges":0,"victory":false,"max_hp_per_floor":[82,82,82,82,82,82,82,82,96,96,96,96,98,98,98,101,101,104,104,107,107,110,110,110,110,110],"card_choices":[{"not_picked":["TheCursedMod:Obscuration","TheCursedMod:DoubleShield"],"picked":"TheCursedMod:HellsGateOpen","floor":1},{"not_picked":["TheCursedMod:Obscuration","TheCursedMod:SoulReap"],"picked":"TheCursedMod:SpreadPlague","floor":2},{"not_picked":["TheCursedMod:SurpriseAttack","TheCursedMod:BlessingInDisguise"],"picked":"TheCursedMod:SpitefulStrike","floor":6},{"not_picked":["TheCursedMod:RavingStaff","TheCursedMod:SpreadPlague"],"picked":"TheCursedMod:Stigma","floor":8},{"not_picked":["TheCursedMod:TacticalStrike","TheCursedMod:CircleOfFocus"],"picked":"TheCursedMod:AntiAging","floor":11},{"not_picked":["Well Laid Plans","Backflip"],"picked":"Beam Cell","floor":13},{"not_picked":["Searing Blow","Blood_Shield"],"picked":"FollowUp","floor":14},{"not_picked":["Corpse Explosion","Replay:Bag of Tricks"],"picked":"Poison Darts","floor":16},{"not_picked":["PathToVictory","Gash","Sucker Punch"],"picked":"SKIP","floor":18},{"not_picked":["Replay:Anticipation+1","Bone_Spikes","FollowUp"],"picked":"SKIP","floor":20},{"not_picked":["Blood_Shield","ClearTheMind","Barrage"],"picked":"SKIP","floor":22}],"player_experience":88511,"relics_obtained":[{"floor":5,"key":"Replay:Rubber Ducky"},{"floor":6,"key":"Gremlin Food"},{"floor":8,"key":"Juzu Bracelet"},{"floor":9,"key":"Mango"},{"floor":14,"key":"Mirror"}],"event_choices":[{"damage_healed":0,"gold_gain":175,"player_choice":"AGREE","damage_taken":0,"max_hp_gain":0,"max_hp_loss":0,"event_name":"Liars Game","floor":3,"gold_loss":0,"cards_obtained":["Doubt"]},{"damage_healed":0,"gold_gain":0,"player_choice":"Searched \u00272\u0027 times","damage_taken":0,"relics_obtained":["Gambling Chip"],"max_hp_gain":0,"max_hp_loss":0,"event_name":"Dead Adventurer","floor":11,"gold_loss":0},{"damage_healed":0,"gold_gain":0,"player_choice":"Obtained Relic","damage_taken":0,"relics_obtained":["Pen Nib"],"max_hp_gain":0,"max_hp_loss":0,"event_name":"Addict","floor":19,"gold_loss":85},{"damage_healed":0,"gold_gain":0,"player_choice":"Stopped","damage_taken":9,"max_hp_gain":0,"max_hp_loss":0,"event_name":"Cursed Tome","floor":21,"gold_loss":0}],"is_beta":false,"boss_relics":[{"not_picked":["TheCursedMod:OminousMark","Astrolabe"],"picked":"Kintsugi"}],"items_purged_floors":[],"is_endless":false,"potions_floor_spawned":[6,8,11,13],"killed_by":"Sentry and Sphere","ascension_level":0}}