{"host":"oz4ht6ec7xzo36kd","time":1612768952,"event":{"mods":["Act Like it!","BaseMod","Friendly Minions","Marisa¡]Ãú«B¡@Å]²z¨F¡^","Minty Spire (QoL Compilation)","Remilia¡]Á¢¦Ì²ú?¡^","StSLib","The Marked","The Servant 0.9.4","WarShipGirlsR/??¤Ö¤kR mod","Youmu¡]»î¾z§¯?¡^"],"gold_per_floor":[115,115,133,146,146,175,175,203,250,400,400,400,414,429,429,526,526,426,426,406,438,464,493,493,518,518,116,136,180,230,284,284,371,371,419,419,1418,1518,1226,1309,1309,1330,1355,1388,1388,1240,1295,1312,1312,1312,1312,1312,553,608,608],"floor_reached":56,"language":"ZHT","playtime":3227,"items_purged":["Shame","Defend_RM","Defend_RM","Strike_RM"],"score":2454,"play_id":"085d54c1-0af1-4556-a24b-1c6df95559e3","local_time":"20210208152232","is_ascension_mode":true,"campfire_choices":[{"floor":7,"key":"RECALL"},{"floor":12,"key":"REST"},{"data":"RedMoon","floor":15,"key":"SMITH"},{"data":"QueenOfMidnight","floor":32,"key":"SMITH"},{"data":"NightDance","floor":41,"key":"SMITH"},{"data":"EquivalentExchange","floor":45,"key":"SMITH"},{"data":"ScarletNetherworld","floor":49,"key":"SMITH"},{"data":"BloodyMagicSquare","floor":52,"key":"SMITH"}],"circlet_count":0,"master_deck":["AscendersBane","Strike_RM","Strike_RM","Strike_RM","Defend_RM","RedMoon+1","ScarletShoot","BloodyHallows","DiffusionOfMisfortune","EmergencyRegeneration","BloodyMagicSquare+1","ScarletNetherworld+1","FavorOfDestiny","NightDance+1","QueenOfMidnight+1","RedRainbow+1","Stigmanizer","CeilingFear","RedNightlessCastle+1","HunterOfTheNight+1","EquivalentExchange+1","BloodHunter","MastersStateliness+1","HunterOfTheNight+1","VampireSweep+1","TransientEternity","VampirishNight","UnstableMagic","SuperhumanBloodyKnife+1","Dark Shackles","Panache","BombardNight+1","DemonKingCradle"],"relics":["ScarletHat","Pantograph","Regal Pillow","Ginger","SlaversCollar","WingedGreaves","Toy Ornithopter","Molten Egg 2","Incense Burner","Omamori","Mummified Hand","FairyMaid","CeramicFish","InkBottle","ScarletEmblem","CatCart","Membership Card","Orichalcum","Bottled Flame","Bag of Preparation","Gambling Chip","Oddly Smooth Stone","Bird Faced Urn","Ornamental Fan","Frozen Eye","White Beast Statue","RedBat"],"acts_visited":["Exordium","TheCity","TheBeyond","TheEnding"],"potions_floor_usage":[8,14,16,16,21,21,23,25,28,29,31,31,33,38,48,50,55,55],"damage_taken":[{"damage":11,"enemies":"Jaw Worm","floor":1,"turns":4},{"damage":30,"enemies":"Cultist","floor":3,"turns":6},{"damage":0,"enemies":"Small Slimes","floor":4,"turns":3},{"damage":58,"enemies":"3 Sentries","floor":6,"turns":5},{"damage":86,"enemies":"Lagavulin","floor":8,"turns":5},{"damage":0,"enemies":"3 Louse","floor":13,"turns":7},{"damage":38,"enemies":"2 Fungi Beasts","floor":14,"turns":5},{"damage":72,"enemies":"Hexaghost","floor":16,"turns":10},{"damage":73,"enemies":"2 Thieves","floor":18,"turns":5},{"damage":81,"enemies":"3 Byrds","floor":21,"turns":5},{"damage":43,"enemies":"Book of Stabbing","floor":23,"turns":5},{"damage":88,"enemies":"Slavers","floor":25,"turns":6},{"damage":41,"enemies":"Snake Plant","floor":28,"turns":3},{"damage":24,"enemies":"Gremlin Leader","floor":29,"turns":4},{"damage":49,"enemies":"Book of Stabbing","floor":31,"turns":3},{"damage":157,"enemies":"Automaton","floor":33,"turns":4},{"damage":22,"enemies":"3 Darklings","floor":35,"turns":3},{"damage":44,"enemies":"Orin","floor":38,"turns":6},{"damage":138,"enemies":"Nemesis","floor":40,"turns":5},{"damage":25,"enemies":"3 Shapes","floor":42,"turns":2},{"damage":74,"enemies":"Giant Head","floor":44,"turns":4},{"damage":75,"enemies":"2 Orb Walkers","floor":47,"turns":2},{"damage":43,"enemies":"Jaw Worm Horde","floor":48,"turns":2},{"damage":59,"enemies":"Donu and Deca","floor":50,"turns":3},{"damage":9,"enemies":"Shield and Spear","floor":54,"turns":4},{"damage":132,"enemies":"The Heart","floor":55,"turns":5}],"seed_played":"-1378094367420231097","potions_obtained":[{"floor":6,"key":"CultistPotion"},{"floor":8,"key":"CultistPotion"},{"floor":14,"key":"DuplicationPotion"},{"floor":14,"key":"SpeedPotion"},{"floor":18,"key":"SkillPotion"},{"floor":20,"key":"PowerPotion"},{"floor":21,"key":"Fire Potion"},{"floor":23,"key":"Energy Potion"},{"floor":25,"key":"SteroidPotion"},{"floor":28,"key":"BlessingOfTheForge"},{"floor":29,"key":"Fire Potion"},{"floor":29,"key":"Strength Potion"},{"floor":31,"key":"Fire Potion"},{"floor":33,"key":"Fire Potion"},{"floor":42,"key":"FairyPotion"},{"floor":44,"key":"DistilledChaos"},{"floor":48,"key":"DestinyDice"},{"floor":54,"key":"ColorlessPotion"}],"is_trial":false,"path_per_floor":["M","?","M","M","?","E","R","E","T","?","?","R","M","M","R","B",null,"M","?","?","M","T","E","?","E","T","$","M","E","?","E","R","B",null,"M","?","?","?","$","E","R","M","T","E","R","$","?","M","R","B",null,"R","$","E","B",null],"character_chosen":"REMILIA","items_purchased":["FairyMaid","Membership Card","Orichalcum","Oddly Smooth Stone","Ornamental Fan","Frozen Eye","SkillPotion","TransientEternity","VampirishNight","UnstableMagic","SuperhumanBloodyKnife+1","Dark Shackles","Panache","BombardNight+1","White Beast Statue"],"campfire_rested":1,"item_purchase_floors":[27,39,39,46,53,53,53,53,53,53,53,53,53,53,53],"current_hp_per_floor":[36,41,33,35,35,26,26,7,7,7,7,43,43,34,34,20,58,58,58,58,70,70,70,70,70,70,70,70,63,63,60,60,70,70,64,64,64,70,70,70,70,70,70,70,70,70,70,70,70,70,70,70,70,70,53],"gold":608,"neow_bonus":"THREE_RARE_CARDS","is_daily":false,"chose_seed":false,"campfire_upgraded":6,"win_rate":0.0,"timestamp":1612768952,"path_taken":["M","?","M","?","?","E","R","E","T","?","?","R","M","M","R","BOSS","M","?","?","?","?","E","?","E","T","$","M","E","?","E","R","BOSS","M","?","?","?","$","E","R","?","T","E","R","$","?","M","R","BOSS","R","$","E","BOSS"],"items_purchased_type":["Relic","Relic","Relic","Relic","Relic","Relic","Potion","Card","Card","Card","Card","Card","Card","Card","Relic"],"build_version":"2020-12-22","purchased_purges":4,"victory":true,"max_hp_per_floor":[70,70,70,70,70,70,70,70,70,70,70,70,70,70,70,70,70,70,70,70,70,70,70,70,70,70,70,70,70,70,70,70,70,70,70,70,70,70,70,70,70,70,70,70,70,70,70,70,70,70,70,70,70,70,70],"card_choices":[{"not_picked":["CeilingFear","BloodySeventeenLaser"],"picked":"BloodyHallows","floor":0},{"not_picked":["BlasphemousPunishment","ScarletDevil"],"picked":"EndlessAdversity","floor":1},{"not_picked":["ScarletImprint","ScarletDevil"],"picked":"DiffusionOfMisfortune","floor":3},{"not_picked":["BlasphemousPunishment","UnstableMagic"],"picked":"EmergencyRegeneration","floor":4},{"not_picked":["VampireClaw","VampireSweep"],"picked":"BloodyMagicSquare","floor":6},{"not_picked":["BlasphemousPunishment","BloodyMagicSquare"],"picked":"ScarletNetherworld","floor":8},{"not_picked":["NightLord","ScarletGensokyo"],"picked":"FavorOfDestiny","floor":13},{"not_picked":["UnstableMagic","BlasphemousPunishment"],"picked":"NightDance","floor":14},{"not_picked":["ChaoticDestiny","CurseOfVladTepes"],"picked":"QueenOfMidnight","floor":16},{"not_picked":["BlasphemousPunishment","VampireSweep"],"picked":"RedRainbow+1","floor":18},{"not_picked":["BombardNight","CharismaGuard"],"picked":"Stigmanizer","floor":21},{"not_picked":["ScarletDevilSign+1","Stigmanizer+1"],"picked":"CeilingFear","floor":23},{"not_picked":["DiffusionOfMisfortune+1","StarOfDavid+1"],"picked":"RedNightlessCastle+1","floor":25},{"not_picked":["EmergencyRegeneration","DiffusionOfMisfortune+1","ScarletGensokyo"],"picked":"SKIP","floor":28},{"not_picked":["HellCatastrophe+1","Stigmanizer+1"],"picked":"HunterOfTheNight+1","floor":29},{"not_picked":["UnderTheZenith","UltimateOffering+1","NightDance+1"],"picked":"SKIP","floor":31},{"not_picked":["BloodySeventeenLaser+1","KillingBlow+1"],"picked":"EquivalentExchange","floor":33},{"not_picked":["CharismaGuard","ForbiddenFruit"],"picked":"BloodHunter","floor":35},{"not_picked":["BlasphemousPunishment","TwelveNightmare"],"picked":"MastersStateliness+1","floor":38},{"not_picked":["MastersStateliness","CharismaGuard"],"picked":"HunterOfTheNight+1","floor":40},{"not_picked":["CurseOfVladTepes","DiffusionOfMisfortune+1"],"picked":"VampireSweep+1","floor":42},{"not_picked":["DiffusionOfMisfortune+1","EndlessAdversity+1","ScarletDevilSign+1"],"picked":"SKIP","floor":44},{"not_picked":["HunterOfTheNight+1","NightDance+1","EmergencyRegeneration"],"picked":"SKIP","floor":48},{"not_picked":["BloodyTrap","ScarletDevil+1"],"picked":"DemonKingCradle","floor":54}],"player_experience":423333,"relics_obtained":[{"floor":6,"key":"Regal Pillow"},{"floor":8,"key":"Ginger"},{"floor":22,"key":"Toy Ornithopter"},{"floor":23,"key":"Molten Egg 2"},{"floor":25,"key":"Omamori"},{"floor":26,"key":"Mummified Hand"},{"floor":29,"key":"CeramicFish"},{"floor":31,"key":"InkBottle"},{"floor":38,"key":"CatCart"},{"floor":40,"key":"Bottled Flame"},{"floor":43,"key":"Bag of Preparation"},{"floor":44,"key":"Gambling Chip"},{"floor":47,"key":"Bird Faced Urn"},{"floor":54,"key":"RedBat"}],"event_choices":[{"cards_removed":["EndlessAdversity"],"damage_healed":5,"gold_gain":0,"player_choice":"Offered Common","damage_taken":0,"max_hp_gain":0,"max_hp_loss":0,"event_name":"Bonfire Elementals","floor":2,"gold_loss":0},{"cards_removed":["EndlessAdversity"],"damage_healed":5,"gold_gain":0,"player_choice":"Offered Special","damage_taken":0,"max_hp_gain":0,"max_hp_loss":0,"event_name":"Bonfire Elementals","floor":2,"gold_loss":0},{"damage_healed":0,"gold_gain":0,"player_choice":"Box","damage_taken":0,"relics_obtained":["Pantograph"],"max_hp_gain":0,"max_hp_loss":0,"event_name":"Big Fish","floor":5,"gold_loss":0,"cards_obtained":["Regret"]},{"damage_healed":0,"gold_gain":150,"player_choice":"AGREE","damage_taken":0,"max_hp_gain":0,"max_hp_loss":0,"event_name":"Liars Game","floor":10,"gold_loss":0,"cards_obtained":["Doubt"]},{"cards_removed":["Doubt","Regret"],"damage_healed":0,"gold_gain":0,"player_choice":"Removed Curses","damage_taken":0,"max_hp_gain":0,"max_hp_loss":0,"event_name":"Fountain of Cleansing","floor":11,"gold_loss":0},{"damage_healed":0,"gold_gain":0,"player_choice":"Stole Relic","damage_taken":0,"relics_obtained":["WingedGreaves"],"max_hp_gain":0,"max_hp_loss":0,"event_name":"Addict","floor":19,"gold_loss":0,"cards_obtained":["Shame"]},{"damage_healed":0,"gold_gain":0,"player_choice":"Bought 1 Potion","damage_taken":0,"max_hp_gain":0,"max_hp_loss":0,"event_name":"The Woman in Blue","floor":20,"gold_loss":0},{"damage_healed":0,"gold_gain":50,"player_choice":"Stole From Cult","damage_taken":0,"max_hp_gain":0,"max_hp_loss":0,"event_name":"Nest","floor":30,"gold_loss":0},{"cards_removed":["Defend_RM"],"damage_healed":0,"gold_gain":0,"player_choice":"Removed Skill","damage_taken":0,"max_hp_gain":0,"max_hp_loss":0,"event_name":"Falling","floor":36,"gold_loss":0},{"damage_healed":0,"gold_gain":999,"player_choice":"Gold","damage_taken":0,"max_hp_gain":0,"max_hp_loss":0,"event_name":"MindBloom","floor":37,"gold_loss":0,"cards_obtained":["Normality","Normality"]},{"damage_healed":0,"gold_gain":0,"player_choice":"Fight","damage_taken":0,"max_hp_gain":0,"max_hp_loss":0,"event_name":"OrinTheCat","floor":38,"gold_loss":0},{"damage_healed":0,"gold_gain":0,"player_choice":"Fight","damage_taken":0,"max_hp_gain":0,"max_hp_loss":0,"event_name":"Mysterious Sphere","floor":47,"gold_loss":0}],"is_beta":false,"boss_relics":[{"not_picked":["Fusion Hammer","Empty Cage"],"picked":"SlaversCollar"},{"not_picked":["Coffee Dripper","Busted Crown"],"picked":"ScarletEmblem"}],"items_purged_floors":[27,39,46,53],"is_endless":false,"potions_floor_spawned":[6,8,14,21,25,29,31,42,44,54],"ascension_level":17}}