{"host":"ihsge0lre3slh6sc","time":1612808727,"event":{"mods":["Act Like it!","Arknights","BaseMod","CapriCore","Highlight Path","Lobotomy","LobotomyExtend","Marisa£®ÏF”Í°°ƒß¿Ì…≥£©","Minty Spire (QoL Compilation)","MostiFishMod","Quick Restart","Remilia£®¿Ÿ√◊¿Ú—«£©","Shop Mod","StSLib","TestMod","The Immortal","Waifu the Spire","WarShipGirlsR/’ΩΩ¢…Ÿ≈ÆR mod","Yakumo Yukari mod","Youmu£®ªÍ∆«—˝√Œ£©","[IsaacMod]“‘»ˆº‚À˛","ÛÙª÷∏ƒœ"],"gold_per_floor":[117,135,153,163,338,368,62,62,62,91,91,117,132,150,150,249,249,262,303,316,316,332,366,366,399,399,399,399],"floor_reached":27,"language":"ZHS","playtime":852,"items_purged":["ats:Strike V"],"score":330,"play_id":"24f47588-1e5c-4919-b1e6-8316e15a63eb","local_time":"20210209022527","is_ascension_mode":true,"campfire_choices":[{"data":"1","floor":15.0,"key":"LIFT"},{"data":"2","floor":24.0,"key":"LIFT"}],"circlet_count":0,"master_deck":["ats:Strike C+1","ats:Strike G+1","ats:Strike S+1","ats:Armor Crushing Shot+1","ats:Defend","ats:Defend","ats:Defend","ats:Defend","ats:Emotion Absorption","ats:Blood Oath","ats:Closed Bolt Burst Fire","ats:Demon Strength","ats:Calcification","ats:Directed Diagnosis","ats:Soul Rend","ats:Nebulous Foxfire","ats:Thorns","ats:Overload","ats:Thermite Blade"],"relics":["ats:Sanity","HushsDoor","testmod-TestBox","DaveBox","HaiYi:Twilight","testmod-EqualTreatment","MoneyPower","Bag of Marbles","SynthV:TestCard","LetterFromLob","ats:Originium","testmod-TurbochargingSystem","Girya","D6","Tiny Chest","ChiXiaoBlade","Whetstone","testmod-IntensifyImprint","Bottled Tornado"],"acts_visited":["Exordium","TheCity"],"potions_floor_usage":[27],"damage_taken":[{"damage":7.0,"enemies":"Jaw Worm","floor":1.0,"turns":3.0},{"damage":0.0,"enemies":"Small Slimes","floor":2.0,"turns":2.0},{"damage":0.0,"enemies":"2 Louse","floor":3.0,"turns":3.0},{"damage":11.0,"enemies":"Large Slime","floor":4.0,"turns":4.0},{"damage":22.0,"enemies":"Lagavulin","floor":6.0,"turns":5.0},{"damage":16.0,"enemies":"3 Sentries","floor":10.0,"turns":5.0},{"damage":0.0,"enemies":"Gremlin Nob","floor":12.0,"turns":2.0},{"damage":0.0,"enemies":"2 Fungi Beasts","floor":13.0,"turns":1.0},{"damage":3.0,"enemies":"Blue Slaver","floor":14.0,"turns":3.0},{"damage":38.0,"enemies":"The Guardian","floor":16.0,"turns":9.0},{"damage":35.0,"enemies":"3 Byrds","floor":18.0,"turns":4.0},{"damage":24.0,"enemies":"2 Thieves","floor":20.0,"turns":3.0},{"damage":0.0,"enemies":"Snecko","floor":21.0,"turns":1.0},{"damage":0.0,"enemies":"Chosen and Byrds","floor":22.0,"turns":3.0},{"damage":32.0,"enemies":"Gremlin Leader","floor":23.0,"turns":6.0},{"damage":36.0,"enemies":"Slavers","floor":25.0,"turns":3.0},{"damage":30,"enemies":"Snake Plant","floor":27,"turns":2}],"seed_played":"2667932994006229887","potions_obtained":[{"floor":3.0,"key":"ColorlessPotion"},{"floor":6.0,"key":"testmod-TimePotion"},{"floor":13.0,"key":"SkillPotion"},{"floor":20.0,"key":"SmokeBomb"},{"floor":25.0,"key":"BlessingOfTheForge"}],"is_trial":false,"path_per_floor":["M","M","M","M","?","E","R","?","T","E","?","E","M","M","R","B",null,"M","?","M","M","M","E","R","E","T","M"],"character_chosen":"DOCTOR_CLASS","items_purchased":["Girya","ats:Nebulous Foxfire"],"campfire_rested":0,"item_purchase_floors":[7,17],"current_hp_per_floor":[65,65,71,67,67,48,48,48,48,33,19,20,20,26,26,2,63,46,31,15,15,23,46,46,18,18,0,0],"gold":399,"neow_bonus":"RANDOM_COMMON_RELIC","is_daily":false,"chose_seed":false,"campfire_upgraded":0,"win_rate":0.0,"timestamp":1612808727,"path_taken":["M","M","M","M","?","E","R","?","T","E","?","E","M","M","R","BOSS","M","?","M","M","M","E","R","E","T","M"],"items_purchased_type":["Relic","Card"],"build_version":"2020-12-22","purchased_purges":1,"victory":false,"max_hp_per_floor":[72,72,72,72,72,72,72,72,72,72,72,72,72,72,72,72,63,63,63,63,63,63,63,63,63,63,63,63],"card_choices":[{"not_picked":["ats:Assault Order","ats:Guardian Obelisk"],"picked":"ats:Blood Oath","floor":1.0},{"not_picked":["ats:Revitalization","ats:Explosion Area Strengthen","ats:Flexible Camouflage","ats:Guard Mode"],"picked":"Bomb","floor":2.0},{"not_picked":["ats:Curse Doll","ats:Very Hot Blade","ats:Shell Defense","ats:Ignite"],"picked":"ats:Closed Bolt Burst Fire","floor":3.0},{"not_picked":["ats:Flexible Camouflage","ats:Thorns","ats:Curse Doll","ats:Revitalization"],"picked":"ats:Demon Strength","floor":4.0},{"not_picked":["ats:Shadow Raid","ats:Assault Order","ats:True Silver Slash","ats:Guard Mode"],"picked":"ats:Calcification","floor":6.0},{"not_picked":["ats:Blood Oath","ats:Apocalypse","ats:Poison Spread","ats:Demon Strength","ats:Literary Storm"],"picked":"SKIP","floor":10.0},{"not_picked":["ats:Blood Oath","ats:Apocalypse","ats:Poison Spread","ats:Demon Strength","ats:Literary Storm"],"picked":"SKIP","floor":10.0},{"not_picked":["ats:Shadow Assault","ats:Ignite","ats:Guard Mode","ats:Absolute Focus"],"picked":"ats:Directed Diagnosis","floor":12.0},{"not_picked":["ats:Powerful Strike","ats:Hook Shot","ats:Magnetic Hammer","ats:Healing Drone","ats:Absolute Focus"],"picked":"SKIP","floor":13.0},{"not_picked":["ats:Burning Ground","ats:Cat Scratch","ats:Flame Of Heaven","ats:Leaping Hammer","ats:Shell Defense"],"picked":"SKIP","floor":14.0},{"not_picked":["ats:Wolf Pack","ats:Ambush","ats:Dogmatic Field","ats:Shadow Assault"],"picked":"ats:Soul Rend","floor":16.0},{"not_picked":["ats:Cat Scratch","ats:Explosion Area Strengthen","ats:Song Of Battle","ats:Curse Doll+1"],"picked":"ats:Thorns","floor":18.0},{"not_picked":["ats:Closed Bolt Burst Fire","ats:Curse Doll","ats:Consecutive Shot Auto","ats:Support Order","ats:Ignite+1"],"picked":"SKIP","floor":20.0},{"not_picked":["ats:Shadow Assault","ats:Powerful Strike+1","ats:Hammer On","ats:Blood Oath","ats:Closed Bolt Burst Fire+1"],"picked":"SKIP","floor":22.0},{"not_picked":["ats:Encircling Forest","ats:Steam Pump","ats:Leaping Hammer","ats:Hammer On+1"],"picked":"ats:Overload","floor":23.0},{"not_picked":["ats:Sunburst","ats:Automatic Cover+1","ats:Counter Healing Mode+1","ats:Thorns"],"picked":"ats:Thermite Blade","floor":25.0}],"player_experience":826235,"relics_obtained":[{"floor":1.0,"key":"SynthV:TestCard"},{"floor":4.0,"key":"LetterFromLob"},{"floor":6.0,"key":"ats:Originium"},{"floor":6.0,"key":"testmod-TurbochargingSystem"},{"floor":10.0,"key":"ats:Originium"},{"floor":10.0,"key":"D6"},{"floor":12.0,"key":"ats:Originium"},{"floor":12.0,"key":"Tiny Chest"},{"floor":23.0,"key":"ats:Originium"},{"floor":23.0,"key":"Whetstone"},{"floor":25.0,"key":"testmod-IntensifyImprint"},{"floor":26.0,"key":"Bottled Tornado"}],"event_choices":[{"damage_healed":0.0,"max_hp_gain":0.0,"max_hp_loss":0.0,"gold_gain":175.0,"event_name":"Liars Game","player_choice":"AGREE","floor":5.0,"gold_loss":0.0,"damage_taken":0.0,"cards_obtained":["Doubt"]},{"cards_removed":["Doubt"],"damage_healed":0.0,"max_hp_gain":0.0,"max_hp_loss":0.0,"gold_gain":0.0,"event_name":"Living Wall","player_choice":"Forget","floor":8.0,"gold_loss":0.0,"damage_taken":0.0},{"damage_healed":0.0,"max_hp_gain":0.0,"max_hp_loss":0.0,"gold_gain":0.0,"event_name":"Shining Light","player_choice":"Entered Light","floor":11.0,"gold_loss":0.0,"damage_taken":14.0,"cards_upgraded":["ats:Strike C","ats:Strike S"]}],"is_beta":false,"boss_relics":[{"not_picked":["ats:Sanity Plus","Snecko Eye"],"picked":"ChiXiaoBlade"},{"not_picked":[]}],"items_purged_floors":[17],"is_endless":false,"potions_floor_spawned":[3,6,13,20,25],"killed_by":"Snake Plant","ascension_level":2}}