{"host":"dctolzh6htjtakpc","time":1612817580,"event":{"mods":["2.2 Compatiblity","AchievementEnabler","AlwaysNeverKeys","BaseMod","Block Reminder","DeckTracker","Defuse TimeMaze Blight","Minty Spire (QoL Compilation)","Permanent Neow","Quick Restart","StSLib","SuperFastMode"],"gold_per_floor":[114,114,18,193,205,205,43,43,43],"floor_reached":8,"language":"ENG","playtime":148,"items_purged":[],"score":68,"play_id":"f039f04a-4aee-4327-bb67-508ee65f8b39","local_time":"20210208155300","is_ascension_mode":true,"campfire_choices":[{"data":"Footwork","floor":6,"key":"SMITH"}],"circlet_count":0,"master_deck":["AscendersBane","Strike_G","Strike_G","Strike_G","Strike_G","Strike_G","Defend_G","Defend_G","Defend_G","Defend_G","Defend_G","Survivor","Neutralize","Escape Plan","Footwork+1","Deflect","Doubt","Tactician","Finesse"],"relics":["Ring of the Snake","Tough Bandages"],"acts_visited":["Exordium"],"potions_floor_usage":[8],"damage_taken":[{"damage":7,"enemies":"2 Louse","floor":1,"turns":4},{"damage":10,"enemies":"Small Slimes","floor":5,"turns":5},{"damage":59,"enemies":"Gremlin Nob","floor":8,"turns":6}],"seed_played":"6999693082497518513","potions_obtained":[{"floor":1,"key":"Swift Potion"}],"is_trial":false,"path_per_floor":["M","?","$","?","M","R","$","E"],"character_chosen":"THE_SILENT","items_purchased":["Footwork","Deflect","Tactician","Finesse"],"campfire_rested":0,"item_purchase_floors":[3,3,7,7],"current_hp_per_floor":[56,61,61,61,51,51,51,0,0],"gold":43,"neow_bonus":"ONE_RARE_RELIC","is_daily":false,"chose_seed":false,"campfire_upgraded":1,"win_rate":0.0,"timestamp":1612817580,"path_taken":["M","?","$","?","M","R","$","E"],"items_purchased_type":["Card","Card","Card","Card"],"build_version":"2020-12-22","purchased_purges":0,"victory":false,"max_hp_per_floor":[63,68,68,68,68,68,68,68,68],"card_choices":[{"not_picked":["Dodge and Roll","Endless Agony"],"picked":"Escape Plan","floor":1},{"not_picked":["Underhanded Strike","Accuracy","Well Laid Plans"],"picked":"SKIP","floor":5}],"player_experience":513239,"relics_obtained":[],"event_choices":[{"damage_healed":0,"gold_gain":0,"player_choice":"Donut","damage_taken":0,"max_hp_gain":5,"max_hp_loss":0,"event_name":"Big Fish","floor":2,"gold_loss":0},{"damage_healed":0,"gold_gain":175,"player_choice":"AGREE","damage_taken":0,"max_hp_gain":0,"max_hp_loss":0,"event_name":"Liars Game","floor":4,"gold_loss":0,"cards_obtained":["Doubt"]}],"is_beta":false,"boss_relics":[],"items_purged_floors":[],"is_endless":false,"potions_floor_spawned":[1],"killed_by":"Gremlin Nob","ascension_level":11}}