{"host":"axuns55dzq466eei","time":1612788742,"event":{"mods":["BaseMod","Colored Map","Keyboard Shortcuts","Minty Spire (QoL Compilation)","StSLib","SuperFastMode"],"gold_per_floor":[116,41,41,61,72,72,85,411,480,480,555,555,555,572,572,645,695,706,459,470,490,503,503,503,503],"floor_reached":24,"language":"KOR","playtime":536,"items_purged":["Strike_R"],"score":396,"play_id":"9d139551-ace3-44fc-9c1c-2f83b6bb56e7","local_time":"20210208215222","is_ascension_mode":true,"campfire_choices":[{"data":"Anger","floor":6.0,"key":"SMITH"},{"data":"Bash","floor":10,"key":"SMITH"},{"data":"Battle Trance","floor":12,"key":"SMITH"},{"data":"Burning Pact","floor":15,"key":"SMITH"},{"floor":23,"key":"REST"}],"circlet_count":0,"master_deck":["AscendersBane","Strike_R","Strike_R","Defend_R+1","Defend_R","Defend_R","Bash+1","Parasite","Havoc","Anger+1","Wild Strike+1","Battle Trance+1","Twin Strike","Burning Pact+1","Second Wind","Juggernaut","Flame Barrier","Power Through+1","Bloodletting+1"],"relics":["Burning Blood","Old Coin","Mummified Hand","Tiny House","Lee\u0027s Waffle"],"acts_visited":["Exordium","TheCity"],"potions_floor_usage":[16,22],"damage_taken":[{"damage":1.0,"enemies":"Cultist","floor":1.0,"turns":3.0},{"damage":0.0,"enemies":"2 Louse","floor":4.0,"turns":2.0},{"damage":7.0,"enemies":"Small Slimes","floor":5.0,"turns":3.0},{"damage":16.0,"enemies":"Blue Slaver","floor":7.0,"turns":3.0},{"damage":32,"enemies":"Gremlin Nob","floor":8,"turns":4},{"damage":6,"enemies":"3 Louse","floor":14,"turns":3},{"damage":51,"enemies":"Hexaghost","floor":16,"turns":8},{"damage":22,"enemies":"3 Byrds","floor":18,"turns":5},{"damage":26,"enemies":"Spheric Guardian","floor":20,"turns":6},{"damage":21,"enemies":"Snake Plant","floor":21,"turns":4},{"damage":22,"enemies":"3 Cultists","floor":22,"turns":5},{"damage":63,"enemies":"Gremlin Leader","floor":24,"turns":6}],"seed_played":"-5369583856480480778","potions_obtained":[{"floor":5.0,"key":"ElixirPotion"},{"floor":8,"key":"Fire Potion"},{"floor":17,"key":"AttackPotion"}],"is_trial":false,"path_per_floor":["M","?","?","M","M","R","M","E","T","R","?","R","?","M","R","B",null,"M","$","M","M","M","R","E"],"character_chosen":"IRONCLAD","items_purchased":["Lee\u0027s Waffle"],"campfire_rested":1,"item_purchase_floors":[19],"current_hp_per_floor":[73,73,73,75,74,74,64,38,38,38,27,27,52,52,52,7,63,47,87,67,52,36,62,0,0],"gold":503,"neow_bonus":"TRANSFORM_TWO_CARDS","is_daily":false,"chose_seed":false,"campfire_upgraded":4,"win_rate":0.0,"timestamp":1612788742,"path_taken":["M","?","?","M","M","R","?","E","T","R","?","R","?","M","R","BOSS","M","$","M","M","M","R","E"],"items_purchased_type":["Relic"],"build_version":"2020-12-22","purchased_purges":1,"victory":false,"max_hp_per_floor":[75,75,75,75,75,75,75,75,75,75,75,75,75,75,75,75,80,80,87,87,87,87,87,87,87],"card_choices":[{"not_picked":["Perfected Strike","Iron Wave"],"picked":"Wild Strike","floor":1.0},{"not_picked":["Sword Boomerang","Whirlwind"],"picked":"Battle Trance","floor":4.0},{"not_picked":["Warcry","Perfected Strike","Iron Wave"],"picked":"SKIP","floor":5.0},{"not_picked":["Pummel","Perfected Strike"],"picked":"Twin Strike","floor":7.0},{"not_picked":["Sword Boomerang","Berserk"],"picked":"Burning Pact","floor":8},{"not_picked":["True Grit","Rampage"],"picked":"Second Wind","floor":14},{"not_picked":["Berserk","Reaper"],"picked":"Juggernaut","floor":16},{"not_picked":["Clothesline","Reckless Charge"],"picked":"Flame Barrier","floor":17},{"not_picked":["Iron Wave+1","Shockwave"],"picked":"Power Through+1","floor":18},{"not_picked":["Carnage","Shockwave"],"picked":"Bloodletting+1","floor":20},{"not_picked":["Warcry","Flex","Combust"],"picked":"SKIP","floor":21},{"not_picked":["Twin Strike","Headbutt","Ghostly Armor"],"picked":"SKIP","floor":22}],"player_experience":1125347,"relics_obtained":[{"floor":8,"key":"Old Coin"},{"floor":9,"key":"Mummified Hand"}],"event_choices":[{"cards_removed":["Strike_R"],"damage_healed":0.0,"max_hp_gain":0.0,"max_hp_loss":0.0,"gold_gain":0.0,"event_name":"The Cleric","player_choice":"Card Removal","floor":2.0,"gold_loss":75.0,"damage_taken":0.0},{"damage_healed":0.0,"max_hp_gain":0.0,"max_hp_loss":0.0,"gold_gain":0.0,"event_name":"Upgrade Shrine","player_choice":"Upgraded","floor":3.0,"gold_loss":0.0,"damage_taken":0.0,"cards_upgraded":["Wild Strike"]},{"damage_healed":0,"gold_gain":75,"player_choice":"Gather Gold","damage_taken":11,"max_hp_gain":0,"max_hp_loss":0,"event_name":"World of Goop","floor":11,"gold_loss":0},{"damage_healed":25,"gold_gain":0,"player_choice":"Banana","damage_taken":0,"max_hp_gain":0,"max_hp_loss":0,"event_name":"Big Fish","floor":13,"gold_loss":0}],"is_beta":false,"boss_relics":[{"not_picked":["Snecko Eye","Sozu"],"picked":"Tiny House"}],"items_purged_floors":[19],"is_endless":false,"potions_floor_spawned":[5,8,18],"killed_by":"Gremlin Leader","ascension_level":20}}