{"host":"zs3tguvuxkh90jf4","time":1612747362,"event":{"mods":["AchievementEnabler","BaseMod","Better Silent Start","Better-Laid Plans","BetterRewards","Block Reminder","Colored Map","Colored Powertips","Gold Saver","Minty Spire (QoL Compilation)","Shop Mod","StSLib","Transform Curses"],"gold_per_floor":[2766,2779,2790,2233,2233,2266,2286,2286,2286,2302,1597,1608,1634,1634,1634,1711,1711,1724,1741,1756,1772,1772,1825,1740,1740,1740,1767,983,1015,1027,1057,1057,1129,1129,1142,1364,1380,1380,656,656,667,344,368,368,380,408,424,440,440,440,440,440,44,77,77],"floor_reached":56,"language":"ENG","playtime":4077,"items_purged":["Strike_B","Defend_B","Strike_B","Strike_B+1","Zap"],"score":2605,"play_id":"13f01a1f-fbdd-4148-89f7-480c35172979","local_time":"20210207172242","is_ascension_mode":true,"campfire_choices":[{"floor":8.0,"key":"REST"},{"floor":15.0,"key":"REST"},{"data":"Dualcast","floor":25,"key":"SMITH"},{"floor":32,"key":"RECALL"},{"data":"Dualcast","floor":40,"key":"SMITH"},{"data":"Electrodynamics","floor":44,"key":"SMITH"},{"data":"Fission","floor":49,"key":"SMITH"},{"data":"Hologram","floor":52,"key":"SMITH"}],"circlet_count":0,"master_deck":["AscendersBane","Strike_B+1","Defend_B+1","Defend_B+1","Dualcast+1","Coolheaded","Dualcast+1","Coolheaded","Dramatic Entrance+1","Leap","Static Discharge","Ball Lightning","Hologram+1","Self Repair","Fission+1","Fusion+1","Ball Lightning+1","Stack+1","Double Energy+1","Hologram+1","Coolheaded+1","Capacitor","Electrodynamics+1","Genetic Algorithm+1","Conserve Battery+1","Glacier+1","Seek+1","Loop","Cold Snap","Redo+1","Double Energy+1","Seek+1","Defragment+1","Conserve Battery+1","Madness+1","Madness+1","Redo+1","Turbo+1","Blizzard","White Noise+1","Consume+1","Chaos+1"],"relics":["Cracked Core","Symbiotic Virus","Gremlin Horn","Pen Nib","Runic Capacitor","MerchantsRug","Blood Vial","Mercury Hourglass","Toxic Egg 2","Kunai","Incense Burner","Strange Spoon","Anchor","Runic Pyramid","Blue Candle","Boot","TheAbacus","Happy Flower","Red Mask","Vajra","Inserter","Cables","Orichalcum","Dead Branch","Unceasing Top","Letter Opener"],"acts_visited":["Exordium","TheCity","TheBeyond","TheEnding"],"potions_floor_usage":[30,47,50,50,55,55,55],"damage_taken":[{"damage":0.0,"enemies":"Cultist","floor":1.0,"turns":3.0},{"damage":0.0,"enemies":"2 Louse","floor":2.0,"turns":1.0},{"damage":0.0,"enemies":"Small Slimes","floor":3.0,"turns":3.0},{"damage":35.0,"enemies":"Lagavulin","floor":6.0,"turns":6.0},{"damage":6.0,"enemies":"Looter","floor":7.0,"turns":3.0},{"damage":11.0,"enemies":"Large Slime","floor":10.0,"turns":3.0},{"damage":0.0,"enemies":"3 Louse","floor":12.0,"turns":2.0},{"damage":3.0,"enemies":"Gremlin Nob","floor":13.0,"turns":3.0},{"damage":35.0,"enemies":"The Guardian","floor":16.0,"turns":9.0},{"damage":11.0,"enemies":"2 Thieves","floor":18.0,"turns":3.0},{"damage":0.0,"enemies":"Chosen","floor":19.0,"turns":5.0},{"damage":1.0,"enemies":"Snecko","floor":20.0,"turns":3.0},{"damage":12.0,"enemies":"Snake Plant","floor":21.0,"turns":4.0},{"damage":0.0,"enemies":"Gremlin Leader","floor":23.0,"turns":5.0},{"damage":12,"enemies":"Slavers","floor":27,"turns":4},{"damage":0,"enemies":"Masked Bandits","floor":29,"turns":2},{"damage":1,"enemies":"3 Cultists","floor":30,"turns":4},{"damage":18,"enemies":"Gremlin Leader","floor":31,"turns":6},{"damage":24,"enemies":"Collector","floor":33,"turns":10},{"damage":0,"enemies":"Orb Walker","floor":35,"turns":4},{"damage":0,"enemies":"3 Darklings","floor":37,"turns":3},{"damage":0,"enemies":"Transient","floor":41,"turns":5},{"damage":10,"enemies":"Maw","floor":45,"turns":8},{"damage":0,"enemies":"Giant Head","floor":46,"turns":6},{"damage":11,"enemies":"4 Shapes","floor":47,"turns":3},{"damage":0,"enemies":"Jaw Worm Horde","floor":48,"turns":2},{"damage":40,"enemies":"Awakened One","floor":50,"turns":10},{"damage":0,"enemies":"Shield and Spear","floor":54,"turns":4},{"damage":7,"enemies":"The Heart","floor":55,"turns":7}],"seed_played":"-7453418447969714685","potions_obtained":[{"floor":1.0,"key":"EssenceOfDarkness"},{"floor":2.0,"key":"BlessingOfTheForge"},{"floor":12.0,"key":"SpeedPotion"},{"floor":16.0,"key":"SkillPotion"},{"floor":18.0,"key":"FocusPotion"},{"floor":30,"key":"Fruit Juice"},{"floor":33,"key":"EssenceOfSteel"},{"floor":37,"key":"Explosive Potion"},{"floor":46,"key":"FocusPotion"},{"floor":47,"key":"FocusPotion"},{"floor":54,"key":"SneckoOil"}],"is_trial":false,"path_per_floor":["M","M","M","$","?","E","M","R","T","M","$","M","E","?","R","B",null,"M","M","M","M","?","E","?","R","T","E","$","?","M","E","R","B",null,"M","?","M","?","$","R","M","$","T","R","M","E","M","M","R","B",null,"R","$","E","B",null],"character_chosen":"DEFECT","items_purchased":["Symbiotic Virus","Coolheaded","Omamori","DollysMirror","Gremlin Horn","Pen Nib","Runic Capacitor","Dramatic Entrance","Leap","MerchantsRug","Blood Vial","Ancient Tea Set","Self Repair","Fission","Incense Burner","Strange Spoon","Double Energy+1","Hologram+1","Boot","TheAbacus","Happy Flower","Seek+1","Loop","Cold Snap","Cables","Orichalcum","Orrery","Dead Branch","White Noise+1","Unceasing Top","Consume+1","Chaos+1","AttackPotion","Weak Potion"],"campfire_rested":2,"item_purchase_floors":[0,0,0,0,0,0,0,0,0,0,4,4,4,4,11,11,11,11,28,28,28,28,28,28,39,39,39,42,42,53,53,53,53,53],"current_hp_per_floor":[42,42,42,42,42,16,19,40,40,38,38,47,53,46,67,41,64,55,57,65,62,62,71,71,71,85,73,73,75,88,79,79,64,84,90,90,90,74,74,74,76,76,76,76,75,84,75,77,77,46,79,79,79,81,90],"gold":77,"neow_bonus":"","is_daily":false,"chose_seed":false,"campfire_upgraded":5,"win_rate":0.0,"timestamp":1612747362,"path_taken":["M","M","?","$","?","E","M","R","T","M","$","M","E","?","R","BOSS","M","M","M","M","?","E","?","R","T","E","$","?","M","E","R","BOSS","M","?","M","?","$","R","M","$","T","R","M","E","M","M","R","BOSS","R","$","E","BOSS"],"items_purchased_type":["Relic","Card","Relic","Relic","Relic","Relic","Relic","Card","Card","Relic","Relic","Relic","Card","Card","Relic","Relic","Card","Card","Relic","Relic","Relic","Card","Card","Card","Relic","Relic","Relic","Relic","Card","Relic","Card","Card","Potion","Potion"],"build_version":"2020-12-22","purchased_purges":5,"victory":true,"max_hp_per_floor":[71,71,71,71,71,71,71,71,71,71,71,71,71,71,71,71,71,71,71,71,71,71,71,71,71,85,85,85,85,90,90,90,90,90,90,90,90,90,90,90,90,90,90,90,90,90,90,90,90,90,90,90,90,90,90],"card_choices":[{"not_picked":["Cold Snap","Sweeping Beam"],"picked":"Static Discharge","floor":1.0},{"not_picked":["Static Discharge","Turbo"],"picked":"Ball Lightning","floor":2.0},{"not_picked":["Steam","Streamline"],"picked":"Hologram","floor":3.0},{"not_picked":["Reboot+1","Leap+1"],"picked":"Fusion+1","floor":6.0},{"not_picked":["Rebound","Leap+1"],"picked":"Ball Lightning","floor":7.0},{"not_picked":["Undo+1","Beam Cell"],"picked":"Stack+1","floor":10.0},{"not_picked":["Reprogram+1","Melter"],"picked":"Coolheaded+1","floor":12.0},{"not_picked":["Stack+1","Coolheaded+1"],"picked":"Capacitor","floor":13.0},{"not_picked":["Amplify+1","Meteor Strike"],"picked":"Electrodynamics","floor":16.0},{"not_picked":["Steam+1","Leap+1"],"picked":"Genetic Algorithm+1","floor":18.0},{"not_picked":["Compile Driver+1","Go for the Eyes","Genetic Algorithm+1"],"picked":"SKIP","floor":19.0},{"not_picked":["Genetic Algorithm+1","Gash","Leap+1"],"picked":"SKIP","floor":20.0},{"not_picked":["Self Repair","Fusion+1"],"picked":"Conserve Battery+1","floor":21.0},{"not_picked":["Rebound","Fusion+1"],"picked":"Glacier+1","floor":23},{"not_picked":["Streamline+1","Reboot+1","Beam Cell"],"picked":"SKIP","floor":27},{"not_picked":["Ball Lightning+1","Steam+1"],"picked":"Redo+1","floor":30},{"not_picked":["Reprogram+1","Hello World"],"picked":"Double Energy+1","floor":31},{"not_picked":["Creative AI","Reboot+1"],"picked":"Seek+1","floor":33},{"not_picked":["Sweeping Beam","Gash"],"picked":"Defragment+1","floor":35},{"not_picked":["Rebound","Hologram+1"],"picked":"Conserve Battery+1","floor":37},{"not_picked":["Streamline","Coolheaded+1"],"picked":"Redo+1","floor":39},{"not_picked":["Compile Driver","Capacitor+1"],"picked":"Turbo+1","floor":39},{"not_picked":["Heatsinks","BootSequence+1"],"picked":"Blizzard","floor":39},{"not_picked":["Streamline","Blizzard","Redo+1"],"picked":"SKIP","floor":41},{"not_picked":["Go for the Eyes","Scrape","Blizzard"],"picked":"SKIP","floor":45},{"not_picked":["Leap+1","Stack+1","Go for the Eyes"],"picked":"SKIP","floor":46},{"not_picked":["Compile Driver","Sunder+1","Static Discharge"],"picked":"SKIP","floor":47},{"not_picked":["Compile Driver","Force Field+1","Rip and Tear"],"picked":"SKIP","floor":48},{"not_picked":["Auto Shields+1","Compile Driver","Coolheaded+1"],"picked":"SKIP","floor":54}],"player_experience":548466,"relics_obtained":[{"floor":6.0,"key":"Toxic Egg 2"},{"floor":9.0,"key":"Kunai"},{"floor":13.0,"key":"Anchor"},{"floor":23,"key":"Blue Candle"},{"floor":26,"key":"Mango"},{"floor":27,"key":"Whetstone"},{"floor":29,"key":"Red Mask"},{"floor":31,"key":"Vajra"},{"floor":46,"key":"Peace Pipe"},{"floor":54,"key":"Letter Opener"}],"event_choices":[{"damage_healed":0.0,"max_hp_gain":0.0,"max_hp_loss":0.0,"gold_gain":0.0,"event_name":"Big Fish","player_choice":"Box","floor":5.0,"gold_loss":0.0,"damage_taken":0.0,"relics_obtained":["Mercury Hourglass"],"cards_obtained":["Regret"]},{"cards_removed":["Defend_B"],"damage_healed":0.0,"max_hp_gain":0.0,"max_hp_loss":0.0,"gold_gain":0.0,"event_name":"Golden Wing","player_choice":"Card Removal","floor":14.0,"gold_loss":0.0,"damage_taken":7.0},{"damage_healed":0.0,"max_hp_gain":0.0,"max_hp_loss":0.0,"gold_gain":0.0,"event_name":"Back to Basics","player_choice":"Simplicity","floor":22.0,"gold_loss":0.0,"damage_taken":0.0,"cards_upgraded":["Strike_B","Strike_B","Defend_B","Defend_B"]},{"damage_healed":0,"gold_gain":0,"player_choice":"Obtained Relic","damage_taken":0,"relics_obtained":["Potion Belt"],"max_hp_gain":0,"max_hp_loss":0,"event_name":"Addict","floor":24,"gold_loss":85},{"damage_healed":0,"gold_gain":0,"player_choice":"Fought Bandits","damage_taken":0,"max_hp_gain":0,"max_hp_loss":0,"event_name":"Masked Bandits","floor":29,"gold_loss":0},{"damage_healed":0,"gold_gain":222,"player_choice":"Wore Mask","damage_taken":0,"max_hp_gain":0,"max_hp_loss":0,"event_name":"Tomb of Lord Red Mask","floor":36,"gold_loss":0},{"damage_healed":0,"gold_gain":0,"player_choice":"Embrace Madness","damage_taken":16,"max_hp_gain":0,"max_hp_loss":0,"event_name":"Winding Halls","floor":38,"gold_loss":0,"cards_obtained":["Madness","Madness"]}],"is_beta":false,"boss_relics":[{"not_picked":["Ectoplasm","FrozenCore"],"picked":"Runic Pyramid"},{"not_picked":["Black Star","Philosopher\u0027s Stone"],"picked":"Inserter"}],"items_purged_floors":[0,4,11,28,39],"is_endless":false,"potions_floor_spawned":[1,2,3,12,16,18,19,30,33,37,46,47,54],"ascension_level":15}}