{"host":"oz4ht6ec7xzo36kd","time":1612771497,"event":{"mods":["Act Like it!","BaseMod","Friendly Minions","Marisa¡]Ãú«B¡@Å]²z¨F¡^","Minty Spire (QoL Compilation)","Remilia¡]Á¢¦Ì²ú?¡^","StSLib","The Marked","The Servant 0.9.4","WarShipGirlsR/??¤Ö¤kR mod","Youmu¡]»î¾z§¯?¡^"],"gold_per_floor":[110,127,127,127,146,178,233,260,333,367,367,400,412,425,425,497,497,517,567,567,583,601,601,635,635,686,172,192,224,224,224,224,298,298,314,333,402,0,0,0,26,26,50,62,74,74,74],"floor_reached":46,"language":"ZHT","playtime":2496,"items_purged":["Writhe"],"score":1114,"play_id":"49fac0c7-55a5-43c9-a075-3ae088fca14e","local_time":"20210208160457","is_ascension_mode":true,"campfire_choices":[{"floor":15,"key":"RECALL"},{"floor":23,"key":"DIG"},{"floor":25,"key":"DIG"},{"floor":32,"key":"DIG"},{"floor":40,"key":"DIG"}],"circlet_count":0,"master_deck":["AscendersBane","Strike_RM","Strike_RM","Strike_RM","Strike_RM","Defend_RM","Defend_RM+1","Defend_RM","Defend_RM","RedMoon+1","ScarletShoot","Panacea","ScarletDream+1","TwelveNightmare","HunterOfTheNight","NightDance","RedRainbow","MastersStateliness","Stigmanizer","MiserableFate","ScarletCoffin","ScarletSymphony","ScarletCoffin","BloodAndWine+1","UnstableMagic","TricksterDevil","EndlessPower","ChaoticDestiny","Septette+1","VampirishNight","ReincarnationDial+1"],"relics":["ScarletHat","Dead Branch","War Paint","Shovel","Bottled Lightning","Akabeko","Kunai","APieceOfRedMist","Juzu Bracelet","Blood Vial","Toy Ornithopter","Mummified Hand","Bronze Scales","Chemical X","Letter Opener","NlothsMask","Unceasing Top","Coffee Dripper","Du-Vu Doll","Red Mask","HornCleat","Lantern","ScarletDevilRocket"],"acts_visited":["Exordium","TheCity","TheBeyond"],"potions_floor_usage":[6,8,10,10,12,16,16,22,22,29,29,37,45,45],"damage_taken":[{"damage":0,"enemies":"Small Slimes","floor":1,"turns":4},{"damage":3,"enemies":"Cultist","floor":2,"turns":4},{"damage":5,"enemies":"Jaw Worm","floor":5,"turns":4},{"damage":6,"enemies":"3 Sentries","floor":6,"turns":9},{"damage":6,"enemies":"3 Sentries","floor":7,"turns":5},{"damage":11,"enemies":"Lagavulin","floor":8,"turns":5},{"damage":59,"enemies":"Gremlin Nob","floor":10,"turns":3},{"damage":0,"enemies":"3 Sentries","floor":12,"turns":2},{"damage":59,"enemies":"Exordium Wildlife","floor":13,"turns":3},{"damage":0,"enemies":"Large Slime","floor":14,"turns":3},{"damage":25,"enemies":"The Guardian","floor":16,"turns":9},{"damage":16,"enemies":"Shell Parasite","floor":18,"turns":6},{"damage":0,"enemies":"Spheric Guardian","floor":21,"turns":2},{"damage":0,"enemies":"3 Cultists","floor":22,"turns":3},{"damage":36,"enemies":"Slavers","floor":24,"turns":4},{"damage":23,"enemies":"Shelled Parasite and Fungi","floor":28,"turns":6},{"damage":9,"enemies":"Snecko","floor":29,"turns":3},{"damage":33,"enemies":"Automaton","floor":33,"turns":5},{"damage":4,"enemies":"Orb Walker","floor":35,"turns":3},{"damage":52,"enemies":"3 Darklings","floor":36,"turns":3},{"damage":7,"enemies":"2 Orb Walkers","floor":37,"turns":2},{"damage":4,"enemies":"Reptomancer","floor":41,"turns":2},{"damage":18,"enemies":"Writhing Mass","floor":44,"turns":3},{"damage":6,"enemies":"Sphere and 2 Shapes","floor":45,"turns":5},{"damage":122,"enemies":"Giant Head","floor":46,"turns":1}],"seed_played":"6282605336995417563","potions_obtained":[{"floor":1,"key":"Block Potion"},{"floor":7,"key":"BlessingOfTheForge"},{"floor":8,"key":"SkillPotion"},{"floor":8,"key":"Weak Potion"},{"floor":10,"key":"Fire Potion"},{"floor":11,"key":"LiquidBronze"},{"floor":11,"key":"Explosive Potion"},{"floor":13,"key":"DistilledChaos"},{"floor":14,"key":"CultistPotion"},{"floor":16,"key":"LiquidMemories"},{"floor":18,"key":"AttackPotion"},{"floor":24,"key":"SkillPotion"},{"floor":28,"key":"PowerPotion"},{"floor":29,"key":"PowerPotion"},{"floor":33,"key":"Fire Potion"},{"floor":41,"key":"SteroidPotion"},{"floor":44,"key":"PowerPotion"},{"floor":45,"key":"CultistPotion"}],"is_trial":false,"path_per_floor":["M","M","?","$","M","E","?","E","T","E","?","E","M","M","R","B",null,"M","?","?","M","M","R","E","R","T","$","M","M","?","?","R","B",null,"M","M","?","?","?","R","E","?","T","M","M","E"],"character_chosen":"REMILIA","items_purchased":["Chemical X","Letter Opener"],"campfire_rested":0,"item_purchase_floors":[27,27],"current_hp_per_floor":[64,61,61,61,56,50,48,50,50,30,30,30,19,19,19,8,57,47,47,47,49,56,56,35,35,35,35,20,34,34,34,34,33,63,67,31,50,50,50,50,57,62,62,61,71,0,0],"gold":74,"neow_bonus":"RANDOM_COLORLESS","is_daily":false,"chose_seed":false,"campfire_upgraded":0,"win_rate":0.0,"timestamp":1612771497,"path_taken":["M","M","?","?","?","E","?","E","T","E","?","E","?","M","R","BOSS","M","?","?","M","M","R","E","R","T","?","M","M","?","?","R","BOSS","M","M","?","?","?","R","E","?","T","M","M","E"],"items_purchased_type":["Relic","Relic"],"build_version":"2020-12-22","purchased_purges":1,"victory":false,"max_hp_per_floor":[70,70,70,70,70,70,70,73,73,73,73,73,73,73,73,73,73,73,73,73,73,73,73,73,73,73,73,73,73,73,73,73,73,73,73,73,73,73,73,73,73,73,73,73,73,73,73],"card_choices":[{"not_picked":["Forethought","Flash of Steel"],"picked":"Panacea","floor":0},{"not_picked":["RedMagic","MiserableFate"],"picked":"ScarletDream","floor":1},{"not_picked":["UnderTheZenith","VampireKiss"],"picked":"TwelveNightmare","floor":2},{"not_picked":["MiserableFate","CharismaGuard"],"picked":"RedRainbow","floor":5},{"not_picked":["RedNightlessCastle","BloodyTrap"],"picked":"MastersStateliness","floor":6},{"not_picked":["VampireClaw","BlasphemousPunishment"],"picked":"Stigmanizer","floor":7},{"not_picked":["BloodyTrap","NightLord"],"picked":"MiserableFate","floor":8},{"not_picked":["CharismaGuard","BadLadyScramble","ScarletDream"],"picked":"SKIP","floor":10},{"not_picked":["BadLadyScramble","Stigmanizer"],"picked":"ScarletCoffin","floor":12},{"not_picked":["UltimateOffering","RedNightlessCastle"],"picked":"ScarletSymphony","floor":13},{"not_picked":["FavorOfDestiny","DiffusionOfMisfortune","VampireClaw"],"picked":"SKIP","floor":14},{"not_picked":["ChaoticDestiny","DemonKingCradle"],"picked":"ScarletCoffin","floor":16},{"not_picked":["DiffusionOfMisfortune","UnstableMagic"],"picked":"BloodAndWine+1","floor":18},{"not_picked":["BlasphemousPunishment","RedNightlessCastle+1","ScarletGensokyo"],"picked":"SKIP","floor":21},{"not_picked":["BloodHunter","ScarletImprint"],"picked":"UnstableMagic","floor":22},{"not_picked":["BloodyTrap","NightDance"],"picked":"TricksterDevil","floor":24},{"not_picked":["VampireKiss","DiffusionOfMisfortune","AfternoonTea"],"picked":"SKIP","floor":28},{"not_picked":["UnderTheZenith+1","SuperhumanBloodyKnife","ScarletDevil"],"picked":"SKIP","floor":29},{"not_picked":["BloodySeventeenLaser","ScarletCoffin"],"picked":"ChaoticDestiny","floor":33},{"not_picked":["StarOfDavid+1","BadLadyScramble","DiffusionOfMisfortune"],"picked":"SKIP","floor":35},{"not_picked":["BloodHunter+1","ScarletDevil"],"picked":"Septette+1","floor":36},{"not_picked":["HunterOfTheNight","RedRainbow+1"],"picked":"VampirishNight","floor":41},{"not_picked":["LeisurelyOfLord","NightDance"],"picked":"ReincarnationDial+1","floor":44},{"not_picked":["NightLord","ChaoticDestiny","CharismaGuard"],"picked":"SKIP","floor":45}],"player_experience":426560,"relics_obtained":[{"floor":6,"key":"Dead Branch"},{"floor":8,"key":"Shovel"},{"floor":9,"key":"Bottled Lightning"},{"floor":10,"key":"Akabeko"},{"floor":12,"key":"Kunai"},{"floor":18,"key":"Juzu Bracelet"},{"floor":23,"key":"Toy Ornithopter"},{"floor":24,"key":"Mummified Hand"},{"floor":25,"key":"Bronze Scales"},{"floor":32,"key":"Unceasing Top"},{"floor":37,"key":"Du-Vu Doll"},{"floor":40,"key":"HornCleat"},{"floor":41,"key":"Lantern"},{"floor":45,"key":"ScarletDevilRocket"}],"event_choices":[{"damage_healed":0,"gold_gain":0,"player_choice":"2 cards matched","damage_taken":0,"max_hp_gain":0,"max_hp_loss":0,"event_name":"Match and Keep!","floor":3,"gold_loss":0,"cards_obtained":["HunterOfTheNight","NightDance"]},{"damage_healed":0,"gold_gain":0,"player_choice":"Searched \u00273\u0027 times","damage_taken":0,"relics_obtained":["War Paint"],"max_hp_gain":0,"max_hp_loss":0,"event_name":"Dead Adventurer","floor":7,"gold_loss":0},{"damage_healed":0,"gold_gain":0,"player_choice":"Got Potions","damage_taken":0,"max_hp_gain":0,"max_hp_loss":0,"event_name":"Lab","floor":11,"gold_loss":0},{"damage_healed":0,"gold_gain":50,"player_choice":"Stole From Cult","damage_taken":0,"max_hp_gain":0,"max_hp_loss":0,"event_name":"Nest","floor":19,"gold_loss":0},{"damage_healed":0,"gold_gain":0,"player_choice":"Opened","damage_taken":0,"relics_obtained":["Blood Vial"],"max_hp_gain":0,"max_hp_loss":0,"event_name":"The Mausoleum","floor":20,"gold_loss":0,"cards_obtained":["Writhe"]},{"damage_healed":0,"gold_gain":0,"player_choice":"Trade","damage_taken":0,"relics_obtained":["NlothsMask"],"max_hp_gain":0,"max_hp_loss":0,"event_name":"FaceTrader","floor":30,"gold_loss":0},{"damage_healed":0,"gold_gain":0,"player_choice":"Fight","damage_taken":0,"max_hp_gain":0,"max_hp_loss":0,"event_name":"Mysterious Sphere","floor":37,"gold_loss":0},{"damage_healed":0,"gold_gain":0,"player_choice":"Paid","damage_taken":0,"relics_obtained":["Red Mask"],"max_hp_gain":0,"max_hp_loss":0,"event_name":"Tomb of Lord Red Mask","floor":38,"gold_loss":402},{"damage_healed":0,"gold_gain":0,"player_choice":"Forge","damage_taken":0,"max_hp_gain":0,"max_hp_loss":0,"event_name":"Accursed Blacksmith","floor":39,"gold_loss":0,"cards_upgraded":["RedMoon"]},{"cards_removed":["Wrath_TH"],"damage_healed":5,"gold_gain":0,"player_choice":"Offered Special","damage_taken":0,"max_hp_gain":0,"max_hp_loss":0,"event_name":"Bonfire Elementals","floor":42,"gold_loss":0}],"is_beta":false,"boss_relics":[{"not_picked":["Calling Bell","Ectoplasm"],"picked":"APieceOfRedMist"},{"not_picked":["Runic Dome","Snecko Eye"],"picked":"Coffee Dripper"}],"items_purged_floors":[27],"is_endless":false,"potions_floor_spawned":[1,7,8,13,14,16,18,28,29,33,36,41,44,45],"killed_by":"Giant Head","ascension_level":18}}