{"host":"o6nndy8fvkon49s1","time":1612823270,"event":{"mods":["100% Spire Juice","BaseMod","CapriCore","Hermit","Marisa????????","Minty Spire (QoL Compilation)","Prisma Mod","StSLib","Td1madao Mod","The Alterego","The Animator","The Bug Knight","The Forsaken","The Immortal","The Marked","The Servant 0.9.4"],"gold_per_floor":[116,136,55,70,70,70,83,83,83,103,115,132,142,158,158,256,256,256,256],"floor_reached":18,"language":"ENG","playtime":709,"items_purged":[],"score":158,"play_id":"e24750c0-e567-4d52-bd2f-8a695d688ad0","local_time":"20210208162750","is_ascension_mode":false,"campfire_choices":[{"data":"Eruption","floor":6,"key":"SMITH"},{"data":"ClearTheMind","floor":8,"key":"SMITH"},{"floor":15,"key":"REST"}],"circlet_count":0,"master_deck":["Strike_P","Strike_P","Strike_P","Strike_P","Defend_P","Defend_P","Defend_P","Defend_P","Eruption+1","Vigilance","Tantrum","CutThroughFate","TalkToTheHand","FollowUp","ClearTheMind+1","Indignation","ClearTheMind","Halt","ConjureBlade"],"relics":["PureWater","theForsaken:Lifeblossom","SacredBark"],"acts_visited":["Exordium","TheCity"],"potions_floor_usage":[12,16],"damage_taken":[{"damage":0,"enemies":"Small Slimes","floor":1,"turns":3},{"damage":0,"enemies":"Cultist","floor":2,"turns":2},{"damage":0,"enemies":"2 Louse","floor":4,"turns":2},{"damage":9,"enemies":"Large Slime","floor":7,"turns":4},{"damage":0,"enemies":"2 Fungi Beasts","floor":10,"turns":2},{"damage":12,"enemies":"Exordium Thugs","floor":11,"turns":3},{"damage":21,"enemies":"Lots of Slimes","floor":12,"turns":3},{"damage":7,"enemies":"Blue Slaver","floor":13,"turns":3},{"damage":0,"enemies":"3 Louse","floor":14,"turns":2},{"damage":61,"enemies":"Hexaghost","floor":16,"turns":10},{"damage":32,"enemies":"3 Byrds","floor":18,"turns":3}],"seed_played":"-7851478792871291176","potions_obtained":[{"floor":1,"key":"SteroidPotion"},{"floor":4,"key":"Strength Potion"},{"floor":10,"key":"ColorlessPotion"},{"floor":12,"key":"FearPotion"},{"floor":13,"key":"Explosive Potion"}],"is_trial":false,"path_per_floor":["M","M","$","M","?","R","M","R","T","M","M","M","M","M","R","B",null,"M"],"character_chosen":"WATCHER","items_purchased":["TalkToTheHand"],"campfire_rested":1,"item_purchase_floors":[3],"current_hp_per_floor":[79,79,79,79,72,72,63,63,63,66,59,43,41,44,67,12,79,49,49],"gold":256,"neow_bonus":"TEN_PERCENT_HP_BONUS","is_daily":false,"chose_seed":false,"campfire_upgraded":2,"win_rate":0.0,"timestamp":1612823270,"path_taken":["M","M","$","M","?","R","M","R","T","M","M","?","M","M","R","BOSS","M"],"items_purchased_type":["Card"],"build_version":"2020-12-22","purchased_purges":0,"victory":false,"max_hp_per_floor":[79,79,79,79,79,79,79,79,79,79,79,79,79,79,79,79,79,79,79],"card_choices":[{"not_picked":["WindmillStrike","Indignation"],"picked":"Tantrum","floor":1},{"not_picked":["ReachHeaven","Conclude"],"picked":"CutThroughFate","floor":2},{"not_picked":["WindmillStrike","CutThroughFate"],"picked":"FollowUp","floor":4},{"not_picked":["SashWhip","Tantrum"],"picked":"ClearTheMind","floor":7},{"not_picked":["SandsOfTime","Crescendo","Wallop"],"picked":"SKIP","floor":10},{"not_picked":["Crescendo","JustLucky"],"picked":"Indignation","floor":11},{"not_picked":["FollowUp","CutThroughFate"],"picked":"ClearTheMind","floor":12},{"not_picked":["Fasting2","WaveOfTheHand"],"picked":"Halt","floor":13},{"not_picked":["FollowUp","CrushJoints","Scrawl"],"picked":"SKIP","floor":14},{"not_picked":["LessonLearned","Omniscience"],"picked":"ConjureBlade","floor":16}],"player_experience":264277,"relics_obtained":[{"floor":9,"key":"theForsaken:Lifeblossom"}],"event_choices":[{"damage_healed":0,"gold_gain":0,"player_choice":"Damaged","damage_taken":7,"max_hp_gain":0,"max_hp_loss":0,"event_name":"Wheel of Change","floor":5,"gold_loss":0}],"is_beta":false,"boss_relics":[{"not_picked":["Pandora\u0027s Box","Ectoplasm"],"picked":"SacredBark"}],"items_purged_floors":[],"is_endless":false,"potions_floor_spawned":[1,4,10,12,13,14],"killed_by":"3 Byrds","ascension_level":0}}