{"host":"g1wmg2w41xhsnw8g","time":1612743947,"event":{"mods":["2.2 Compatiblity","Act Like it!","Aspiration","BaseMod","Better Altar","Better Match","Better Note","Better Sensory Stone","Better Skull","Better Third Choice","BetterRewards","Booster Modes","CapriCore","Colored Map","Colored Powertips","Defuse TimeMaze Blight","Displayed Cursed Tome","Evolution","Fox Events","Friendly Minions","GifTheSpireLib","Good Game Mod","Googly Eyes","Hubris","Infinite Spire","Jedi Mod","Minty Spire (QoL Compilation)","Monster B Gone","Red Circlet Mod","Relic Filter Mod","Relic Sorter","Reliquary","SCP261 Mod","Shop Mod","Small Relic Pack","Smile Girya","Spicy Shops","Spikes Relics","StSLib","Strawberry Spire","The Animator","The Runesmith","The Sage","Trackpad","Transform Curses","Wandering Minibosses","????"],"gold_per_floor":[119,119,134,154,170,170,158,158,183,195,195,206,223,223,223,323,323,335,335,375,387,432,72,171,188,188,253,320,350,474,522,52,168,242,268,280,308,394,406,62,89,113,125,170,182,220,232,262,45,82],"floor_reached":51,"language":"ENG","playtime":3388,"items_purged":["Clumsy"],"score":993,"play_id":"d9dd6e70-1684-4b2f-93ed-6f0a8e0703cf","local_time":"20210207192547","daily_mods":["SealedDeck","Specialized","Vintage"],"is_ascension_mode":true,"campfire_choices":[{"data":"jedi:LeechingStrike","floor":6,"key":"SMITH"},{"data":"animator:MisaKurobane","floor":45,"key":"SMITH"}],"circlet_count":0,"master_deck":["animator:Biyorigo","animator:Biyorigo","animator:Biyorigo","animator:Biyorigo","animator:Biyorigo","animator:NarberalGamma","animator:Kuribayashi","animator:IrohaTamaki","animator:Cocytus","animator:Verdia","animator:PandorasActor","animator:UneriGinkaku","animator:ElricEdward","animator:YaoHaDucy+1","animator:Megumin+16","jedi:LeechingStrike","animator:SuzuneAmano+1","animator:HomuraAkemi","animator:KrulTepes+1","Venomology+1","animator:Kazuma+1","animator:Albedo","animator:Millim","animator:MisaKurobane+1","animator:Hibiki","Parasite","animator:Eris","animator:Arpeggio+1"],"relics":["animator:VividPicture","animator:TheMissingPiece","EVO:Axolotl","Art of War","PreservedInsect","Blood Vial","animator:HeavyHalberd","Red Skull","trackpad:HandOfMidas","HornCleat","strawberrySpire:Firefruit","Letter Opener","strawberrySpire:ElefentMask","animator:Buoy","wanderingMiniBosses:ThiefScarf","Akabeko","REME:ComplimentaryCards","Bottled Lightning","MerchantsRug","MawBank","LugNut","animator:ShionDessert","infinitespire:Satchel","reliquary:Knoch","Ornamental Fan","hubris:FunFungus","aspiration:HummingbirdHeart","reliquary:Firecrackers","HandDrill","aspiration:ChemicalBlood","Blood Vial","hubris:Towel","Runesmith:Nanobots","CloakClasp","War Paint","Rawhide","ClockworkSouvenir","hubris:SlimyHat","Lantern","hubris:CuriousFeather","Blood Vial","sagemod:Creepy_Carousel","reliquary:PrincelyHelmet","Oddly Smooth Stone","TheAbacus","reliquary:Knoch"],"acts_visited":["Exordium","TheCity","TheBeyond"],"potions_floor_usage":[5,7,13,16,22,30,30,31,35,41,42,42,46,46,46,50],"damage_taken":[{"damage":8,"enemies":"Small Slimes","floor":1,"turns":4},{"damage":1,"enemies":"Cultist","floor":3,"turns":3},{"damage":0,"enemies":"2 Louse","floor":4,"turns":3},{"damage":0,"enemies":"Looter","floor":5,"turns":1},{"damage":10,"enemies":"Gremlin Gang","floor":7,"turns":5},{"damage":2,"enemies":"2 Fungi Beasts","floor":12,"turns":2},{"damage":1,"enemies":"Exordium Thugs","floor":13,"turns":3},{"damage":41,"enemies":"Hexaghost","floor":16,"turns":8},{"damage":0,"enemies":"Shell Parasite","floor":18,"turns":3},{"damage":0,"enemies":"2 Thieves","floor":20,"turns":2},{"damage":18,"enemies":"Centurion and Healer","floor":21,"turns":4},{"damage":26,"enemies":"Snake Plant","floor":22,"turns":6},{"damage":0,"enemies":"Chosen and Byrds","floor":25,"turns":3},{"damage":9,"enemies":"3 Cultists","floor":27,"turns":4},{"damage":0,"enemies":"Shelled Parasite and Fungi","floor":29,"turns":3},{"damage":6,"enemies":"Colosseum Slavers","floor":30,"turns":3},{"damage":2,"enemies":"Colosseum Nobs","floor":30,"turns":3},{"damage":0,"enemies":"Chosen and Byrds","floor":31,"turns":2},{"damage":0,"enemies":"Collector","floor":33,"turns":6},{"damage":2,"enemies":"Orb Walker","floor":35,"turns":3},{"damage":0,"enemies":"3 Darklings","floor":37,"turns":1},{"damage":0,"enemies":"Transient","floor":41,"turns":5},{"damage":0,"enemies":"Writhing Mass","floor":42,"turns":3},{"damage":0,"enemies":"strawberrySpire:EssenceStones","floor":44,"turns":2},{"damage":0,"enemies":"Reptomancer","floor":46,"turns":2},{"damage":0,"enemies":"Jaw Worm Horde","floor":48,"turns":2},{"damage":41,"enemies":"infinitespire:MassOfShapes","floor":50,"turns":8}],"seed_played":"7061605368800410610","potions_obtained":[{"floor":1,"key":"AttackPotion"},{"floor":3,"key":"jedi:StrikingPotion"},{"floor":12,"key":"AttackPotion"},{"floor":13,"key":"Explosive Potion"},{"floor":16,"key":"SCP261:ClockworkPotion"},{"floor":20,"key":"SteroidPotion"},{"floor":21,"key":"SmokeBomb"},{"floor":27,"key":"DuplicationPotion"},{"floor":29,"key":"SCP261:BarrettColaPotion"},{"floor":31,"key":"SCP261:GirlTearsPotion"},{"floor":34,"key":"Energy Potion"},{"floor":37,"key":"SteroidPotion"},{"floor":41,"key":"SCP261:BarrettColaPotion"},{"floor":42,"key":"BlessingOfTheForge"},{"floor":48,"key":"SCP261:BarrettColaPotion"}],"is_trial":true,"path_per_floor":["M","?","M","M","M","R","M","?","T","?","?","M","M","T","R","B",null,"M","?","M","M","M","R","?","M","T","M","T","M","?","M","R","B",null,"M","?","M","T","?","R","M","M","T","E","R","E","?","M","R","B",null],"character_chosen":"THE_ANIMATOR","items_purchased":["MerchantsRug","Lee\u0027s Waffle","animator:Megumin","aspiration:SeaSaltIceCream","HandDrill","aspiration:ChemicalBlood","War Paint","Rawhide","ClockworkSouvenir","TheAbacus","reliquary:Knoch"],"campfire_rested":0,"item_purchase_floors":[23,23,23,32,32,32,40,40,40,49,49],"current_hp_per_floor":[82,73,78,84,90,90,90,90,97,97,97,95,96,96,96,69,98,98,98,98,80,67,105,105,105,105,96,96,105,105,105,105,105,110,108,108,110,110,110,110,110,110,110,114,114,114,114,114,114,87],"gold":94,"neow_bonus":"","is_daily":false,"chose_seed":false,"campfire_upgraded":2,"win_rate":0.0,"timestamp":1612743947,"path_taken":["M","?","M","?","M","R","M","?","T","?","?","?","M","?","R","BOSS","M","?","?","M","?","R","?","M","T","M","?","M","?","M","R","BOSS","M","?","M","?","?","R","M","M","T","E","R","E","?","M","R","BOSS"],"items_purchased_type":["Relic","Relic","Card","Relic","Relic","Relic","Relic","Relic","Relic","Relic","Relic"],"build_version":"2020-12-22","purchased_purges":1,"victory":true,"max_hp_per_floor":[90,90,90,90,90,90,90,90,97,97,97,97,97,97,97,98,98,98,98,98,98,98,105,105,105,105,105,105,105,105,105,105,105,110,110,110,110,110,110,110,110,110,110,114,114,114,114,114,114,114],"card_choices":[{"not_picked":["animator:SayakaMiki+1","animator:RoyMustang+1"],"picked":"animator:SuzuneAmano+1","floor":10},{"not_picked":["animator:Biyorigo","animator:Greed"],"picked":"animator:HomuraAkemi","floor":16},{"not_picked":["animator:Darkness","animator:Hakurou"],"picked":"animator:Kazuma","floor":30},{"not_picked":["animator:Ainz","animator:Envy"],"picked":"animator:Albedo","floor":33},{"not_picked":["animator:ElricAlphonse","animator:Shuna"],"picked":"animator:Millim","floor":34},{"not_picked":["animator:MamizouFutatsuiwa","animator:MisakiNakahara"],"picked":"animator:MisaKurobane","floor":39},{"not_picked":["animator:HarukoHaruhara","animator:Kuroyukihime"],"picked":"animator:Hibiki","floor":39},{"not_picked":["animator:Pride","animator:Cocytus"],"picked":"animator:Eris","floor":44},{"not_picked":["animator:YuiTsuruno","animator:Aqua"],"picked":"animator:Arpeggio+1","floor":46}],"player_experience":1190084,"relics_obtained":[{"floor":1,"key":"Art of War"},{"floor":3,"key":"PreservedInsect"},{"floor":4,"key":"Akabeko"},{"floor":5,"key":"Blood Vial"},{"floor":7,"key":"animator:HeavyHalberd"},{"floor":9,"key":"Strawberry"},{"floor":12,"key":"Red Skull"},{"floor":13,"key":"trackpad:HandOfMidas"},{"floor":14,"key":"HornCleat"},{"floor":15,"key":"strawberrySpire:Firefruit"},{"floor":18,"key":"Letter Opener"},{"floor":20,"key":"strawberrySpire:ElefentMask"},{"floor":21,"key":"animator:Buoy"},{"floor":22,"key":"wanderingMiniBosses:ThiefScarf"},{"floor":22,"key":"Akabeko"},{"floor":22,"key":"REME:ComplimentaryCards"},{"floor":22,"key":"Bottled Lightning"},{"floor":25,"key":"Juzu Bracelet"},{"floor":26,"key":"MawBank"},{"floor":27,"key":"LugNut"},{"floor":28,"key":"animator:ShionDessert"},{"floor":29,"key":"infinitespire:Satchel"},{"floor":30,"key":"hubris:FunFungus"},{"floor":30,"key":"aspiration:HummingbirdHeart"},{"floor":31,"key":"hubris:TenFootPole"},{"floor":33,"key":"Blood Vial"},{"floor":35,"key":"Whetstone"},{"floor":37,"key":"Runesmith:Nanobots"},{"floor":38,"key":"CloakClasp"},{"floor":41,"key":"hubris:SlimyHat"},{"floor":42,"key":"Lantern"},{"floor":43,"key":"hubris:CuriousFeather"},{"floor":44,"key":"Blood Vial"},{"floor":44,"key":"sagemod:Creepy_Carousel"},{"floor":46,"key":"reliquary:PrincelyHelmet"},{"floor":48,"key":"Oddly Smooth Stone"}],"event_choices":[{"damage_healed":0,"gold_gain":0,"player_choice":"Damaged","damage_taken":9,"max_hp_gain":0,"max_hp_loss":0,"event_name":"Wheel of Change","floor":2,"gold_loss":0},{"damage_healed":0,"gold_gain":0,"player_choice":"2","damage_taken":0,"max_hp_gain":0,"max_hp_loss":0,"event_name":"betterMatch:BetterMatch","floor":10,"gold_loss":0,"cards_obtained":["betterMatch:UncommonCard"]},{"cards_removed":["jedi:LeechingStrike"],"damage_healed":0,"gold_gain":0,"player_choice":"Take \u0026 Give","damage_taken":0,"max_hp_gain":0,"max_hp_loss":0,"event_name":"betterNote:BetterNote","floor":19,"gold_loss":0,"cards_obtained":["animator:KrulTepes"]},{"damage_healed":0,"gold_gain":99,"player_choice":"Steal","damage_taken":0,"max_hp_gain":0,"max_hp_loss":0,"event_name":"betterThird:BetterNest","floor":24,"gold_loss":0},{"damage_healed":0,"gold_gain":0,"player_choice":"Fight","damage_taken":0,"max_hp_gain":0,"max_hp_loss":0,"event_name":"Colosseum","floor":30,"gold_loss":0},{"damage_healed":0,"gold_gain":0,"player_choice":"Fought Nobs","damage_taken":0,"max_hp_gain":0,"max_hp_loss":0,"event_name":"Colosseum","floor":30,"gold_loss":0},{"damage_healed":0,"gold_gain":3,"player_choice":"1","damage_taken":0,"max_hp_gain":0,"max_hp_loss":0,"event_name":"betterStone:BetterStone","floor":39,"gold_loss":0}],"is_beta":false,"boss_relics":[{"not_picked":["Calling Bell","reliquary:RedPaperclip"],"picked":"animator:VividPicture"},{"not_picked":["Astrolabe","Empty Cage"],"picked":"Tiny House"}],"items_purged_floors":[23],"is_endless":false,"potions_floor_spawned":[1,3,12,13,16,20,21,27,29,30,31,37,41,42,48],"ascension_level":1}}