{"host":"g907ck67u7c3hrs6","time":1612791840,"event":{"mods":["BaseMod","Colored Map","DeckTracker","Highlight Path","Keyboard Shortcuts","Minty Spire (QoL Compilation)","Permanent Neow","Say the Spire","SuperFastMode"],"gold_per_floor":[117,127,141,159,177,177,207,207],"floor_reached":7,"language":"KOR","playtime":261,"items_purged":[],"score":55,"play_id":"d85c4d16-a6f1-44d5-88c7-4c72ddbaef27","local_time":"20210208224400","daily_mods":["Heirloom","Flight"],"is_ascension_mode":false,"campfire_choices":[{"data":"Eruption","floor":6,"key":"SMITH"}],"circlet_count":0,"master_deck":["Strike_P","Strike_P","Strike_P","Strike_P","Defend_P","Defend_P","Defend_P","Defend_P","Eruption+1","Vigilance","Protect","Vengeance","EmptyFist","WheelKick","ClearTheMind"],"relics":["PureWater","Thread and Needle","Darkstone Periapt"],"acts_visited":["Exordium"],"potions_floor_usage":[],"damage_taken":[{"damage":0,"enemies":"Jaw Worm","floor":1,"turns":3},{"damage":0,"enemies":"2 Louse","floor":2,"turns":4},{"damage":0,"enemies":"Small Slimes","floor":3,"turns":4},{"damage":2,"enemies":"2 Fungi Beasts","floor":4,"turns":3},{"damage":7,"enemies":"3 Louse","floor":5,"turns":3},{"damage":6,"enemies":"3 Sentries","floor":7,"turns":9}],"seed_played":"-4492530855858182777","potions_obtained":[{"floor":4,"key":"ColorlessPotion"},{"floor":5,"key":"ColorlessPotion"},{"floor":7,"key":"Fire Potion"}],"is_trial":true,"path_per_floor":["M","M","M","M","M","R","E"],"character_chosen":"WATCHER","items_purchased":[],"campfire_rested":0,"item_purchase_floors":[],"current_hp_per_floor":[72,72,72,70,63,63,57,57],"gold":207,"neow_bonus":"","is_daily":false,"chose_seed":false,"campfire_upgraded":1,"win_rate":0.0,"timestamp":1612791840,"path_taken":["M","M","M","M","M","R","E"],"items_purchased_type":[],"build_version":"2020-12-22","purchased_purges":0,"victory":false,"max_hp_per_floor":[72,72,72,72,72,72,72,72],"card_choices":[{"not_picked":["CutThroughFate","Weave"],"picked":"Protect","floor":1},{"not_picked":["EmptyFist","Halt"],"picked":"Vengeance","floor":2},{"not_picked":["Consecrate","FlurryOfBlows"],"picked":"EmptyFist","floor":3},{"not_picked":["Evaluate","PathToVictory"],"picked":"WheelKick","floor":4},{"not_picked":["FlyingSleeves","Weave"],"picked":"ClearTheMind","floor":5}],"player_experience":268642,"relics_obtained":[{"floor":7,"key":"Darkstone Periapt"}],"event_choices":[],"is_beta":false,"boss_relics":[],"items_purged_floors":[],"is_endless":false,"potions_floor_spawned":[4,5,7],"killed_by":"3 Sentries","ascension_level":0}}