{"host":"tdq5vwehmzjlkkx3","time":1612754708,"event":{"mods":["2.2 Compatiblity","Act Like it!","Aspiration","Astrologer","BaseMod","Beaked The Cultist","Better Altar","Better Match","Better Note","Better Third Choice","BetterRewards","Clockwork Mod","Colored Map","Colorless Booster Pack","Conjunction","Conspire","Defuse TimeMaze Blight","Energized Spire","FetchMod","Friendly Minions","FruityMod","GifTheSpireLib","Glutton Mod","Gremlin Mod","Halation","Hallownest","Highlight Path","Hubris","Infinite Spire","Key Reminder","Lotus Mark","Mimic Mod","Minty Spire (QoL Compilation)","Pale of the Ancients","Random Character Button","Reworked Bosses","SCP261 Mod","Small Relic Pack","StSLib","Stuff the Spire","The Bladedancer","The Clintock","The Construct","The Disciple","The Jungle","The Marked","The Mystic","The Servant","TheFirefly","Trackpad","Unceasing Turn Reminder"],"gold_per_floor":[20,37,37,51,68,100,74,74,101,101,11,34,51,86,86,185,185,200,213,213,230,244,272,272,272,322,322,352,352,363,397,397,505,505,541,361,399,399],"floor_reached":37,"language":"ENG","playtime":2778,"items_purged":[],"score":442,"play_id":"2deb549a-2876-43c9-ae3a-01d2571c6991","local_time":"20210207192508","is_ascension_mode":false,"campfire_choices":[{"data":"beaked:Ceremony","floor":10.0,"key":"SMITH"},{"data":"beaked:HuntressSpirit","floor":15.0,"key":"SMITH"},{"data":"beaked:Brace","floor":24,"key":"SMITH"},{"data":"beaked:RitualOfBody","floor":29,"key":"SMITH"},{"data":"beaked:Brace","floor":32,"key":"SMITH"}],"circlet_count":0,"master_deck":["beaked:Strike_Y","beaked:Strike_Y","beaked:Strike_Y","beaked:Strike_Y","beaked:Strike_Y","beaked:Strike_Y","beaked:Defend_Y","beaked:Defend_Y","beaked:Defend_Y","beaked:Defend_Y","beaked:Ceremony+1","beaked:HuntressSpirit+1","beaked:Brace+1","beaked:Foresight","beaked:BarbedWire","beaked:Foresight","beaked:AwakenedForm","beaked:BraceForImpact","beaked:RitualOfBody+1","infinitespire:DeathsTouch","beaked:Brace+1","beaked:StickSmack+1","beaked:Sacrifice"],"relics":["beaked:MendingPlumage","Torii","Hallownest:DreamNailRelic","hubris:ToyBattleship","Bag of Preparation","Boot","Ginger","Runic Pyramid","halation:SmartPhone","trackpad:Mousetrap","infinitespire:BottledMercury","hubris:Towel","PreservedInsect","betterThird:NestCultRelic","Strawberry","infinitespire:Midas Blood","conspire:BottledYoYo","keyreminder:keyreminder","aspiration:FutureDiary","Hallownest:StagBellRelic1"],"acts_visited":["Hallownest:Greenpath","TheCity","Hallownest:KingdomsEdge"],"potions_floor_usage":[23,30],"damage_taken":[{"damage":9.0,"enemies":"Hallownest:monsterHuskGuard","floor":1.0,"turns":5.0},{"damage":0.0,"enemies":"2_ Uuma","floor":2.0,"turns":7.0},{"damage":7.0,"enemies":"Hallownest:2_Baldur","floor":4.0,"turns":6.0},{"damage":9.0,"enemies":"Hallownest:Wandering_and_Horned","floor":5.0,"turns":7.0},{"damage":29.0,"enemies":"Hallownest:eliteCrystalGuardian","floor":6.0,"turns":8.0},{"damage":4.0,"enemies":"Hallownest:1_Baldur_1_Crawlid_1_Warrior","floor":13.0,"turns":9.0},{"damage":16.0,"enemies":"Hallownest:eliteMossKnight","floor":14.0,"turns":16.0},{"damage":3.0,"enemies":"Hallownest:BossFalseKnight","floor":16.0,"turns":12.0},{"damage":29.0,"enemies":"3 Byrds","floor":18.0,"turns":6.0},{"damage":11.0,"enemies":"Shell Parasite","floor":19.0,"turns":9.0},{"damage":2.0,"enemies":"Centurion and Healer","floor":21.0,"turns":7.0},{"damage":9.0,"enemies":"Chosen and Byrds","floor":22.0,"turns":6.0},{"damage":59,"enemies":"Gremlin Leader","floor":23,"turns":10},{"damage":0,"enemies":"conspire:Head Lice","floor":28,"turns":7},{"damage":1,"enemies":"Snecko","floor":30,"turns":5},{"damage":0,"enemies":"Sentry and Sphere","floor":31,"turns":4},{"damage":1,"enemies":"bossMod:newChamp","floor":33,"turns":9},{"damage":51,"enemies":"Hallownest:2_Littles","floor":35,"turns":7},{"damage":29,"enemies":"Hallownest:2_Littles","floor":37,"turns":5},{"damage":44,"enemies":"Hallownest:2_Littles","floor":37,"turns":6},{"damage":47,"enemies":"Hallownest:2_Littles","floor":37,"turns":2}],"seed_played":"-2972786589346310792","potions_obtained":[{"floor":2.0,"key":"Swift Potion"},{"floor":4.0,"key":"FearPotion"},{"floor":11.0,"key":"SCP261:BarrettColaPotion"},{"floor":13.0,"key":"SCP261:GirlTearsPotion"},{"floor":14.0,"key":"FearPotion"},{"floor":18.0,"key":"SCP261:BarrettColaPotion"},{"floor":28,"key":"PowerPotion"},{"floor":33,"key":"BlessingOfTheForge"}],"is_trial":false,"path_per_floor":["M","M","?","M","M","E","$","?","T","R","?","T","M","E","R","B",null,"M","M","AVR","M","M","E","R","?","T","?","E","R","M","MIM","R","B",null,"M","?","?"],"character_chosen":"BEAKED_THE_CULTIST","items_purchased":["beaked:Foresight"],"campfire_rested":0,"item_purchase_floors":[7],"current_hp_per_floor":[45,50,50,46,50,40,40,40,40,40,40,40,49,50,50,50,50,37,50,50,45,44,5,5,5,5,5,57,57,57,57,57,52,57,38,38,0,0],"gold":399,"neow_bonus":"ONE_RARE_RELIC","is_daily":false,"chose_seed":false,"campfire_upgraded":5,"win_rate":0.0,"timestamp":1612754708,"path_taken":["M","M","?","?","M","E","$","?","T","R","?","?","M","E","R","BOSS","M","M","AVR","?","M","E","R","?","T","?","E","R","M","?","R","BOSS","M","?","?"],"items_purchased_type":["Card"],"build_version":"2020-12-22","purchased_purges":0,"victory":false,"max_hp_per_floor":[50,50,50,50,50,50,50,50,50,50,50,50,50,50,50,50,50,50,50,50,50,50,50,50,50,50,50,57,57,57,57,57,57,57,57,57,60,60],"card_choices":[{"not_picked":["beaked:TuckingFeathers","beaked:Daydream"],"picked":"beaked:HuntressSpirit","floor":1.0},{"not_picked":["beaked:Insight","beaked:Resilience","beaked:FeelMyPain"],"picked":"SKIP","floor":2.0},{"not_picked":["beaked:Negation","beaked:Resilience","beaked:Tradeoff"],"picked":"SKIP","floor":4.0},{"not_picked":["beaked:Negation","beaked:TuckingFeathers","beaked:Tradeoff"],"picked":"SKIP","floor":5.0},{"not_picked":["beaked:Insight","beaked:ShadowFade"],"picked":"beaked:Brace","floor":6.0},{"not_picked":["beaked:Foresight","beaked:Roost"],"picked":"beaked:BarbedWire","floor":13.0},{"not_picked":["beaked:Redirect","beaked:Daydream"],"picked":"beaked:Foresight","floor":14.0},{"not_picked":["beaked:FakeOut","beaked:SacrificialScars"],"picked":"beaked:AwakenedForm","floor":16.0},{"not_picked":["beaked:SurvivalInstinct","beaked:Foresight"],"picked":"beaked:BraceForImpact","floor":18.0},{"not_picked":["beaked:Evade","beaked:Tweet+1"],"picked":"beaked:RitualOfBody","floor":19.0},{"not_picked":["beaked:Pecker+1","beaked:Insight+1"],"picked":"beaked:Brace","floor":21.0},{"not_picked":["beaked:SurvivalInstinct","beaked:Tweet","beaked:FakeOut"],"picked":"SKIP","floor":22.0},{"not_picked":["beaked:Pecker+1","beaked:TuckingFeathers","beaked:Evade+1"],"picked":"SKIP","floor":23},{"not_picked":["beaked:HuntressEssence","beaked:MaddeningMurmurs"],"picked":"beaked:StickSmack+1","floor":28},{"not_picked":["beaked:Resilience","beaked:FeelMyPain","beaked:Devastation"],"picked":"SKIP","floor":30},{"not_picked":["beaked:CheekyTricks","beaked:KnowThyFoe"],"picked":"beaked:Sacrifice","floor":33},{"not_picked":["beaked:RuinSticks+1","beaked:FeelMyPain","beaked:Daydream+1"],"picked":"SKIP","floor":35}],"player_experience":359548,"relics_obtained":[{"floor":6.0,"key":"hubris:ToyBattleship"},{"floor":9.0,"key":"Bag of Preparation"},{"floor":12.0,"key":"Boot"},{"floor":14.0,"key":"Ginger"},{"floor":23,"key":"infinitespire:BottledMercury"},{"floor":26,"key":"PreservedInsect"},{"floor":28,"key":"Strawberry"},{"floor":31,"key":"infinitespire:Midas Blood"},{"floor":31,"key":"conspire:BottledYoYo"}],"event_choices":[{"damage_healed":0,"gold_gain":0,"player_choice":"Madness","damage_taken":0,"relics_obtained":["betterThird:NestCultRelic"],"max_hp_gain":0,"max_hp_loss":0,"event_name":"betterThird:BetterNest","floor":27,"gold_loss":0}],"is_beta":false,"boss_relics":[{"not_picked":["hubris:HollowSoul","energizedSpire:EnergizedDie"],"picked":"Runic Pyramid"},{"not_picked":["aspiration:SilentSkillbook","halation:CatFaceCupcake"],"picked":"aspiration:FutureDiary"}],"items_purged_floors":[],"is_endless":false,"potions_floor_spawned":[2,4,13,14,18,28,33],"killed_by":"Hallownest:2_Littles","ascension_level":0}}