{"host":"aelxjre69umlx7r4","time":1612814710,"event":{"mods":["AchievementEnabler","BaseMod","Colored Map","DeckTracker","Highlight Path","Keyboard Shortcuts","Minty Spire (QoL Compilation)","Permanent Neow","SuperFastMode"],"gold_per_floor":[116,116,132,82,82,102,120,120,120,70,87,114,94,111,111,214,214,233,244,260,274,185,215,215,215,215],"floor_reached":25,"language":"KOR","playtime":1347,"items_purged":["Strike_G","Strike_G","Strike_G"],"score":289,"play_id":"15a4ff77-a6cd-4cf1-a6ef-82f97e4bf49b","local_time":"20210209050510","is_ascension_mode":true,"campfire_choices":[{"data":"Choke","floor":8.0,"key":"SMITH"},{"data":"Blade Dance","floor":15.0,"key":"SMITH"},{"data":"Phantasmal Killer","floor":24,"key":"SMITH"}],"circlet_count":0,"master_deck":["Strike_G","Defend_G","Defend_G","Defend_G","Defend_G","Defend_G","Survivor","Neutralize","Blade Dance+1","Calculated Gamble","Dagger Spray","Choke+1","PiercingWail","Dagger Throw","Phantasmal Killer+1","PiercingWail","Blade Dance","Envenom","Dash+1","Infinite Blades","Caltrops"],"relics":["Ring of the Snake","Smiling Mask","Omamori","White Beast Statue","SlaversCollar","Snake Skull"],"acts_visited":["Exordium","TheCity"],"potions_floor_usage":[19,20,21,23,23,25],"damage_taken":[{"damage":5.0,"enemies":"2 Louse","floor":1.0,"turns":3.0},{"damage":0.0,"enemies":"Jaw Worm","floor":3.0,"turns":4.0},{"damage":0.0,"enemies":"Cultist","floor":6.0,"turns":4.0},{"damage":5.0,"enemies":"Exordium Wildlife","floor":7.0,"turns":4.0},{"damage":0.0,"enemies":"Red Slaver","floor":11.0,"turns":1.0},{"damage":17.0,"enemies":"Lagavulin","floor":12.0,"turns":5.0},{"damage":0.0,"enemies":"Large Slime","floor":14.0,"turns":3.0},{"damage":0.0,"enemies":"Slime Boss","floor":16.0,"turns":5.0},{"damage":1.0,"enemies":"Chosen","floor":18.0,"turns":4.0},{"damage":0,"enemies":"3 Byrds","floor":19,"turns":3},{"damage":18,"enemies":"Shelled Parasite and Fungi","floor":20,"turns":4},{"damage":20,"enemies":"Snecko","floor":21,"turns":4},{"damage":6,"enemies":"Gremlin Leader","floor":23,"turns":4},{"damage":32,"enemies":"Masked Bandits","floor":25,"turns":3}],"seed_played":"3773043585570439695","potions_obtained":[{"floor":3.0,"key":"Weak Potion"},{"floor":5.0,"key":"Fruit Juice"},{"floor":5.0,"key":"Fire Potion"},{"floor":5.0,"key":"SkillPotion"},{"floor":12.0,"key":"LiquidBronze"},{"floor":13.0,"key":"Regen Potion"},{"floor":14.0,"key":"SkillPotion"},{"floor":16.0,"key":"Explosive Potion"},{"floor":19,"key":"Poison Potion"},{"floor":20,"key":"Block Potion"},{"floor":21,"key":"Fire Potion"},{"floor":23,"key":"SmokeBomb"}],"is_trial":false,"path_per_floor":["M","?","M","$","?","M","M","R","T","$","M","E","?","M","R","B",null,"M","M","M","M","$","E","R","?"],"character_chosen":"THE_SILENT","items_purchased":["Infinite Blades"],"campfire_rested":0,"item_purchase_floors":[22],"current_hp_per_floor":[65,58,58,58,63,63,58,58,58,58,58,41,41,41,41,41,75,74,74,56,36,36,30,30,0,0],"gold":215,"neow_bonus":"RANDOM_COMMON_RELIC","is_daily":false,"chose_seed":false,"campfire_upgraded":3,"win_rate":0.0,"timestamp":1612814710,"path_taken":["M","?","M","$","?","M","?","R","T","$","M","E","?","M","R","BOSS","M","M","M","M","$","E","R","?"],"items_purchased_type":["Card"],"build_version":"2020-12-22","purchased_purges":3,"victory":false,"max_hp_per_floor":[70,70,70,70,75,75,75,75,75,75,75,75,75,75,75,75,75,75,75,75,75,75,75,75,75,75],"card_choices":[{"not_picked":["Slice","Riddle With Holes"],"picked":"Blade Dance","floor":1.0},{"not_picked":["Flechettes","Acrobatics"],"picked":"Calculated Gamble","floor":3.0},{"not_picked":["Quick Slash","Underhanded Strike"],"picked":"Dagger Spray","floor":6.0},{"not_picked":["Infinite Blades","Bane"],"picked":"Choke","floor":7.0},{"not_picked":["Flying Knee","Reflex"],"picked":"PiercingWail","floor":11.0},{"not_picked":["Catalyst","Flechettes","Dodge and Roll"],"picked":"SKIP","floor":12.0},{"not_picked":["Quick Slash","Bane"],"picked":"Dagger Throw","floor":14.0},{"not_picked":["Doppelganger","Glass Knife"],"picked":"Phantasmal Killer","floor":16.0},{"not_picked":["Quick Slash+1","Catalyst+1"],"picked":"PiercingWail","floor":18.0},{"not_picked":["Acrobatics","Outmaneuver"],"picked":"Blade Dance","floor":19},{"not_picked":["Dagger Spray","Acrobatics+1"],"picked":"Envenom","floor":20},{"not_picked":["Sucker Punch+1","Bane+1"],"picked":"Dash+1","floor":21},{"not_picked":["Concentrate","Expertise+1"],"picked":"Caltrops","floor":23}],"player_experience":412673,"relics_obtained":[{"floor":9.0,"key":"Omamori"},{"floor":12.0,"key":"White Beast Statue"},{"floor":23,"key":"Snake Skull"}],"event_choices":[{"cards_removed":["Strike_G"],"damage_healed":0.0,"max_hp_gain":0.0,"max_hp_loss":0.0,"gold_gain":0.0,"event_name":"Golden Wing","player_choice":"Card Removal","floor":2.0,"gold_loss":0.0,"damage_taken":7.0},{"damage_healed":0.0,"max_hp_gain":0.0,"max_hp_loss":0.0,"gold_gain":0.0,"event_name":"Lab","player_choice":"Got Potions","floor":5.0,"gold_loss":0.0,"damage_taken":0.0},{"damage_healed":0.0,"max_hp_gain":0.0,"max_hp_loss":0.0,"gold_gain":0.0,"event_name":"The Woman in Blue","player_choice":"Bought 1 Potion","floor":13.0,"gold_loss":0.0,"damage_taken":0.0},{"damage_healed":0,"gold_gain":0,"player_choice":"Fought Bandits","damage_taken":0,"max_hp_gain":0,"max_hp_loss":0,"event_name":"Masked Bandits","floor":25,"gold_loss":0}],"is_beta":false,"boss_relics":[{"not_picked":["Ectoplasm","Busted Crown"],"picked":"SlaversCollar"}],"items_purged_floors":[4,10,22],"is_endless":false,"potions_floor_spawned":[3,7,12,14,16,18,19,20,21,23],"killed_by":"Masked Bandits","ascension_level":1}}