{"host":"k6d6vy172g6ium25","time":1612816517,"event":{"mods":["Act Like it!","BaseMod","Custom Start","Downfall","Friendly Minions","Kiyohime????","Marisa????????","Minty Spire (QoL Compilation)","Prisma Mod","Rare Cards Sparkle","Relic Filter","StSLib","The Alterego","Waifu the Spire","Yakumo Yukari mod","Yohane!"],"gold_per_floor":[118,132,132,152,169,169,193,227,244,271,287,297,297,315,315,417,417,433,433,433,433],"floor_reached":19,"language":"ENG","playtime":1479,"items_purged":[],"score":183,"play_id":"b5a819ce-fc2e-4b74-9b3e-cbb76e5ffa6b","local_time":"20210208213517","is_ascension_mode":false,"campfire_choices":[{"floor":6,"key":"RECALL"},{"data":"champ:GladiatorForm","floor":13,"key":"SMITH"},{"floor":15,"key":"REST"}],"circlet_count":0,"master_deck":["champ:Strike","champ:Strike","champ:Strike","champ:Strike","champ:Defend","champ:Defend","champ:Defend","champ:Execute","champ:Taunt","champ:BerserkersShout","champ:FocusedBerserking","Iron Wave","champ:EnGarde","champ:GutPunch","champ:FaceSlap","champ:FaceSlap","champ:GladiatorForm+1","champ:EnragedBash","champ:StanceDance","champ:StrikeOfGenius","champ:DeathBlow"],"relics":["champ:ChampionCrown","Boot","Velvet Choker"],"acts_visited":["Exordium","TheCity"],"potions_floor_usage":[10,14],"damage_taken":[{"damage":10,"enemies":"2 Louse","floor":1,"turns":2},{"damage":32,"enemies":"Cultist","floor":2,"turns":4},{"damage":25,"enemies":"Small Slimes","floor":4,"turns":3},{"damage":35,"enemies":"3 Louse","floor":5,"turns":5},{"damage":66,"enemies":"Gremlin Nob","floor":8,"turns":5},{"damage":33,"enemies":"Red Slaver","floor":9,"turns":3},{"damage":66,"enemies":"3 Sentries","floor":10,"turns":8},{"damage":26,"enemies":"Exordium Wildlife","floor":11,"turns":2},{"damage":20,"enemies":"Exordium Thugs","floor":12,"turns":3},{"damage":28,"enemies":"Large Slime","floor":14,"turns":4},{"damage":69,"enemies":"IC_STATUS_ARCHETYPE","floor":16,"turns":7},{"damage":25,"enemies":"Chosen","floor":18,"turns":4},{"damage":22,"enemies":"Shell Parasite","floor":19,"turns":2}],"seed_played":"-6288002020040295685","potions_obtained":[{"floor":1,"key":"champ:OpenerPotion"},{"floor":2,"key":"champ:OpenerPotion"},{"floor":4,"key":"champ:CounterPotion"},{"floor":11,"key":"Block Potion"},{"floor":16,"key":"GamblersBrew"}],"is_trial":false,"path_per_floor":["M","M","?","M","M","R","T","E","M","E","M","M","R","M","R","B",null,"M","M"],"character_chosen":"THE_CHAMP","items_purchased":[],"campfire_rested":1,"item_purchase_floors":[],"current_hp_per_floor":[99,97,97,97,92,92,92,71,58,42,36,31,31,28,57,43,99,89,67,67,67],"gold":433,"neow_bonus":"TEN_PERCENT_HP_BONUS","is_daily":false,"chose_seed":false,"campfire_upgraded":1,"win_rate":0.0,"timestamp":1612816517,"path_taken":["M","M","?","?","M","R","T","E","M","E","M","M","R","M","R","BOSS","M","M"],"items_purchased_type":[],"build_version":"2020-12-22","purchased_purges":0,"victory":false,"max_hp_per_floor":[99,99,99,99,99,99,99,99,99,99,99,99,99,99,99,99,99,99,99,99,99],"card_choices":[{"not_picked":["champ:DeathBlow","champ:TornadoPunch"],"picked":"champ:BerserkersShout","floor":1},{"not_picked":["champ:Circumvent","champ:Parry"],"picked":"champ:FocusedBerserking","floor":2},{"not_picked":["champ:TornadoPunch","champ:FanOfKnives"],"picked":"champ:EnGarde","floor":4},{"not_picked":["champ:DefensiveShout","champ:FanOfKnives"],"picked":"champ:GutPunch","floor":5},{"not_picked":["champ:GladiatorStyle","champ:DefensiveShout"],"picked":"champ:FaceSlap","floor":8},{"not_picked":["champ:DefensiveShout","champ:PerfectedStrike"],"picked":"champ:FaceSlap","floor":9},{"not_picked":["champ:PreciseThrust","champ:RisingSlash"],"picked":"champ:GladiatorForm","floor":10},{"not_picked":["champ:FanOfKnives","champ:Circumvent","champ:DefensiveShout"],"picked":"SKIP","floor":11},{"not_picked":["champ:FanOfKnives","champ:DeathBlow"],"picked":"champ:EnragedBash","floor":12},{"not_picked":["champ:FanOfKnives","champ:RecklessLeap"],"picked":"champ:StanceDance","floor":14},{"not_picked":["champ:ShieldThrow","champ:SteelEdge"],"picked":"champ:StrikeOfGenius","floor":16},{"not_picked":["champ:PreciseThrust","champ:Haymaker"],"picked":"champ:DeathBlow","floor":18}],"player_experience":82298,"relics_obtained":[{"floor":10,"key":"Boot"}],"event_choices":[{"cards_removed":["champ:Defend"],"damage_healed":0,"gold_gain":0,"player_choice":"Took Card","damage_taken":0,"max_hp_gain":0,"max_hp_loss":0,"event_name":"NoteForYourself","floor":3,"gold_loss":0,"cards_obtained":["Iron Wave"]}],"is_beta":false,"boss_relics":[{"not_picked":["Ectoplasm","Tiny House"],"picked":"Velvet Choker"}],"items_purged_floors":[],"is_endless":false,"potions_floor_spawned":[1,2,4,9,11,16],"killed_by":"Shell Parasite","ascension_level":0}}