{"host":"665g8wmplxs7g59h","time":1612793469,"event":{"mods":["AchievementEnabler","BaseMod","Colored Map","DeckTracker","Minty Spire (QoL Compilation)","Permanent Neow","SuperFastMode"],"gold_per_floor":[118,118,43,118,18,18,33,33,57,57,85,85,100,100,100,100,100],"floor_reached":16,"language":"KOR","playtime":405,"items_purged":["Defend_G","Defend_G"],"score":96,"play_id":"288437a7-30b0-4e24-a914-f750bb23e0aa","local_time":"20210208231109","is_ascension_mode":false,"campfire_choices":[{"data":"Backflip","floor":6,"key":"SMITH"},{"floor":8,"key":"RECALL"},{"data":"Neutralize","floor":10,"key":"SMITH"},{"floor":15,"key":"REST"}],"circlet_count":0,"master_deck":["Strike_G","Strike_G","Strike_G","Strike_G","Defend_G","Defend_G","Defend_G","Survivor+1","Neutralize+1","Backflip+1","Tactician","Dagger Spray"],"relics":["Ring of the Snake","Toy Ornithopter","Calipers"],"acts_visited":["Exordium"],"potions_floor_usage":[16],"damage_taken":[{"damage":0,"enemies":"Jaw Worm","floor":1,"turns":6},{"damage":0,"enemies":"Cultist","floor":7,"turns":5},{"damage":57,"enemies":"3 Sentries","floor":11,"turns":13},{"damage":0,"enemies":"Small Slimes","floor":13,"turns":4},{"damage":29,"enemies":"Slime Boss","floor":16,"turns":9}],"seed_played":"5945802036021979427","potions_obtained":[{"floor":13,"key":"BlessingOfTheForge"}],"is_trial":false,"path_per_floor":["M","?","$","?","$","R","M","R","T","R","E","$","M","T","R","B"],"character_chosen":"THE_SILENT","items_purchased":[],"campfire_rested":1,"item_purchase_floors":[],"current_hp_per_floor":[70,70,70,59,59,59,59,59,59,59,2,2,2,2,23,0,0],"gold":100,"neow_bonus":"UPGRADE_CARD","is_daily":false,"chose_seed":false,"campfire_upgraded":2,"win_rate":0.0,"timestamp":1612793469,"path_taken":["M","?","?","?","$","R","M","R","T","R","E","?","?","?","R","BOSS"],"items_purchased_type":[],"build_version":"2020-12-22","purchased_purges":2,"victory":false,"max_hp_per_floor":[70,70,70,70,70,70,70,70,70,70,70,70,70,70,70,70,70],"card_choices":[{"not_picked":["Infinite Blades","Dodge and Roll"],"picked":"Backflip","floor":1},{"not_picked":["Poisoned Stab","Blade Dance","Cloak And Dagger"],"picked":"SKIP","floor":7},{"not_picked":["Infinite Blades","Heel Hook"],"picked":"Tactician","floor":11},{"not_picked":["PiercingWail","Choke"],"picked":"Dagger Spray","floor":13}],"player_experience":63342,"relics_obtained":[{"floor":11,"key":"Toy Ornithopter"},{"floor":14,"key":"Calipers"}],"event_choices":[{"cards_removed":["Strike_G"],"damage_healed":0,"gold_gain":0,"player_choice":"Purged","damage_taken":0,"max_hp_gain":0,"max_hp_loss":0,"event_name":"Purifier","floor":2,"gold_loss":0},{"damage_healed":0,"gold_gain":75,"player_choice":"Gather Gold","damage_taken":11,"max_hp_gain":0,"max_hp_loss":0,"event_name":"World of Goop","floor":4,"gold_loss":0}],"is_beta":false,"boss_relics":[],"items_purged_floors":[3,5],"is_endless":false,"potions_floor_spawned":[13],"killed_by":"Slime Boss","ascension_level":0}}