{"host":"2zu68f54ie7ltg2f","time":1612818678,"event":{"mods":["AchievementEnabler","BaseMod","Colored Map","Colored Powertips","Minty Spire (QoL Compilation)","StSLib","The Servant 0.9.4"],"gold_per_floor":[115,133,151,168,19,19,48,119,119,219,238,273,273,293,293,394,694,714,212,231,231,231,231,263,263,312,312,325,356,356,372,372,470,470,485,381,395,395,395],"floor_reached":38,"language":"ENG","playtime":2296,"items_purged":["Strike_S"],"score":496,"play_id":"48317e71-186a-41d7-9586-3c91dc40d837","local_time":"20210208131118","is_ascension_mode":true,"campfire_choices":[{"data":"TimeWarp","floor":6.0,"key":"SMITH"},{"data":"SilverBlades","floor":13.0,"key":"SMITH"},{"data":"FanOfKnives","floor":15.0,"key":"SMITH"},{"data":"BestPractice","floor":23.0,"key":"SMITH"},{"data":"Embodiment","floor":25,"key":"SMITH"},{"data":"FlawlessForm","floor":30,"key":"SMITH"},{"data":"TheWorld","floor":32,"key":"SMITH"}],"circlet_count":0,"master_deck":["Strike_S","Strike_S","Strike_S","Defend_S","Defend_S","Defend_S","Defend_S","KidneyShot","Exchange","Unruled","Revamp","Alleviate","TimeWarp+1","Misdirection","SilverBlades+1","TheWorld+1","FanOfKnives+1","Embodiment+1","CurseOfTheBell","Replace+1","ShatteredReality","BestPractice+1","InstantArmor","FlawlessForm+1","Spin","Foresight+1","PendulumOfEternity","Luminosity"],"relics":["Uniform","Toy Ornithopter","Meat on the Bone","Odd Mushroom","Ornamental Fan","Blue Candle","Calling Bell","Boot","White Beast Statue","Old Coin","PocketWatch","Enchiridion","Smiling Mask","Omamori","Tiny Chest","StoneMask","HornCleat"],"acts_visited":["Exordium","TheCity","TheBeyond"],"potions_floor_usage":[24,24,29,33],"damage_taken":[{"damage":0.0,"enemies":"Small Slimes","floor":1.0,"turns":3.0},{"damage":1.0,"enemies":"Cultist","floor":2.0,"turns":4.0},{"damage":8.0,"enemies":"Jaw Worm","floor":3.0,"turns":4.0},{"damage":8.0,"enemies":"Lots of Slimes","floor":4.0,"turns":5.0},{"damage":14.0,"enemies":"Lagavulin","floor":7.0,"turns":8.0},{"damage":9.0,"enemies":"The Mushroom Lair","floor":8.0,"turns":4.0},{"damage":1.0,"enemies":"Blue Slaver","floor":11.0,"turns":7.0},{"damage":32.0,"enemies":"3 Sentries","floor":12.0,"turns":13.0},{"damage":0.0,"enemies":"3 Louse","floor":14.0,"turns":4.0},{"damage":8.0,"enemies":"Hexaghost","floor":16.0,"turns":9.0},{"damage":21.0,"enemies":"Chosen","floor":18.0,"turns":6.0},{"damage":21.0,"enemies":"Shell Parasite","floor":20.0,"turns":6.0},{"damage":7,"enemies":"Slavers","floor":24,"turns":4},{"damage":11,"enemies":"Snake Plant","floor":28,"turns":5},{"damage":0,"enemies":"Book of Stabbing","floor":29,"turns":7},{"damage":0,"enemies":"Centurion and Healer","floor":31,"turns":6},{"damage":16,"enemies":"Collector","floor":33,"turns":9},{"damage":3,"enemies":"3 Shapes","floor":35,"turns":6},{"damage":39,"enemies":"3 Darklings","floor":37,"turns":6},{"damage":44,"enemies":"Transient","floor":38,"turns":5}],"seed_played":"5508520286499136053","potions_obtained":[{"floor":0.0,"key":"ColorlessPotion"},{"floor":0.0,"key":"SkillPotion"},{"floor":0.0,"key":"AttackPotion"},{"floor":1.0,"key":"BlessingOfTheForge"},{"floor":3.0,"key":"Strength Potion"},{"floor":7.0,"key":"ColorlessPotion"},{"floor":14.0,"key":"GamblersBrew"},{"floor":16.0,"key":"LiquidBronze"},{"floor":18.0,"key":"AttackPotion"},{"floor":20.0,"key":"PowerPotion"},{"floor":24,"key":"BlessingOfTheForge"},{"floor":28,"key":"ColorlessPotion"},{"floor":29,"key":"GamblersBrew"},{"floor":31,"key":"Regen Potion"},{"floor":33,"key":"PowerPotion"}],"is_trial":false,"path_per_floor":["M","M","M","M","$","R","E","?","T","?","M","E","R","M","R","B",null,"M","$","M","?","?","R","E","R","T","?","M","E","R","M","R","B",null,"M","?","M","M"],"character_chosen":"THE_SERVANT","items_purchased":["Toy Ornithopter","PocketWatch","ShatteredReality","BestPractice"],"campfire_rested":0,"item_purchase_floors":[5,19,19,19],"current_hp_per_floor":[65,64,56,48,48,48,44,40,40,40,39,19,19,31,31,35,65,44,44,35,19,19,19,34,34,34,34,35,40,40,40,40,41,65,68,68,44,0,0],"gold":395,"neow_bonus":"THREE_SMALL_POTIONS","is_daily":false,"chose_seed":false,"campfire_upgraded":7,"win_rate":0.0,"timestamp":1612818678,"path_taken":["M","M","M","M","$","R","E","?","T","?","M","E","R","?","R","BOSS","M","$","M","?","?","R","E","R","T","?","M","E","R","M","R","BOSS","M","?","?","M"],"items_purchased_type":["Relic","Relic","Card","Card"],"build_version":"2020-12-22","purchased_purges":1,"victory":false,"max_hp_per_floor":[65,65,65,65,65,65,65,65,65,65,65,65,65,65,65,65,65,65,65,65,65,65,65,65,65,65,65,65,65,65,65,65,65,65,68,68,69,69,69],"card_choices":[{"not_picked":["Rewind","Replace"],"picked":"Unruled","floor":1.0},{"not_picked":["Desolation","Rewind"],"picked":"Revamp","floor":2.0},{"not_picked":["GearUp","Ricochet"],"picked":"Alleviate","floor":3.0},{"not_picked":["Spin","RealityMarble"],"picked":"TimeWarp","floor":4.0},{"not_picked":["Sabotage","Advance"],"picked":"Misdirection","floor":7.0},{"not_picked":["Replace","Sabotage"],"picked":"SilverBlades","floor":11.0},{"not_picked":["Advance","Contraction"],"picked":"TheWorld","floor":12.0},{"not_picked":["Rewind","Defy"],"picked":"FanOfKnives","floor":14.0},{"not_picked":["ForgedInTime","LightFlow"],"picked":"Embodiment","floor":16.0},{"not_picked":["Foresight","FanOfKnives"],"picked":"Replace+1","floor":18.0},{"not_picked":["Potential+1","Rearm"],"picked":"InstantArmor","floor":20.0},{"not_picked":["Ricochet","Starlight+1","Read"],"picked":"SKIP","floor":24},{"not_picked":["DualDimension","Defy+1","Ricochet"],"picked":"SKIP","floor":28},{"not_picked":["ReturningBlade+1","Contraction"],"picked":"Spin","floor":29},{"not_picked":["ShatteredReality+1","Rearm"],"picked":"Foresight+1","floor":31},{"not_picked":["SoulSculpture","Solidify"],"picked":"PendulumOfEternity","floor":33},{"not_picked":["WasteNot","Defy"],"picked":"Luminosity","floor":35},{"not_picked":["Snipe+1","Potential","Alleviate"],"picked":"SKIP","floor":37}],"player_experience":492667,"relics_obtained":[{"floor":7.0,"key":"Meat on the Bone"},{"floor":8.0,"key":"Odd Mushroom"},{"floor":9.0,"key":"Ornamental Fan"},{"floor":12.0,"key":"Blue Candle"},{"floor":17.0,"key":"Boot"},{"floor":17.0,"key":"White Beast Statue"},{"floor":17.0,"key":"Old Coin"},{"floor":21.0,"key":"Enchiridion"},{"floor":24,"key":"Smiling Mask"},{"floor":26,"key":"Omamori"},{"floor":29,"key":"Tiny Chest"}],"event_choices":[{"damage_healed":0.0,"max_hp_gain":0.0,"max_hp_loss":0.0,"gold_gain":0.0,"event_name":"Mushrooms","player_choice":"Fought Mushrooms","floor":8.0,"gold_loss":0.0,"damage_taken":0.0},{"damage_healed":0.0,"max_hp_gain":0.0,"max_hp_loss":0.0,"gold_gain":100.0,"event_name":"Golden Shrine","player_choice":"Pray","floor":10.0,"gold_loss":0.0,"damage_taken":0.0},{"damage_healed":0.0,"max_hp_gain":0.0,"max_hp_loss":0.0,"gold_gain":0.0,"event_name":"Cursed Tome","player_choice":"Obtained Book","floor":21.0,"gold_loss":0.0,"damage_taken":16.0},{"damage_healed":0.0,"max_hp_gain":0.0,"max_hp_loss":0.0,"gold_gain":0.0,"event_name":"Vampires","player_choice":"Ignored","floor":22.0,"gold_loss":0.0,"damage_taken":0.0},{"damage_healed":0,"gold_gain":0,"player_choice":"Read","damage_taken":0,"max_hp_gain":0,"max_hp_loss":0,"event_name":"The Library","floor":27,"gold_loss":0,"cards_obtained":["FlawlessForm"]},{"damage_healed":0,"gold_gain":0,"player_choice":"Paid Gold","damage_taken":0,"relics_obtained":["HornCleat"],"max_hp_gain":0,"max_hp_loss":0,"event_name":"WeMeetAgain","floor":36,"gold_loss":104}],"is_beta":false,"boss_relics":[{"not_picked":["SacredBark","Empty Cage"],"picked":"Calling Bell"},{"not_picked":["SlaversCollar","Fusion Hammer"],"picked":"StoneMask"}],"items_purged_floors":[19],"is_endless":false,"potions_floor_spawned":[1,3,7,14,16,18,20,24,28,29,31,33,35,37],"killed_by":"Transient","ascension_level":1}}