{"host":"uv5ws9rdk87e8i5k","time":1612804612,"event":{"mods":["AchievementEnabler","BaseMod","Colored Map","Minty Spire (QoL Compilation)","Permanent Neow","Quick Restart","StSLib","SuperFastMode","The Necromancer"],"gold_per_floor":[17,30,48,66,84,115,127,146,169,194,205,205,205,205,205,307,307,323,151,166,186,201,201,201],"floor_reached":23,"language":"ENG","playtime":911,"items_purged":["Strike_R"],"score":272,"play_id":"10599c1f-674a-48a1-b8e3-a5043e50e520","local_time":"20210208111652","is_ascension_mode":true,"campfire_choices":[{"data":"Demon Form","floor":12.0,"key":"SMITH"},{"data":"Havoc","floor":15.0,"key":"SMITH"}],"circlet_count":0,"master_deck":["Strike_R","Strike_R","Strike_R","Strike_R","Defend_R","Defend_R","Defend_R","Defend_R","Bash","Demon Form+1","Shrug It Off","Battle Trance","Clothesline","Headbutt","Havoc","Infernal Blade","Havoc+1","Thunderclap","Exhume","Pummel","Pommel Strike"],"relics":["Burning Blood","Vajra","Art of War","Ice Cream","Philosopher\u0027s Stone"],"acts_visited":["Exordium","TheCity"],"potions_floor_usage":[23,23],"damage_taken":[{"damage":8.0,"enemies":"2 Louse","floor":1.0,"turns":3.0},{"damage":5.0,"enemies":"Small Slimes","floor":2.0,"turns":4.0},{"damage":0.0,"enemies":"Cultist","floor":3.0,"turns":4.0},{"damage":5.0,"enemies":"2 Fungi Beasts","floor":4.0,"turns":6.0},{"damage":43.0,"enemies":"Gremlin Gang","floor":5.0,"turns":9.0},{"damage":29.0,"enemies":"3 Sentries","floor":6.0,"turns":7.0},{"damage":15.0,"enemies":"3 Louse","floor":7.0,"turns":4.0},{"damage":6.0,"enemies":"Exordium Wildlife","floor":8.0,"turns":3.0},{"damage":25.0,"enemies":"Lagavulin","floor":10.0,"turns":7.0},{"damage":2.0,"enemies":"Large Slime","floor":11.0,"turns":5.0},{"damage":15.0,"enemies":"Hexaghost","floor":16.0,"turns":8.0},{"damage":14.0,"enemies":"Spheric Guardian","floor":18.0,"turns":5.0},{"damage":21.0,"enemies":"3 Byrds","floor":20.0,"turns":4.0},{"damage":6.0,"enemies":"Snake Plant","floor":21.0,"turns":4.0},{"damage":12,"enemies":"3 Cultists","floor":22,"turns":4},{"damage":37,"enemies":"Slavers","floor":23,"turns":3}],"seed_played":"-9215872454949889278","potions_obtained":[{"floor":1.0,"key":"FairyPotion"},{"floor":2.0,"key":"Swift Potion"},{"floor":7.0,"key":"EntropicBrew"},{"floor":11.0,"key":"BloodPotion"},{"floor":22,"key":"ColorlessPotion"}],"is_trial":false,"path_per_floor":["M","M","M","M","M","E","M","M","T","E","M","R","?","?","R","B",null,"M","$","M","M","M","E"],"character_chosen":"IRONCLAD","items_purchased":["HeartOfIron"],"campfire_rested":0,"item_purchase_floors":[19],"current_hp_per_floor":[70,71,77,78,41,18,9,9,9,15,19,19,39,39,39,30,65,57,72,57,57,51,14,14],"gold":201,"neow_bonus":"THREE_RARE_CARDS","is_daily":false,"chose_seed":false,"campfire_upgraded":2,"win_rate":0.0,"timestamp":1612804612,"path_taken":["M","M","M","M","M","E","M","M","T","E","M","R","?","?","R","BOSS","M","?","M","M","M","E"],"items_purchased_type":["Potion"],"build_version":"2020-12-22","purchased_purges":1,"victory":false,"max_hp_per_floor":[80,80,80,80,80,80,80,80,80,80,80,80,80,77,77,77,77,77,77,77,77,77,77,77],"card_choices":[{"not_picked":["Juggernaut","Impervious"],"picked":"Demon Form","floor":0.0},{"not_picked":["Second Wind","Heavy Blade"],"picked":"Shrug It Off","floor":1.0},{"not_picked":["Wild Strike","Anger"],"picked":"Battle Trance","floor":2.0},{"not_picked":["Carnage","Power Through"],"picked":"Clothesline","floor":3.0},{"not_picked":["Body Slam","Cleave"],"picked":"Headbutt","floor":4.0},{"not_picked":["Pommel Strike","Iron Wave"],"picked":"Havoc","floor":5.0},{"not_picked":["Berserk","Dropkick","Clothesline"],"picked":"SKIP","floor":6.0},{"not_picked":["Armaments","True Grit"],"picked":"Infernal Blade","floor":7.0},{"not_picked":["Sword Boomerang","Armaments"],"picked":"Havoc","floor":8.0},{"not_picked":["Second Wind","Flex"],"picked":"Thunderclap","floor":10.0},{"not_picked":["Rupture","Sword Boomerang","Headbutt"],"picked":"SKIP","floor":11.0},{"not_picked":["Double Tap","Feed"],"picked":"Exhume","floor":16.0},{"not_picked":["Twin Strike","Metallicize"],"picked":"Pummel","floor":18.0},{"not_picked":["Hemokinesis","Havoc","Wild Strike+1"],"picked":"SKIP","floor":20.0},{"not_picked":["Offering","Fire Breathing+1","Iron Wave"],"picked":"SKIP","floor":21.0},{"not_picked":["Sword Boomerang","Warcry"],"picked":"Pommel Strike","floor":22}],"player_experience":254336,"relics_obtained":[{"floor":6.0,"key":"Vajra"},{"floor":9.0,"key":"Art of War"},{"floor":10.0,"key":"Ice Cream"}],"event_choices":[{"damage_healed":20.0,"max_hp_gain":0.0,"max_hp_loss":0.0,"gold_gain":0.0,"event_name":"Mushrooms","player_choice":"Healed and dodged fight","floor":13.0,"gold_loss":0.0,"damage_taken":0.0,"cards_obtained":["Parasite"]},{"cards_removed":["Parasite"],"damage_healed":0.0,"max_hp_gain":0.0,"max_hp_loss":0.0,"gold_gain":0.0,"event_name":"Purifier","player_choice":"Purged","floor":14.0,"gold_loss":0.0,"damage_taken":0.0}],"is_beta":false,"boss_relics":[{"not_picked":["Black Star","Busted Crown"],"picked":"Philosopher\u0027s Stone"}],"items_purged_floors":[19],"is_endless":false,"potions_floor_spawned":[1,2,7,11,22],"killed_by":"Slavers","ascension_level":6}}