{"host":"dn025qx6yu0j7rqc","time":1612751464,"event":{"mods":["BaseMod","Colored Map","Minty Spire (QoL Compilation)","Relic Stats","StSLib"],"gold_per_floor":[109,109,34,46,46,76,76,108,135,149,149,159,192,210,210,288,288,298,310,328,343,393,393,418,433,433,433,468,484,496,510,510,585,585,604,248,258,258,274,299,314,345,394,405,417,417,25,59,59,59,59,59,59,13,43,43],"floor_reached":57,"language":"ENG","playtime":3869,"items_purged":["Strike_P","Strike_P"],"score":2866,"play_id":"191602ef-d6f6-41c3-b717-a6a113d890df","local_time":"20210207183104","is_ascension_mode":true,"campfire_choices":[{"data":"Fasting2","floor":11.0,"key":"SMITH"},{"data":"Wallop","floor":15.0,"key":"SMITH"},{"data":"Establishment","floor":23.0,"key":"SMITH"},{"floor":27.0,"key":"RECALL"},{"data":"Defend_P","floor":32.0,"key":"SMITH"},{"floor":46,"key":"DIG"},{"floor":49,"key":"DIG"},{"floor":53,"key":"DIG"}],"circlet_count":0,"master_deck":["AscendersBane","Strike_P","Defend_P+1","Defend_P+1","Defend_P","Defend_P","Eruption","Vigilance+1","Wallop+1","ClearTheMind","Fasting2+1","ReachHeaven+1","Establishment+1","SashWhip+1","CarveReality+1","Ragnarok+1","SashWhip+1","WheelKick+1","EmptyMind+1","CrushJoints+1","FlyingSleeves+1","Worship+1","ThirdEye+1","Tantrum+1","DeceiveReality+1","Alpha+1","Protect+1","WheelKick+1","FearNoEvil+1","BattleHymn","Vault+1","CarveReality+1","Protect+1","Swivel+1"],"relics":["Coffee Dripper","Art of War","Molten Egg 2","Turnip","Snecko Eye","Thread and Needle","The Courier","Toxic Egg 2","Black Star","Shovel","Incense Burner","Mummified Hand","Regal Pillow","Bronze Scales","Vajra","Eternal Feather","Centennial Puzzle","CloakClasp","Orichalcum","Juzu Bracelet","Gremlin Horn","InkBottle","Bag of Marbles","Pen Nib"],"acts_visited":["Exordium","TheCity","TheBeyond","TheEnding"],"potions_floor_usage":[44,51,56],"damage_taken":[{"damage":0.0,"enemies":"2 Louse","floor":1.0,"turns":4.0},{"damage":0.0,"enemies":"Small Slimes","floor":4.0,"turns":3.0},{"damage":16.0,"enemies":"Gremlin Nob","floor":6.0,"turns":4.0},{"damage":13.0,"enemies":"3 Sentries","floor":8.0,"turns":12.0},{"damage":0.0,"enemies":"Cultist","floor":10.0,"turns":2.0},{"damage":1.0,"enemies":"3 Louse","floor":12.0,"turns":3.0},{"damage":0.0,"enemies":"Gremlin Nob","floor":13.0,"turns":3.0},{"damage":0.0,"enemies":"Red Slaver","floor":14.0,"turns":1.0},{"damage":6.0,"enemies":"Hexaghost","floor":16.0,"turns":5.0},{"damage":0.0,"enemies":"Spheric Guardian","floor":18.0,"turns":3.0},{"damage":11.0,"enemies":"3 Byrds","floor":19.0,"turns":5.0},{"damage":0.0,"enemies":"Centurion and Healer","floor":20.0,"turns":3.0},{"damage":0.0,"enemies":"3 Cultists","floor":21.0,"turns":2.0},{"damage":2.0,"enemies":"Book of Stabbing","floor":24.0,"turns":3.0},{"damage":1.0,"enemies":"Sentry and Sphere","floor":25.0,"turns":3.0},{"damage":7.0,"enemies":"Slavers","floor":28.0,"turns":2.0},{"damage":0.0,"enemies":"Cultist and Chosen","floor":29.0,"turns":3.0},{"damage":0.0,"enemies":"Snecko","floor":30.0,"turns":3.0},{"damage":10.0,"enemies":"Centurion and Healer","floor":31.0,"turns":3.0},{"damage":20.0,"enemies":"Automaton","floor":33.0,"turns":8.0},{"damage":0.0,"enemies":"Orb Walker","floor":35.0,"turns":2.0},{"damage":0.0,"enemies":"3 Darklings","floor":37.0,"turns":5.0},{"damage":0.0,"enemies":"Transient","floor":39.0,"turns":6.0},{"damage":21.0,"enemies":"Nemesis","floor":40.0,"turns":5.0},{"damage":0.0,"enemies":"Writhing Mass","floor":41.0,"turns":4.0},{"damage":0.0,"enemies":"Giant Head","floor":42.0,"turns":4.0},{"damage":0,"enemies":"4 Shapes","floor":44,"turns":3},{"damage":0,"enemies":"Maw","floor":45,"turns":5},{"damage":0,"enemies":"Nemesis","floor":48,"turns":4},{"damage":2,"enemies":"Awakened One","floor":50,"turns":6},{"damage":23,"enemies":"Donu and Deca","floor":51,"turns":4},{"damage":4,"enemies":"Shield and Spear","floor":55,"turns":4},{"damage":33,"enemies":"The Heart","floor":56,"turns":9}],"seed_played":"1683816815287136962","potions_obtained":[{"floor":12.0,"key":"BottledMiracle"},{"floor":13.0,"key":"Dexterity Potion"},{"floor":14.0,"key":"ColorlessPotion"},{"floor":19.0,"key":"SteroidPotion"},{"floor":20.0,"key":"SteroidPotion"},{"floor":45,"key":"GamblersBrew"}],"is_trial":false,"path_per_floor":["M","?","$","M","?","E","?","E","T","M","R","M","E","M","R","B",null,"M","M","M","M","?","R","E","M","T","R","E","M","M","M","R","B",null,"M","$","M","?","M","E","M","E","T","M","M","R","$","E","R","B","B",null,"R","$","E","B",null],"character_chosen":"WATCHER","items_purchased":["Shovel","Centennial Puzzle","CloakClasp","Protect+1"],"campfire_rested":0,"item_purchase_floors":[36,47,47,54],"current_hp_per_floor":[61,41,41,41,46,30,30,17,17,17,17,16,16,16,16,10,57,57,46,46,46,46,46,44,43,43,43,36,36,36,26,26,6,56,56,56,56,56,56,35,35,35,35,35,35,35,35,35,53,51,28,62,73,73,69,36],"gold":43,"neow_bonus":"BOSS_RELIC","is_daily":false,"chose_seed":false,"campfire_upgraded":4,"win_rate":0.0,"timestamp":1612751464,"path_taken":["M","?","$","M","?","E","?","E","T","M","R","M","E","?","R","BOSS","M","M","M","M","?","R","E","?","T","R","E","M","M","M","R","BOSS","M","$","M","?","M","E","M","E","T","M","M","R","$","E","R","BOSS","BOSS","R","$","E","BOSS"],"items_purchased_type":["Relic","Relic","Relic","Card"],"build_version":"2020-12-22","purchased_purges":2,"victory":true,"max_hp_per_floor":[68,68,68,68,73,73,73,73,73,73,73,73,73,73,73,73,73,73,73,73,73,73,73,73,73,73,73,73,73,73,73,73,73,73,73,73,73,73,73,73,73,73,73,73,73,73,73,73,73,73,73,73,73,73,73,73],"relic_stats":{"Regal Pillow":0,"Gremlin Horn":[4,4],"counters":[33,136],"Eternal Feather":29,"Pen Nib":[2],"CloakClasp":[122],"Juzu Bracelet":0,"Orichalcum":[30],"Centennial Puzzle":[10],"Shovel":3,"Mummified Hand":[41],"Bronze Scales":[159],"Snecko Eye":[197,181,157,203],"Turnip":[19],"Art of War":[9],"Black Star":4,"obtain_stats":[{"Regal Pillow":42,"Gremlin Horn":49,"Vajra":43,"Incense Burner":40,"CloakClasp":47,"Juzu Bracelet":48,"Centennial Puzzle":47,"Shovel":36,"Mummified Hand":40,"Toxic Egg 2":28,"InkBottle":53,"Thread and Needle":24,"Eternal Feather":46,"The Courier":26,"Pen Nib":55,"Orichalcum":48,"Bronze Scales":42,"Snecko Eye":17,"Molten Egg 2":8,"Turnip":13,"Coffee Dripper":0,"Art of War":6,"Black Star":34,"Bag of Marbles":55,"PureWater":0},{"Regal Pillow":26,"Gremlin Horn":29,"Vajra":26,"Incense Burner":24,"CloakClasp":28,"Juzu Bracelet":29,"Centennial Puzzle":28,"Shovel":21,"Mummified Hand":24,"Toxic Egg 2":16,"InkBottle":31,"Thread and Needle":14,"Eternal Feather":28,"The Courier":15,"Pen Nib":32,"Orichalcum":29,"Bronze Scales":26,"Snecko Eye":9,"Molten Egg 2":4,"Turnip":7,"Coffee Dripper":0,"Art of War":3,"Black Star":20,"Bag of Marbles":32,"PureWater":0},{"Regal Pillow":101,"Gremlin Horn":113,"Vajra":101,"Incense Burner":93,"CloakClasp":109,"Juzu Bracelet":113,"Centennial Puzzle":109,"Shovel":77,"Mummified Hand":93,"Toxic Egg 2":58,"InkBottle":123,"Thread and Needle":53,"Eternal Feather":109,"The Courier":56,"Pen Nib":127,"Orichalcum":113,"Bronze Scales":101,"Snecko Eye":37,"Molten Egg 2":23,"Turnip":31,"Coffee Dripper":0,"Art of War":11,"Black Star":75,"Bag of Marbles":127,"PureWater":0}],"InkBottle":[6]},"card_choices":[{"not_picked":["CutThroughFate","JustLucky"],"picked":"Wallop","floor":1.0},{"not_picked":["SignatureMove","MentalFortress"],"picked":"ClearTheMind","floor":4.0},{"not_picked":["FollowUp","ThirdEye"],"picked":"Fasting2","floor":6.0},{"not_picked":["PathToVictory","DeceiveReality"],"picked":"ReachHeaven+1","floor":8.0},{"not_picked":["BattleHymn","Pray"],"picked":"Establishment","floor":10.0},{"not_picked":["Consecrate+1","Prostrate"],"picked":"SashWhip+1","floor":12.0},{"not_picked":["CutThroughFate+1","Brilliance+1"],"picked":"CarveReality+1","floor":13.0},{"not_picked":["Indignation","ThirdEye"],"picked":"FearNoEvil+1","floor":14.0},{"not_picked":["Vault","MasterReality"],"picked":"Ragnarok+1","floor":16.0},{"not_picked":["Sanctity","MentalFortress"],"picked":"SashWhip+1","floor":18.0},{"not_picked":["CrushJoints+1","Halt+1"],"picked":"WheelKick+1","floor":19.0},{"not_picked":["Crescendo","FlyingSleeves+1"],"picked":"EmptyMind+1","floor":20.0},{"not_picked":["PathToVictory","JustLucky+1","Indignation"],"picked":"SKIP","floor":21.0},{"not_picked":["SandsOfTime+1","JustLucky+1"],"picked":"CrushJoints+1","floor":24.0},{"not_picked":["Brilliance+1","FollowUp+1"],"picked":"FlyingSleeves+1","floor":25.0},{"not_picked":["Halt+1","FlurryOfBlows+1"],"picked":"Worship+1","floor":28.0},{"not_picked":["WindmillStrike+1","ClearTheMind+1"],"picked":"ThirdEye+1","floor":29.0},{"not_picked":["PathToVictory+1","Sanctity+1"],"picked":"Tantrum+1","floor":30.0},{"not_picked":["Nirvana","InnerPeace+1"],"picked":"DeceiveReality+1","floor":31.0},{"not_picked":["Scrawl+1","LessonLearned+1"],"picked":"Alpha+1","floor":33.0},{"not_picked":["ThirdEye+1","FlyingSleeves+1"],"picked":"Protect+1","floor":35.0},{"not_picked":["Pray+1","LikeWater"],"picked":"WheelKick+1","floor":37.0},{"not_picked":["FollowUp+1","FlyingSleeves+1","Consecrate+1"],"picked":"SKIP","floor":39.0},{"not_picked":["FollowUp+1","Collect+1","Consecrate+1"],"picked":"SKIP","floor":40.0},{"not_picked":["CutThroughFate+1","Halt+1","BowlingBash+1"],"picked":"SKIP","floor":41.0},{"not_picked":["Evaluate+1","Fasting2"],"picked":"FearNoEvil+1","floor":42.0},{"not_picked":["Crescendo+1","SignatureMove+1"],"picked":"BattleHymn","floor":44},{"not_picked":["Evaluate+1","InnerPeace+1"],"picked":"Vault+1","floor":45},{"not_picked":["EmptyBody+1","ThirdEye+1"],"picked":"CarveReality+1","floor":48},{"not_picked":["EmptyFist+1","Protect+1"],"picked":"Swivel+1","floor":55}],"player_experience":1084557,"relics_obtained":[{"floor":6.0,"key":"Art of War"},{"floor":8.0,"key":"Molten Egg 2"},{"floor":13.0,"key":"Turnip"},{"floor":24.0,"key":"Thread and Needle"},{"floor":26.0,"key":"The Courier"},{"floor":28.0,"key":"Toxic Egg 2"},{"floor":40.0,"key":"Incense Burner"},{"floor":40.0,"key":"Mummified Hand"},{"floor":42.0,"key":"Regal Pillow"},{"floor":42.0,"key":"Bronze Scales"},{"floor":43.0,"key":"Vajra"},{"floor":46,"key":"Eternal Feather"},{"floor":48,"key":"Orichalcum"},{"floor":48,"key":"Juzu Bracelet"},{"floor":49,"key":"Gremlin Horn"},{"floor":53,"key":"InkBottle"},{"floor":55,"key":"Bag of Marbles"},{"floor":55,"key":"Pen Nib"}],"event_choices":[{"damage_healed":0.0,"max_hp_gain":0.0,"max_hp_loss":0.0,"gold_gain":0.0,"event_name":"Shining Light","player_choice":"Entered Light","floor":2.0,"gold_loss":0.0,"damage_taken":20.0,"cards_upgraded":["Defend_P","Vigilance"]},{"damage_healed":0.0,"max_hp_gain":5.0,"max_hp_loss":0.0,"gold_gain":0.0,"event_name":"Big Fish","player_choice":"Donut","floor":5.0,"gold_loss":0.0,"damage_taken":0.0},{"cards_removed":["Strike_P"],"damage_healed":0.0,"max_hp_gain":0.0,"max_hp_loss":0.0,"gold_gain":0.0,"event_name":"Bonfire Elementals","player_choice":"Offered Basic","floor":7.0,"gold_loss":0.0,"damage_taken":0.0},{"damage_healed":0.0,"max_hp_gain":0.0,"max_hp_loss":0.0,"gold_gain":50.0,"event_name":"Golden Shrine","player_choice":"Pray","floor":22.0,"gold_loss":0.0,"damage_taken":0.0},{"cards_removed":["FearNoEvil"],"damage_healed":0.0,"max_hp_gain":0.0,"max_hp_loss":0.0,"gold_gain":0.0,"event_name":"Falling","player_choice":"Removed Attack","floor":38.0,"gold_loss":0.0,"damage_taken":0.0}],"is_beta":false,"boss_relics":[{"not_picked":["Busted Crown","Ectoplasm"],"picked":"Snecko Eye"},{"not_picked":["Cursed Key","Velvet Choker"],"picked":"Black Star"}],"items_purged_floors":[3,36],"is_endless":false,"potions_floor_spawned":[12,13,14,19,20,28,31,39,40,41,42,45],"ascension_level":20}}