{"host":"k7udt7atmcuzf6l0","time":1612787984,"event":{"mods":["AchievementEnabler","BaseMod","BetterRewards","Colored Map","Colored Powertips","Highlight Path","Minty Spire (QoL Compilation)","Quick Restart","Rare Cards Sparkle","Relic Stats","StSLib","UnlockEverythingMod"],"gold_per_floor":[113,131,131,306,319,319,333,351,351,351,120,153,153,173,173,270,270,270,270,270,270,29,29,29,29,29,29,29,29,29,29,29,29,29],"floor_reached":33,"language":"ZHS","playtime":1035,"items_purged":["Doubt"],"score":285,"play_id":"c9860c6b-6028-4c3d-b3e3-a04efb01965b","local_time":"20210208203944","is_ascension_mode":false,"campfire_choices":[{"data":"Armaments","floor":6,"key":"SMITH"},{"data":"Brutality","floor":10,"key":"SMITH"},{"data":"Body Slam","floor":13,"key":"SMITH"},{"data":"Sword Boomerang","floor":15,"key":"SMITH"},{"data":"Flex","floor":23,"key":"SMITH"},{"data":"Bludgeon","floor":28,"key":"SMITH"},{"data":"Iron Wave","floor":30,"key":"SMITH"},{"floor":32,"key":"REST"}],"circlet_count":0,"master_deck":["Strike_R+1","Strike_R+1","Strike_R+1","Strike_R+1","Strike_R+1","Defend_R+1","Defend_R+1","Defend_R+1","Defend_R+1","Bash","Armaments+1","Headbutt","Sword Boomerang+1","Thunderclap+1","Brutality+1","Body Slam+1","Iron Wave+1","Bludgeon+1","Flex+1","Armaments+1","Entrench+1","Mayhem+1","Whirlwind+1","Twin Strike+1","Shrug It Off+1","Rage+1","Brutality+1","Spot Weakness"],"relics":["Burning Blood","Frozen Egg 2","Toolbox","Bronze Scales","Ectoplasm","Red Mask","Prayer Wheel","Red Skull","Whetstone"],"acts_visited":["Exordium","TheCity"],"potions_floor_usage":[7,12,19,21,33],"damage_taken":[{"damage":10,"enemies":"Jaw Worm","floor":1,"turns":4},{"damage":1,"enemies":"2 Louse","floor":2,"turns":3},{"damage":0,"enemies":"Small Slimes","floor":5,"turns":3},{"damage":8,"enemies":"3 Louse","floor":7,"turns":3},{"damage":16,"enemies":"Large Slime","floor":8,"turns":6},{"damage":9,"enemies":"Lagavulin","floor":12,"turns":5},{"damage":5,"enemies":"Exordium Wildlife","floor":14,"turns":3},{"damage":54,"enemies":"Slime Boss","floor":16,"turns":9},{"damage":2,"enemies":"Spheric Guardian","floor":18,"turns":3},{"damage":9,"enemies":"Masked Bandits","floor":19,"turns":3},{"damage":8,"enemies":"3 Byrds","floor":21,"turns":3},{"damage":24,"enemies":"Book of Stabbing","floor":25,"turns":4},{"damage":8,"enemies":"Shelled Parasite and Fungi","floor":27,"turns":4},{"damage":30,"enemies":"Gremlin Leader","floor":29,"turns":4},{"damage":7,"enemies":"3 Cultists","floor":31,"turns":4},{"damage":54,"enemies":"Automaton","floor":33,"turns":7}],"seed_played":"-9156250704699480114","potions_obtained":[{"floor":2,"key":"ColorlessPotion"},{"floor":7,"key":"CultistPotion"},{"floor":18,"key":"DistilledChaos"},{"floor":19,"key":"SkillPotion"},{"floor":27,"key":"SpeedPotion"},{"floor":31,"key":"SpeedPotion"}],"is_trial":false,"path_per_floor":["M","M","?","?","M","R","M","M","T","R","$","E","R","M","R","B",null,"M","?","?","M","$","R","?","E","T","M","R","E","R","M","R","B"],"character_chosen":"IRONCLAD","items_purchased":["Toolbox","Mayhem+1","Whirlwind"],"campfire_rested":1,"item_purchase_floors":[11,22,22],"current_hp_per_floor":[76,80,80,80,80,80,78,68,68,68,68,65,65,66,66,18,80,80,77,77,75,75,75,75,57,57,55,55,31,31,30,54,0,0],"gold":29,"neow_bonus":"THREE_CARDS","is_daily":false,"chose_seed":false,"campfire_upgraded":7,"win_rate":0.0,"timestamp":1612787984,"path_taken":["M","M","?","?","M","R","M","M","T","R","$","E","R","M","R","BOSS","M","?","?","M","$","R","?","E","T","M","R","E","R","M","R","BOSS"],"items_purchased_type":["Relic","Card","Card"],"build_version":"2020-12-22","purchased_purges":1,"victory":false,"max_hp_per_floor":[80,80,80,80,80,80,80,80,80,80,80,80,80,80,80,80,80,80,80,80,80,80,80,80,80,80,80,80,80,80,80,80,80,80],"relic_stats":{"counters":[16,67],"Bronze Scales":[117],"Prayer Wheel":2,"Ectoplasm":177,"Whetstone":["Whirlwind","Thunderclap"],"obtain_stats":[{"Bronze Scales":12,"Toolbox":11,"Prayer Wheel":25,"Ectoplasm":17,"Red Mask":19,"Whetstone":29,"Frozen Egg 2":9,"Burning Blood":0,"Red Skull":26},{"Bronze Scales":6,"Toolbox":5,"Prayer Wheel":12,"Ectoplasm":8,"Red Mask":10,"Whetstone":14,"Frozen Egg 2":5,"Burning Blood":0,"Red Skull":12},{"Bronze Scales":24,"Toolbox":19,"Prayer Wheel":49,"Ectoplasm":36,"Red Mask":42,"Whetstone":57,"Frozen Egg 2":19,"Burning Blood":0,"Red Skull":49}],"Burning Blood":79},"card_choices":[{"not_picked":["Intimidate","Havoc"],"picked":"Armaments","floor":0},{"not_picked":["Metallicize","Havoc"],"picked":"Headbutt","floor":1},{"not_picked":["Power Through","Shrug It Off"],"picked":"Sword Boomerang","floor":2},{"not_picked":["Pommel Strike","Warcry"],"picked":"Thunderclap","floor":5},{"not_picked":["Shrug It Off","Dark Embrace","Headbutt"],"picked":"SKIP","floor":7},{"not_picked":["Cleave","Heavy Blade"],"picked":"Brutality","floor":8},{"not_picked":["Dropkick","Impervious"],"picked":"Body Slam","floor":12},{"not_picked":["Warcry","Entrench"],"picked":"Iron Wave","floor":14},{"not_picked":["Barricade+1","Double Tap"],"picked":"Bludgeon","floor":16},{"not_picked":["Evolve+1","Pommel Strike+1"],"picked":"Flex","floor":18},{"not_picked":["Intimidate","Clothesline"],"picked":"Armaments+1","floor":19},{"not_picked":["Intimidate","Second Wind"],"picked":"Entrench+1","floor":21},{"not_picked":["Ghostly Armor","Warcry"],"picked":"Twin Strike+1","floor":25},{"not_picked":["Pommel Strike","Flame Barrier"],"picked":"Shrug It Off+1","floor":27},{"not_picked":["Anger","Immolate"],"picked":"Rage+1","floor":27},{"not_picked":["Fire Breathing+1","Fiend Fire"],"picked":"Brutality+1","floor":29},{"not_picked":["Whirlwind+1","Pommel Strike+1"],"picked":"Spot Weakness","floor":31},{"not_picked":["Thunderclap","Havoc","Sword Boomerang+1"],"picked":"SKIP","floor":31}],"player_experience":71273,"relics_obtained":[{"floor":9,"key":"Frozen Egg 2"},{"floor":12,"key":"Bronze Scales"},{"floor":19,"key":"Red Mask"},{"floor":25,"key":"Prayer Wheel"},{"floor":26,"key":"Red Skull"},{"floor":29,"key":"Whetstone"}],"event_choices":[{"damage_healed":0,"gold_gain":0,"player_choice":"Leave","damage_taken":0,"max_hp_gain":0,"max_hp_loss":0,"event_name":"The Cleric","floor":3,"gold_loss":0},{"damage_healed":0,"gold_gain":175,"player_choice":"AGREE","damage_taken":0,"max_hp_gain":0,"max_hp_loss":0,"event_name":"Liars Game","floor":4,"gold_loss":0,"cards_obtained":["Doubt"]},{"damage_healed":0,"gold_gain":0,"player_choice":"Fought Bandits","damage_taken":0,"max_hp_gain":0,"max_hp_loss":0,"event_name":"Masked Bandits","floor":19,"gold_loss":0},{"damage_healed":0,"gold_gain":0,"player_choice":"Ignored","damage_taken":0,"max_hp_gain":0,"max_hp_loss":0,"event_name":"Beggar","floor":20,"gold_loss":0},{"damage_healed":0,"gold_gain":0,"player_choice":"Simplicity","damage_taken":0,"max_hp_gain":0,"max_hp_loss":0,"event_name":"Back to Basics","floor":24,"gold_loss":0,"cards_upgraded":["Strike_R","Strike_R","Strike_R","Strike_R","Strike_R","Defend_R","Defend_R","Defend_R","Defend_R"]}],"is_beta":false,"boss_relics":[{"not_picked":["Runic Cube","Busted Crown"],"picked":"Ectoplasm"}],"items_purged_floors":[11],"is_endless":false,"potions_floor_spawned":[2,7,18,19,27,31],"killed_by":"Automaton","ascension_level":0}}