{"host":"oehe2dxjvdgux73m","time":1612797806,"event":{"mods":["AchievementEnabler","BaseMod","Colored Map","Colored Powertips","DeckTracker","Keyboard Shortcuts","Minty Spire (QoL Compilation)","Permanent Neow","Quick Restart","StSLib","SuperFastMode"],"gold_per_floor":[113,132,142,30,48,48,63,63,87,99,111,142,166,196,208,220,220],"floor_reached":16,"language":"KOR","playtime":481,"items_purged":[],"score":178,"play_id":"46953eed-24e1-443c-9d8e-bc8d912ed95d","local_time":"20210209002326","is_ascension_mode":true,"campfire_choices":[{"data":"Pommel Strike","floor":6.0,"key":"SMITH"},{"data":"Burning Pact","floor":8.0,"key":"SMITH"},{"data":"Wild Strike","floor":11.0,"key":"SMITH"},{"floor":15.0,"key":"REST"}],"circlet_count":0,"master_deck":["AscendersBane","Strike_R","Strike_R","Strike_R","Strike_R","Strike_R","Defend_R","Defend_R","Defend_R","Defend_R","Bash","Juggernaut","Wild Strike+1","Burning Pact+1","Hemokinesis","Feel No Pain","Clothesline","Pommel Strike+1","Armaments","Feed","Dropkick"],"relics":["Burning Blood","MawBank"],"acts_visited":["Exordium"],"potions_floor_usage":[],"damage_taken":[{"damage":11.0,"enemies":"Jaw Worm","floor":1.0,"turns":5.0},{"damage":15.0,"enemies":"Small Slimes","floor":2.0,"turns":4.0},{"damage":0.0,"enemies":"2 Louse","floor":3.0,"turns":3.0},{"damage":8.0,"enemies":"2 Fungi Beasts","floor":5.0,"turns":4.0},{"damage":17.0,"enemies":"Exordium Wildlife","floor":7.0,"turns":4.0},{"damage":27.0,"enemies":"Exordium Thugs","floor":12.0,"turns":8.0},{"damage":5.0,"enemies":"Large Slime","floor":13.0,"turns":5.0},{"damage":30.0,"enemies":"Lots of Slimes","floor":14.0,"turns":5.0},{"damage":48,"enemies":"Slime Boss","floor":16,"turns":7}],"seed_played":"7957444329250989840","potions_obtained":[{"floor":2.0,"key":"HeartOfIron"},{"floor":3.0,"key":"SkillPotion"},{"floor":5.0,"key":"BlessingOfTheForge"}],"is_trial":false,"path_per_floor":["M","M","M","$","M","R","M","R","T","?","R","M","M","M","R","B"],"character_chosen":"IRONCLAD","items_purchased":["Feel No Pain","Clothesline"],"campfire_rested":1,"item_purchase_floors":[4,4],"current_hp_per_floor":[63,54,60,60,58,58,47,47,47,52,52,31,32,8,32,0,0],"gold":220,"neow_bonus":"ONE_RANDOM_RARE_CARD","is_daily":false,"chose_seed":false,"campfire_upgraded":3,"win_rate":0.0,"timestamp":1612797806,"path_taken":["M","M","M","$","M","R","M","R","T","?","R","M","M","M","R","BOSS"],"items_purchased_type":["Card","Card"],"build_version":"2020-12-22","purchased_purges":0,"victory":false,"max_hp_per_floor":[75,75,75,75,75,75,75,75,75,80,80,80,80,80,80,80,80],"card_choices":[{"not_picked":["Clash","Heavy Blade"],"picked":"Wild Strike","floor":1.0},{"not_picked":["Rage","Iron Wave"],"picked":"Burning Pact","floor":2.0},{"not_picked":["Dropkick","Ghostly Armor"],"picked":"Hemokinesis","floor":3.0},{"not_picked":["Flex","Whirlwind"],"picked":"Pommel Strike","floor":5.0},{"not_picked":["Cleave","Flex","Inflame"],"picked":"SKIP","floor":7.0},{"not_picked":["Iron Wave","Perfected Strike"],"picked":"Armaments","floor":12.0},{"not_picked":["Uppercut","Pommel Strike"],"picked":"Feed","floor":13.0},{"not_picked":["Uppercut","Sever Soul"],"picked":"Dropkick","floor":14.0}],"player_experience":423189,"relics_obtained":[{"floor":9.0,"key":"MawBank"}],"event_choices":[{"damage_healed":0.0,"max_hp_gain":5.0,"max_hp_loss":0.0,"gold_gain":0.0,"event_name":"Big Fish","player_choice":"Donut","floor":10.0,"gold_loss":0.0,"damage_taken":0.0}],"is_beta":false,"boss_relics":[],"items_purged_floors":[],"is_endless":false,"potions_floor_spawned":[2,3,5],"killed_by":"Slime Boss","ascension_level":17}}