{"host":"2wfkxmfk74kgfdwc","time":1612797014,"event":{"mods":["BaseMod","Colored Map","Colored Powertips","Minty Spire (QoL Compilation)","Permanent Neow","Quick Restart","Relic Filter Mod","Relic Stats","Reliquary","Spire Arcade","StSLib","Wide Potions","óô»ðÖ¸ÄÏ"],"gold_per_floor":[117,117,38,49,49,49,80,100,100,110,128,158,158,176,176,276,276,286,211,211,211,185,218,218,218,218],"floor_reached":25,"language":"ZHS","playtime":587,"items_purged":[],"score":317,"play_id":"e636b5c8-63cb-4677-a9d3-66b7472caffe","local_time":"20210208231014","is_ascension_mode":true,"campfire_choices":[{"data":"Uppercut","floor":6.0,"key":"SMITH"},{"data":"Limit Break","floor":13.0,"key":"SMITH"},{"data":"True Grit","floor":15.0,"key":"SMITH"},{"data":"Inflame","floor":24.0,"key":"SMITH"}],"circlet_count":0,"master_deck":["Strike_R","Strike_R","Strike_R","Strike_R","Strike_R","Defend_R","Defend_R","Defend_R","Defend_R","Uppercut+1","Fire Breathing","Shrug It Off","Limit Break+1","Inflame+1","True Grit+1","Offering","Heavy Blade+1","Shrug It Off","Heavy Blade+1"],"relics":["Black Blood","NeowsBlessing","Question Card","Strawberry","WingedGreaves","Mango","Bag of Marbles","Bottled Tornado"],"acts_visited":[],"potions_floor_usage":[],"damage_taken":[{"damage":0.0,"enemies":"Cultist","floor":1.0,"turns":1.0},{"damage":0.0,"enemies":"2 Louse","floor":4.0,"turns":1.0},{"damage":0.0,"enemies":"Lagavulin","floor":7.0,"turns":2.0},{"damage":11.0,"enemies":"Small Slimes","floor":8.0,"turns":3.0},{"damage":17.0,"enemies":"3 Louse","floor":10.0,"turns":3.0},{"damage":14.0,"enemies":"Blue Slaver","floor":11.0,"turns":5.0},{"damage":33.0,"enemies":"Gremlin Nob","floor":12.0,"turns":4.0},{"damage":5.0,"enemies":"Gremlin Gang","floor":14.0,"turns":4.0},{"damage":23.0,"enemies":"The Guardian","floor":16.0,"turns":12.0},{"damage":32.0,"enemies":"2 Thieves","floor":18.0,"turns":5.0},{"damage":58.0,"enemies":"Slavers","floor":23.0,"turns":6.0},{"damage":0,"enemies":"Book of Stabbing","floor":25,"turns":1}],"seed_played":"1280745551063649989","potions_obtained":[{"floor":1.0,"key":"Weak Potion"},{"floor":7.0,"key":"Ancient Potion"},{"floor":11.0,"key":"Fire Potion"},{"floor":12.0,"key":"Fire Potion"},{"floor":18.0,"key":"HeartOfIron"}],"is_trial":false,"path_per_floor":["M","?","$","M","?","R","E","M","T","M","M","E","R","M","R","B",null,"M","?","?","?","$","E","R","E"],"character_chosen":"IRONCLAD","items_purchased":["Fire Breathing","Shrug It Off"],"campfire_rested":0,"item_purchase_floors":[3,22],"current_hp_per_floor":[80,80,80,80,85,85,92,87,87,76,68,55,55,56,56,39,106,86,86,86,86,86,40,40,40,40],"gold":218,"neow_bonus":"THREE_ENEMY_KILL","is_daily":false,"chose_seed":false,"campfire_upgraded":4,"win_rate":0.0,"timestamp":1612797014,"path_taken":["M","?","$","?","?","R","E","M","T","M","M","E","R","M","R","BOSS","M","?","?","?","$","E","R","E"],"items_purchased_type":["Card","Card"],"build_version":"2020-12-22","purchased_purges":0,"victory":false,"max_hp_per_floor":[80,80,80,80,85,85,92,92,92,92,92,106,106,106,106,106,106,106,106,106,106,106,106,106,106,106],"relic_stats":{"counters":[1,1],"Black Blood":0,"Question Card":0,"obtain_stats":[{"NeowsBlessing":0,"Strawberry":0,"Black Blood":0,"Mango":0,"WingedGreaves":0,"Bag of Marbles":0,"Bottled Tornado":0,"Question Card":0},{"NeowsBlessing":0,"Strawberry":0,"Black Blood":0,"Mango":0,"WingedGreaves":0,"Bag of Marbles":0,"Bottled Tornado":0,"Question Card":0},{"NeowsBlessing":0,"Strawberry":0,"Black Blood":0,"Mango":0,"WingedGreaves":0,"Bag of Marbles":0,"Bottled Tornado":0,"Question Card":0}]},"card_choices":[{"not_picked":["Body Slam","Warcry"],"picked":"Uppercut","floor":1.0},{"not_picked":["Body Slam","Pommel Strike","Sword Boomerang"],"picked":"Shrug It Off","floor":4.0},{"not_picked":["Juggernaut","Flex","Pummel"],"picked":"Limit Break","floor":7.0},{"not_picked":["Iron Wave","Dropkick","Shrug It Off","Anger"],"picked":"SKIP","floor":8.0},{"not_picked":["Fire Breathing","Armaments","Flex"],"picked":"Inflame","floor":10.0},{"not_picked":["Fire Breathing","Juggernaut","Clothesline","Carnage"],"picked":"SKIP","floor":11.0},{"not_picked":["Cleave","Juggernaut","Ghostly Armor","Blood for Blood"],"picked":"SKIP","floor":12.0},{"not_picked":["Shrug It Off","Feel No Pain","Pommel Strike"],"picked":"True Grit","floor":14.0},{"not_picked":["Demon Form","Berserk","Brutality"],"picked":"Offering","floor":16.0},{"not_picked":["Flex","Pommel Strike+1","Reckless Charge"],"picked":"Heavy Blade+1","floor":18.0},{"not_picked":["Perfected Strike","Corruption","Cleave"],"picked":"Heavy Blade+1","floor":23.0}],"player_experience":5772,"relics_obtained":[{"floor":7.0,"key":"Strawberry"},{"floor":9.0,"key":"WingedGreaves"},{"floor":12.0,"key":"Mango"},{"floor":23.0,"key":"Bottled Tornado"}],"event_choices":[{"damage_healed":0.0,"max_hp_gain":0.0,"max_hp_loss":0.0,"gold_gain":0.0,"event_name":"WeMeetAgain","player_choice":"Gave Potion","floor":2.0,"gold_loss":0.0,"damage_taken":0.0,"relics_obtained":["Question Card"]},{"damage_healed":0.0,"max_hp_gain":5.0,"max_hp_loss":0.0,"gold_gain":0.0,"event_name":"Big Fish","player_choice":"Donut","floor":5.0,"gold_loss":0.0,"damage_taken":0.0},{"cards_removed":["Bash"],"damage_healed":0.0,"max_hp_gain":0.0,"max_hp_loss":0.0,"gold_gain":0.0,"event_name":"Beggar","player_choice":"Gave Gold","floor":19.0,"gold_loss":75.0,"damage_taken":0.0},{"damage_healed":0.0,"max_hp_gain":0.0,"max_hp_loss":0.0,"gold_gain":0.0,"event_name":"The Mausoleum","player_choice":"Opened","floor":21.0,"gold_loss":0.0,"damage_taken":0.0,"relics_obtained":["Bag of Marbles"]}],"is_beta":false,"boss_relics":[{"not_picked":["Snecko Eye","SlaversCollar"],"picked":"Black Blood"}],"items_purged_floors":[],"is_endless":false,"potions_floor_spawned":[1,7,11,12,18],"killed_by":"Book of Stabbing","ascension_level":3}}