{"host":"qrt7o4dq2qslzw13","time":1612798857,"event":{"mods":["AchievementEnabler","BaseMod","Colored Map","Colored Powertips","Minty Spire (QoL Compilation)","Quick Restart","StSLib","SuperFastMode"],"gold_per_floor":[17,17,28,28,41,41,61,61,61,61,74,93,104,115,115,115,115],"floor_reached":16,"language":"ENG","playtime":298,"items_purged":[],"score":154,"play_id":"09532c7c-5bca-424f-abeb-63939ada9ba8","local_time":"20210208104057","is_ascension_mode":true,"campfire_choices":[{"data":"Poisoned Stab","floor":6.0,"key":"SMITH"},{"data":"Calculated Gamble","floor":10.0,"key":"SMITH"},{"floor":15.0,"key":"REST"}],"circlet_count":0,"master_deck":["AscendersBane","Strike_G","Strike_G","Strike_G","Strike_G","Defend_G","Defend_G","Defend_G","Defend_G","Survivor","Neutralize","Underhanded Strike+1","Dodge and Roll","PiercingWail","Calculated Gamble+1","Poisoned Stab+1","Prepared","Bane","Backflip","Deadly Poison","Die Die Die"],"relics":["Ring of the Snake","Akabeko","Blue Candle"],"acts_visited":["Exordium"],"potions_floor_usage":[16],"damage_taken":[{"damage":7.0,"enemies":"Small Slimes","floor":1.0,"turns":4.0},{"damage":0.0,"enemies":"2 Louse","floor":3.0,"turns":2.0},{"damage":0.0,"enemies":"Cultist","floor":5.0,"turns":3.0},{"damage":0.0,"enemies":"Exordium Wildlife","floor":7.0,"turns":4.0},{"damage":8.0,"enemies":"Looter","floor":11.0,"turns":3.0},{"damage":4.0,"enemies":"Lots of Slimes","floor":12.0,"turns":5.0},{"damage":1.0,"enemies":"Red Slaver","floor":13.0,"turns":3.0},{"damage":16.0,"enemies":"Large Slime","floor":14.0,"turns":6.0},{"damage":51,"enemies":"Hexaghost","floor":16,"turns":11}],"seed_played":"-450661581545395559","potions_obtained":[{"floor":3.0,"key":"Weak Potion"},{"floor":7.0,"key":"CunningPotion"},{"floor":14.0,"key":"Regen Potion"}],"is_trial":false,"path_per_floor":["M","?","M","?","M","R","M","$","T","R","M","M","M","M","R","B"],"character_chosen":"THE_SILENT","items_purchased":[],"campfire_rested":1,"item_purchase_floors":[],"current_hp_per_floor":[56,56,56,44,44,44,44,44,44,44,36,32,31,15,36,0,0],"gold":115,"neow_bonus":"TRANSFORM_TWO_CARDS","is_daily":false,"chose_seed":false,"campfire_upgraded":2,"win_rate":0.0,"timestamp":1612798857,"path_taken":["M","?","M","?","M","R","M","$","T","R","M","M","M","M","R","BOSS"],"items_purchased_type":[],"build_version":"2020-12-22","purchased_purges":0,"victory":false,"max_hp_per_floor":[70,70,70,70,70,70,70,70,70,70,70,70,70,70,70,70,70],"card_choices":[{"not_picked":["Bane","Riddle With Holes"],"picked":"PiercingWail","floor":1.0},{"not_picked":["Dagger Throw","Outmaneuver"],"picked":"Calculated Gamble","floor":3.0},{"not_picked":["Outmaneuver","Backflip"],"picked":"Poisoned Stab","floor":5.0},{"not_picked":["Riddle With Holes","Flechettes"],"picked":"Prepared","floor":7.0},{"not_picked":["Outmaneuver","Sucker Punch"],"picked":"Bane","floor":11.0},{"not_picked":["Finisher","Blade Dance","Backflip"],"picked":"SKIP","floor":12.0},{"not_picked":["Finisher","Blade Dance"],"picked":"Backflip","floor":12.0},{"not_picked":["Deflect","Cloak And Dagger"],"picked":"Deadly Poison","floor":13.0},{"not_picked":["Tactician","Acrobatics"],"picked":"Die Die Die","floor":14.0}],"player_experience":630464,"relics_obtained":[{"floor":9.0,"key":"Blue Candle"}],"event_choices":[{"damage_healed":0.0,"max_hp_gain":0.0,"max_hp_loss":0.0,"gold_gain":0.0,"event_name":"Living Wall","player_choice":"Grow","floor":2.0,"gold_loss":0.0,"damage_taken":0.0,"cards_upgraded":["Underhanded Strike"]},{"damage_healed":0.0,"max_hp_gain":0.0,"max_hp_loss":0.0,"gold_gain":0.0,"event_name":"Scrap Ooze","player_choice":"Success","floor":4.0,"gold_loss":0.0,"damage_taken":12.0,"relics_obtained":["Akabeko"]}],"is_beta":false,"boss_relics":[],"items_purged_floors":[],"is_endless":false,"potions_floor_spawned":[3,7,14],"killed_by":"Hexaghost","ascension_level":12}}