{"host":"pletss163z7s8pvv","time":1612745795,"event":{"mods":["AchievementEnabler","BaseMod","Better Altar","Better Match","Better Note","Better Sensory Stone","Better Skull","Better Third Choice","BetterRewards","CapriCore","ChefMod","Colored Map","Colored Powertips","Conspire","Energized Spire","Evolution","GifTheSpireLib","Hermit","Ironclad Rager","Marked Mod","Minty Spire (QoL Compilation)","Retaliation","Spicy Shops","StS++","StSLib","The Alterego","The Blue Laboratory","The Cursed","The Disciple","The Forsaken"],"gold_per_floor":[10,10,10,10,30,30,57,57,111,111,130,130,150,170,170,271,271,284,284,18,18,18,18,36,46,46,63,63,63],"floor_reached":28,"language":"ENG","playtime":661,"items_purged":["Pain"],"score":268,"play_id":"1e23dd60-09ae-44a6-881d-574bc2125f97","local_time":"20210207185635","is_ascension_mode":false,"campfire_choices":[{"data":"Eruption","floor":6,"key":"SMITH"},{"floor":10,"key":"REST"},{"floor":15,"key":"REST"},{"floor":23,"key":"RECALL"}],"circlet_count":0,"master_deck":["StSpp:LatentStrike","StSpp:LatentStrike","StSpp:LatentStrike","StSpp:LatentStrike","EmptyBody","EmptyBody","EmptyBody","EmptyBody","Eruption+1","Vigilance","Injury","MarkedMod:FirstStrike","Prostrate","MarkedMod:OneThousandNeedles+1","CrushJoints","MarkedMod:Acupuncture","ThirdEye","MarkedMod:ChiBlock+1","FollowUp+1","Decay","BowlingBash","CrushJoints","MarkedMod:Acupuncture+1"],"relics":["PureWater","EVO:Axolotl","Sundial","MarkedMod:AcupunctureKit","energizedSpire:CrystalSphere","StSpp:GiftCard","Juzu Bracelet","Torii"],"acts_visited":["Exordium","TheCity"],"potions_floor_usage":[28,28],"damage_taken":[{"damage":4,"enemies":"Jaw Worm","floor":1,"turns":4},{"damage":5,"enemies":"2 Louse","floor":5,"turns":2},{"damage":22,"enemies":"3 Sentries","floor":7,"turns":12},{"damage":0,"enemies":"Small Slimes","floor":11,"turns":2},{"damage":1,"enemies":"Blue Slaver","floor":13,"turns":3},{"damage":9,"enemies":"3 Louse","floor":14,"turns":3},{"damage":22,"enemies":"The Guardian","floor":16,"turns":8},{"damage":0,"enemies":"Chosen","floor":18,"turns":4},{"damage":9,"enemies":"Shell Parasite","floor":24,"turns":5},{"damage":27,"enemies":"Centurion and Healer","floor":25,"turns":5},{"damage":27,"enemies":"Cultist and Chosen","floor":27,"turns":8},{"damage":19,"enemies":"Slavers","floor":28,"turns":1}],"seed_played":"-8611682251068411237","potions_obtained":[{"floor":1,"key":"LiquidBronze"},{"floor":14,"key":"FearPotion"},{"floor":18,"key":"blueLaboratory:HorrorPotion"},{"floor":27,"key":"Regen Potion"}],"is_trial":false,"path_per_floor":["M","?","?","?","M","R","E","T","T","R","M","?","M","M","R","B",null,"M","?","$","?","?","R","M","M","T","M","E"],"character_chosen":"WATCHER","items_purchased":["StSpp:GiftCard","Juzu Bracelet"],"campfire_rested":2,"item_purchase_floors":[20,20],"current_hp_per_floor":[45,50,50,50,45,45,23,23,23,45,45,45,44,35,57,35,75,75,75,75,75,75,75,66,39,39,12,0,0],"gold":63,"neow_bonus":"WATCHER_SHAOLIN","is_daily":false,"chose_seed":false,"campfire_upgraded":1,"win_rate":0.0,"timestamp":1612745795,"path_taken":["M","?","?","?","M","R","E","?","T","R","M","?","M","M","R","BOSS","M","?","$","?","?","R","M","M","T","M","E"],"items_purchased_type":["Relic","Relic"],"build_version":"2020-12-22","purchased_purges":1,"victory":false,"max_hp_per_floor":[70,75,75,75,75,75,75,75,75,75,75,75,75,75,75,75,75,75,75,75,75,75,75,75,75,75,75,75,75],"card_choices":[{"not_picked":["BowlingBash","Prostrate"],"picked":"MarkedMod:FirstStrike","floor":1},{"not_picked":["StSpp:LatentStrike","Swivel"],"picked":"Prostrate","floor":5},{"not_picked":["Halt","Sanctity"],"picked":"MarkedMod:OneThousandNeedles","floor":7},{"not_picked":["MentalFortress","FlyingSleeves"],"picked":"CrushJoints","floor":11},{"not_picked":["EmptyMind","StSpp:Patience"],"picked":"MarkedMod:Acupuncture","floor":13},{"not_picked":["Indignation","Tantrum"],"picked":"ThirdEye","floor":14},{"not_picked":["StSpp:Patience","LessonLearned"],"picked":"MarkedMod:ChiBlock","floor":16},{"not_picked":["ThirdEye","Evaluate"],"picked":"FollowUp+1","floor":18},{"not_picked":["StSpp:TimeDodge","SignatureMove"],"picked":"BowlingBash","floor":24},{"not_picked":["Perseverance","StSpp:TimeDodge"],"picked":"CrushJoints","floor":25},{"not_picked":["Protect","StSpp:Purify+1"],"picked":"MarkedMod:Acupuncture+1","floor":27}],"player_experience":504863,"relics_obtained":[{"floor":7,"key":"Sundial"},{"floor":9,"key":"MarkedMod:AcupunctureKit"},{"floor":26,"key":"Torii"}],"event_choices":[{"damage_healed":0,"gold_gain":0,"player_choice":"Donut","damage_taken":0,"max_hp_gain":5,"max_hp_loss":0,"event_name":"Big Fish","floor":2,"gold_loss":0},{"damage_healed":0,"gold_gain":0,"player_choice":"Ignored","damage_taken":0,"max_hp_gain":0,"max_hp_loss":0,"event_name":"Golden Wing","floor":3,"gold_loss":0},{"damage_healed":0,"gold_gain":0,"player_choice":"Leave","damage_taken":0,"max_hp_gain":0,"max_hp_loss":0,"event_name":"conspire:Investor","floor":4,"gold_loss":0},{"damage_healed":0,"gold_gain":0,"player_choice":"Cursed","damage_taken":0,"max_hp_gain":0,"max_hp_loss":0,"event_name":"Wheel of Change","floor":19,"gold_loss":0,"cards_obtained":["Decay"]},{"damage_healed":0,"gold_gain":0,"player_choice":"Forge","damage_taken":0,"max_hp_gain":0,"max_hp_loss":0,"event_name":"Accursed Blacksmith","floor":21,"gold_loss":0,"cards_upgraded":["MarkedMod:OneThousandNeedles"]},{"damage_healed":0,"gold_gain":0,"player_choice":"Upgraded","damage_taken":0,"max_hp_gain":0,"max_hp_loss":0,"event_name":"Upgrade Shrine","floor":22,"gold_loss":0,"cards_upgraded":["MarkedMod:ChiBlock"]}],"is_beta":false,"boss_relics":[{"not_picked":["Black Star","conspire:SeveredTorchhead"],"picked":"energizedSpire:CrystalSphere"}],"items_purged_floors":[20],"is_endless":false,"potions_floor_spawned":[1,14,18,27],"killed_by":"Slavers","ascension_level":0}}