{"host":"nsc6ozq3atyrdr3m","time":1612821078,"event":{"mods":["BaseMod","Colored Map","Minty Spire (QoL Compilation)"],"gold_per_floor":[114,132,132,132,207,207,238,250,250,250,250,19,19,53,53,53,53],"floor_reached":16,"language":"FRA","playtime":235,"items_purged":[],"score":138,"play_id":"52f9498f-3270-4b7d-b8f1-d38e030bd289","local_time":"20210208225118","is_ascension_mode":true,"campfire_choices":[{"data":"Bash","floor":6,"key":"SMITH"},{"data":"Inflame","floor":11,"key":"SMITH"},{"floor":15,"key":"REST"}],"circlet_count":0,"master_deck":["Strike_R","Strike_R","Strike_R","Strike_R+1","Strike_R","Defend_R","Defend_R","Defend_R+1","Defend_R","Bash+1","Inflame+1","Flex+1","Bloodletting+1","Regret","Bloodletting+1"],"relics":["Burning Blood","NeowsBlessing","Toxic Egg 2","Eternal Feather","Blue Candle","Chemical X","Potion Belt","Lantern"],"acts_visited":["Exordium"],"potions_floor_usage":[8,14,14,16],"damage_taken":[{"damage":0,"enemies":"Jaw Worm","floor":1,"turns":1},{"damage":0,"enemies":"2 Louse","floor":2,"turns":1},{"damage":0,"enemies":"Lagavulin","floor":7,"turns":1},{"damage":6,"enemies":"Cultist","floor":8,"turns":4},{"damage":33,"enemies":"3 Sentries","floor":14,"turns":9},{"damage":77,"enemies":"The Guardian","floor":16,"turns":9}],"seed_played":"-1226092849658027339","potions_obtained":[{"floor":1,"key":"SpeedPotion"},{"floor":2,"key":"Regen Potion"},{"floor":8,"key":"Fruit Juice"},{"floor":14,"key":"FearPotion"}],"is_trial":false,"path_per_floor":["M","M","?","$","?","R","E","M","T","?","R","$","?","E","R","B"],"character_chosen":"IRONCLAD","items_purchased":["Chemical X","Bloodletting+1"],"campfire_rested":1,"item_purchase_floors":[12,12],"current_hp_per_floor":[80,80,64,64,53,53,59,64,64,46,52,52,52,40,74,0,0],"gold":53,"neow_bonus":"THREE_ENEMY_KILL","is_daily":false,"chose_seed":false,"campfire_upgraded":2,"win_rate":0.0,"timestamp":1612821078,"path_taken":["M","M","?","$","?","R","E","M","T","?","R","$","?","E","R","BOSS"],"items_purchased_type":["Relic","Card"],"build_version":"2020-12-22","purchased_purges":0,"victory":false,"max_hp_per_floor":[80,80,80,80,80,80,80,85,85,85,85,85,85,85,85,85,85],"card_choices":[{"not_picked":["Sever Soul","Metallicize","Clothesline"],"picked":"SKIP","floor":1},{"not_picked":["Bloodletting","Second Wind"],"picked":"Inflame","floor":2},{"not_picked":["Headbutt","Disarm+1"],"picked":"Flex+1","floor":7},{"not_picked":["Searing Blow","Twin Strike","Iron Wave"],"picked":"SKIP","floor":8},{"not_picked":["Dropkick","Uppercut"],"picked":"Bloodletting+1","floor":14}],"player_experience":381902,"relics_obtained":[{"floor":7,"key":"Toxic Egg 2"},{"floor":9,"key":"Eternal Feather"},{"floor":14,"key":"Lantern"}],"event_choices":[{"damage_healed":0,"gold_gain":0,"player_choice":"Entered Light","damage_taken":16,"max_hp_gain":0,"max_hp_loss":0,"event_name":"Shining Light","floor":3,"gold_loss":0,"cards_upgraded":["Defend_R","Strike_R"]},{"damage_healed":0,"gold_gain":75,"player_choice":"Gather Gold","damage_taken":11,"max_hp_gain":0,"max_hp_loss":0,"event_name":"World of Goop","floor":5,"gold_loss":0},{"damage_healed":0,"gold_gain":0,"player_choice":"Success","damage_taken":18,"relics_obtained":["Blue Candle"],"max_hp_gain":0,"max_hp_loss":0,"event_name":"Scrap Ooze","floor":10,"gold_loss":0},{"damage_healed":0,"gold_gain":0,"player_choice":"Box","damage_taken":0,"relics_obtained":["Potion Belt"],"max_hp_gain":0,"max_hp_loss":0,"event_name":"Big Fish","floor":13,"gold_loss":0,"cards_obtained":["Regret"]}],"is_beta":false,"boss_relics":[],"items_purged_floors":[],"is_endless":false,"potions_floor_spawned":[1,2,8,14],"killed_by":"The Guardian","ascension_level":1}}