{"host":"i627ldzjvyz252sa","time":1612768467,"event":{"mods":["BaseMod","Colored Map","Curses Come First","Downfall","Marisa????????","Minty Spire (QoL Compilation)","StSLib","The Bug Knight","The Cursed","The Disciple","The Necromancer","The Servant 0.9.4"],"gold_per_floor":[112,132,82,99,117,148,160,180,180,241,257,257,272,126,126,126,126],"floor_reached":16,"language":"ENG","playtime":1280,"items_purged":["Parasite"],"score":106,"play_id":"2bd1301e-27ab-4993-8163-5d91d5cffc99","local_time":"20210207231427","is_ascension_mode":false,"campfire_choices":[{"data":"HollowMod:SiblingsSouls","floor":15,"key":"SMITH"}],"circlet_count":0,"master_deck":["HollowMod:NailStrikeStart","HollowMod:NailStrikeStart","HollowMod:NailStrikeStart","HollowMod:QuickDashStart","HollowMod:QuickDashStart","HollowMod:QuickDashStart","HollowMod:QuickDashStart","HollowMod:FocusHealStart","HollowMod:PogoStrike","HollowMod:SoulVessel","HollowMod:SharpenedShadows","HollowMod:DescendingDark","HollowMod:SiblingsShadow","HollowMod:ShadowDash","HollowMod:NewLittleFool","HollowMod:SiblingsSouls+1","HollowMod:SiblingsShadow","HollowMod:DreamGate"],"relics":["HollowMod:VesselMask","Ornamental Fan","Bottled Flame"],"acts_visited":["Exordium"],"potions_floor_usage":[],"damage_taken":[{"damage":3,"enemies":"2 Louse","floor":1,"turns":3},{"damage":0,"enemies":"Small Slimes","floor":2,"turns":3},{"damage":11,"enemies":"Jaw Worm","floor":4,"turns":8},{"damage":12,"enemies":"Red Slaver","floor":5,"turns":6},{"damage":33,"enemies":"3 Sentries","floor":6,"turns":6},{"damage":10,"enemies":"Looter","floor":7,"turns":3},{"damage":7,"enemies":"Blue Slaver","floor":8,"turns":4},{"damage":3,"enemies":"2 Fungi Beasts","floor":11,"turns":4},{"damage":0,"enemies":"Gremlin Gang","floor":13,"turns":1},{"damage":37,"enemies":"Slime Boss","floor":16,"turns":3}],"seed_played":"-8118353125484821387","potions_obtained":[{"floor":1,"key":"Dexterity Potion"},{"floor":4,"key":"Ancient Potion"},{"floor":6,"key":"GamblersBrew"}],"is_trial":false,"path_per_floor":["M","M","?","M","M","E","M","M","T","?","M","?","M","$","R","B"],"character_chosen":"THE_BUGKNIGHT","items_purchased":["HollowMod:DreamGate"],"campfire_rested":0,"item_purchase_floors":[14],"current_hp_per_floor":[82,82,82,82,70,37,27,20,20,20,17,37,37,37,37,0,0],"gold":126,"neow_bonus":"TEN_PERCENT_HP_BONUS","is_daily":false,"chose_seed":false,"campfire_upgraded":1,"win_rate":0.0,"timestamp":1612768467,"path_taken":["M","M","?","M","M","E","M","M","T","?","M","?","?","?","R","BOSS"],"items_purchased_type":["Card"],"build_version":"2020-12-22","purchased_purges":1,"victory":false,"max_hp_per_floor":[82,82,82,82,82,82,82,82,82,82,82,82,82,79,79,79,79],"card_choices":[{"not_picked":["HollowMod:WraithStrike","HollowMod:MonarchWings"],"picked":"HollowMod:SoulVessel","floor":1},{"not_picked":["HollowMod:SharpenedNail","HollowMod:TaintedHusks"],"picked":"HollowMod:SharpenedShadows","floor":2},{"not_picked":["HollowMod:HeavyBlow","HollowMod:SoulEater"],"picked":"HollowMod:DescendingDark","floor":4},{"not_picked":["HollowMod:GreatSlash","HollowMod:SoulEater"],"picked":"HollowMod:SiblingsShadow","floor":5},{"not_picked":["HollowMod:TaintedHusks","HollowMod:FastStrike"],"picked":"HollowMod:ShadowDash","floor":6},{"not_picked":["HollowMod:SoulSplash","HollowMod:MawleksShell"],"picked":"HollowMod:NewLittleFool","floor":7},{"not_picked":["HollowMod:TaintedHusks","HollowMod:PureNailStrike"],"picked":"HollowMod:SiblingsSouls","floor":8},{"not_picked":["HollowMod:LifebloodCocoon","HollowMod:Hiveblood"],"picked":"HollowMod:SiblingsShadow","floor":11},{"not_picked":["HollowMod:GreatSlash","HollowMod:MonarchWings","HollowMod:CornifersMapStart"],"picked":"SKIP","floor":13}],"player_experience":153295,"relics_obtained":[{"floor":6,"key":"Ornamental Fan"},{"floor":9,"key":"Bottled Flame"}],"event_choices":[{"cards_removed":["HollowMod:NailStrikeStart"],"damage_healed":0,"gold_gain":0,"player_choice":"Card Removal","damage_taken":0,"max_hp_gain":0,"max_hp_loss":0,"event_name":"The Cleric","floor":3,"gold_loss":50},{"damage_healed":0,"gold_gain":61,"player_choice":"Gained Gold","damage_taken":0,"max_hp_gain":0,"max_hp_loss":0,"event_name":"Golden Wing","floor":10,"gold_loss":0},{"damage_healed":20,"gold_gain":0,"player_choice":"Healed and dodged fight","damage_taken":0,"max_hp_gain":0,"max_hp_loss":0,"event_name":"Mushrooms","floor":12,"gold_loss":0,"cards_obtained":["Parasite"]}],"is_beta":false,"boss_relics":[],"items_purged_floors":[14],"is_endless":false,"potions_floor_spawned":[1,4,6,7,8],"killed_by":"Slime Boss","ascension_level":0}}