{"host":"ga4s3hj9m6nkn6gp","time":1612799982,"event":{"mods":["AchievementEnabler","BaseMod","Bestiary","Colored Powertips","Highlight Path","Minty Spire (QoL Compilation)","Relic Stats","everything is the same but u backflip on backflip"],"gold_per_floor":[115,131,206,223,239,239,267,280,280,297,297,297,297],"floor_reached":12,"language":"ENG","playtime":1120,"items_purged":[],"score":164,"play_id":"6e1430f5-2922-49a3-82a7-47d43f1cca04","local_time":"20210208165942","is_ascension_mode":true,"campfire_choices":[{"data":"Crippling Poison","floor":6,"key":"SMITH"},{"floor":11,"key":"DIG"}],"circlet_count":0,"master_deck":["AscendersBane","Strike_G","Strike_G","Strike_G","Strike_G","Strike_G","Defend_G","Defend_G","Defend_G","Defend_G","Defend_G","Survivor","Neutralize","Sucker Punch","Terror","Crippling Poison+1","Acrobatics","Blade Dance","Venomology","Tactician"],"relics":["Runic Pyramid","Paper Crane","Shovel","WingedGreaves"],"acts_visited":["Exordium"],"potions_floor_usage":[7,7,10],"damage_taken":[{"damage":1,"enemies":"Small Slimes","floor":1,"turns":4},{"damage":7,"enemies":"2 Louse","floor":2,"turns":2},{"damage":0,"enemies":"Cultist","floor":4,"turns":3},{"damage":0,"enemies":"Large Slime","floor":5,"turns":4},{"damage":8,"enemies":"Gremlin Nob","floor":7,"turns":3},{"damage":3,"enemies":"Red Slaver","floor":8,"turns":3},{"damage":10,"enemies":"Exordium Wildlife","floor":10,"turns":4},{"damage":16,"enemies":"3 Sentries","floor":12,"turns":7}],"seed_played":"-9188019961943104119","potions_obtained":[{"floor":1,"key":"GamblersBrew"},{"floor":5,"key":"CunningPotion"},{"floor":7,"key":"CunningPotion"}],"is_trial":false,"path_per_floor":["M","M","?","M","M","R","E","M","T","M","R","E"],"character_chosen":"THE_SILENT","items_purchased":[],"campfire_rested":0,"item_purchase_floors":[],"current_hp_per_floor":[58,51,40,40,40,40,32,29,29,19,19,3,3],"gold":297,"neow_bonus":"BOSS_RELIC","is_daily":false,"chose_seed":false,"campfire_upgraded":1,"win_rate":0.0,"timestamp":1612799982,"path_taken":["M","M","?","M","M","R","E","M","T","M","R","E"],"items_purchased_type":[],"build_version":"2020-12-22","purchased_purges":0,"victory":false,"max_hp_per_floor":[66,66,66,66,66,66,66,66,66,66,66,66,66],"relic_stats":{"Shovel":1,"counters":[8,30],"obtain_stats":[{"Shovel":9,"WingedGreaves":11,"Paper Crane":7,"Ring of the Snake":0,"Runic Pyramid":0},{"Shovel":6,"WingedGreaves":7,"Paper Crane":5,"Ring of the Snake":0,"Runic Pyramid":0},{"Shovel":19,"WingedGreaves":23,"Paper Crane":16,"Ring of the Snake":0,"Runic Pyramid":0}]},"card_choices":[{"not_picked":["Accuracy","Caltrops"],"picked":"Sucker Punch","floor":1},{"not_picked":["Dodge and Roll","Poisoned Stab"],"picked":"Terror","floor":2},{"not_picked":["Masterful Stab","Dagger Throw"],"picked":"Crippling Poison","floor":4},{"not_picked":["Deadly Poison","Dodge and Roll"],"picked":"Acrobatics","floor":5},{"not_picked":["Acrobatics","Underhanded Strike"],"picked":"Blade Dance","floor":7},{"not_picked":["Bouncing Flask","Escape Plan"],"picked":"Venomology","floor":8},{"not_picked":["Dash","Endless Agony"],"picked":"Tactician","floor":10}],"player_experience":753049,"relics_obtained":[{"floor":7,"key":"Paper Crane"},{"floor":9,"key":"Shovel"},{"floor":11,"key":"WingedGreaves"}],"event_choices":[{"damage_healed":0,"gold_gain":75,"player_choice":"Gather Gold","damage_taken":11,"max_hp_gain":0,"max_hp_loss":0,"event_name":"World of Goop","floor":3,"gold_loss":0}],"is_beta":false,"boss_relics":[],"items_purged_floors":[],"is_endless":false,"potions_floor_spawned":[1,5,7],"killed_by":"3 Sentries","ascension_level":20}}