{"host":"2dp3t1i5s6bd92af","time":1612826197,"event":{"mods":["BaseMod","Colored Powertips","Hermit","Jorbs\u0027s Wanderer Trilogy","Minty Spire (QoL Compilation)","Reliquary","StSLib"],"gold_per_floor":[217,217,217,217,236,236,248,277,277,305,305,82,113,182,182,283,283,296,395,414,128,43,70,70,81,130,130,130,147,165,195,195,195,195],"floor_reached":33,"language":"ZHS","playtime":1427,"items_purged":["hermit:Strike_Hermit"],"score":326,"play_id":"73eb7d59-8255-4bd3-93c6-bb50695dab2d","local_time":"20210209071637","is_ascension_mode":false,"campfire_choices":[{"data":"hermit:Roughhouse","floor":6,"key":"SMITH"},{"data":"hermit:Strike_Hermit","floor":11,"key":"PURGE"},{"data":"hermit:Strike_Hermit","floor":15,"key":"PURGE"},{"data":"hermit:Magnum","floor":24,"key":"SMITH"},{"data":"hermit:Strike_Hermit","floor":28,"key":"PURGE"},{"data":"hermit:Covet","floor":32,"key":"PURGE"}],"circlet_count":0,"master_deck":["hermit:Defend_Hermit","hermit:Defend_Hermit","hermit:Defend_Hermit","hermit:PistolWhip","hermit:ShadowCloak","hermit:Roughhouse+1","hermit:ShadowCloak","hermit:Roughhouse+1","hermit:Magnum+1","hermit:Quickdraw","hermit:Deadeye+1","hermit:FlashPowder+1"],"relics":["hermit:Momento","StoneCalendar","Unceasing Top","Peace Pipe","reliquary:SharkskinSheath","DollysMirror","Thread and Needle","reliquary:Ember","Calipers","Omamori","Ancient Tea Set","reliquary:Stiletto","Bag of Preparation"],"acts_visited":["Exordium","TheCity"],"potions_floor_usage":[31,31,33],"damage_taken":[{"damage":0,"enemies":"Cultist","floor":1,"turns":4},{"damage":5,"enemies":"Small Slimes","floor":5,"turns":3},{"damage":6,"enemies":"Jaw Worm","floor":7,"turns":3},{"damage":18,"enemies":"Lagavulin","floor":8,"turns":6},{"damage":15,"enemies":"Gremlin Nob","floor":10,"turns":4},{"damage":16,"enemies":"Lagavulin","floor":13,"turns":6},{"damage":2,"enemies":"Hexaghost","floor":16,"turns":7},{"damage":11,"enemies":"Spheric Guardian","floor":18,"turns":4},{"damage":6,"enemies":"Shell Parasite","floor":20,"turns":3},{"damage":2,"enemies":"Book of Stabbing","floor":23,"turns":6},{"damage":8,"enemies":"Sentry and Sphere","floor":25,"turns":4},{"damage":0,"enemies":"Centurion and Healer","floor":29,"turns":4},{"damage":18,"enemies":"Cultist and Chosen","floor":30,"turns":7},{"damage":0,"enemies":"Slavers","floor":31,"turns":5},{"damage":34,"enemies":"Automaton","floor":33,"turns":6}],"seed_played":"5260241046240156410","potions_obtained":[{"floor":1,"key":"CultistPotion"},{"floor":13,"key":"SmokeBomb"},{"floor":23,"key":"BlessingOfTheForge"},{"floor":25,"key":"PowerPotion"}],"is_trial":false,"path_per_floor":["M","?","?","?","M","R","M","E","T","E","R","$","E","T","R","B",null,"M","?","M","$","?","E","R","M","T","?","R","M","M","E","R","B"],"character_chosen":"HERMIT","items_purchased":["DollysMirror","Calipers"],"campfire_rested":0,"item_purchase_floors":[12,21],"current_hp_per_floor":[75,75,68,68,63,63,57,39,39,24,24,24,8,8,8,6,75,64,64,58,58,58,56,56,48,48,48,48,48,30,30,30,0,0],"gold":195,"neow_bonus":"HUNDRED_GOLD","is_daily":false,"chose_seed":false,"campfire_upgraded":2,"win_rate":0.0,"timestamp":1612826197,"path_taken":["M","?","?","?","?","R","?","E","T","E","R","$","E","?","R","BOSS","M","?","M","$","?","E","R","M","T","?","R","?","M","E","R","BOSS"],"items_purchased_type":["Relic","Relic"],"build_version":"2020-12-22","purchased_purges":1,"victory":false,"max_hp_per_floor":[75,75,75,75,75,75,75,75,75,75,75,75,75,75,75,75,75,75,75,75,75,75,75,75,75,75,75,75,75,75,75,75,75,75],"card_choices":[{"not_picked":["hermit:Virtue","hermit:SprayPray"],"picked":"hermit:PistolWhip","floor":1},{"not_picked":["hermit:Roulette","hermit:Ricochet","hermit:SprayPray"],"picked":"SKIP","floor":5},{"not_picked":["hermit:Grudge","hermit:Headshot","hermit:Snipe"],"picked":"SKIP","floor":7},{"not_picked":["hermit:Glare","hermit:Roulette"],"picked":"hermit:ShadowCloak","floor":8},{"not_picked":["hermit:Horror","hermit:TakeCover","hermit:Ricochet"],"picked":"SKIP","floor":10},{"not_picked":["hermit:BigShot","hermit:Misfire","hermit:WideOpen"],"picked":"SKIP","floor":13},{"not_picked":["hermit:FinalCanter","hermit:FromBeyond"],"picked":"hermit:Magnum","floor":16},{"not_picked":["hermit:NoHoldsBarred","hermit:HighCaliber"],"picked":"hermit:Quickdraw","floor":18},{"not_picked":["hermit:Manifest+1","hermit:Virtue"],"picked":"hermit:Deadeye+1","floor":20},{"not_picked":["hermit:Virtue","hermit:Cheat"],"picked":"hermit:FlashPowder+1","floor":23},{"not_picked":["hermit:Desperado+1","hermit:Headshot","hermit:Feint"],"picked":"SKIP","floor":25},{"not_picked":["hermit:Roulette+1","hermit:Vantage","hermit:Misfire+1"],"picked":"SKIP","floor":29},{"not_picked":["hermit:Horror+1","hermit:Coalescence","hermit:Roughhouse"],"picked":"SKIP","floor":30},{"not_picked":["hermit:Gambit","hermit:Ricochet+1","hermit:FullyLoaded+1"],"picked":"SKIP","floor":31}],"player_experience":438720,"relics_obtained":[{"floor":8,"key":"Unceasing Top"},{"floor":9,"key":"Peace Pipe"},{"floor":10,"key":"reliquary:SharkskinSheath"},{"floor":13,"key":"Thread and Needle"},{"floor":23,"key":"Ancient Tea Set"},{"floor":26,"key":"reliquary:Stiletto"},{"floor":31,"key":"Bag of Preparation"}],"event_choices":[{"damage_healed":0,"gold_gain":0,"cards_transformed":["hermit:Defend_Hermit"],"player_choice":"Change","damage_taken":0,"max_hp_gain":0,"max_hp_loss":0,"event_name":"Living Wall","floor":2,"gold_loss":0,"cards_obtained":["hermit:ShadowCloak"]},{"damage_healed":0,"gold_gain":0,"player_choice":"Success","damage_taken":7,"relics_obtained":["StoneCalendar"],"max_hp_gain":0,"max_hp_loss":0,"event_name":"Scrap Ooze","floor":3,"gold_loss":0},{"damage_healed":0,"gold_gain":0,"player_choice":"1 cards matched","damage_taken":0,"max_hp_gain":0,"max_hp_loss":0,"event_name":"Match and Keep!","floor":4,"gold_loss":0,"cards_obtained":["hermit:Roughhouse"]},{"damage_healed":0,"gold_gain":99,"player_choice":"Stole From Cult","damage_taken":0,"max_hp_gain":0,"max_hp_loss":0,"event_name":"Nest","floor":19,"gold_loss":0},{"damage_healed":0,"gold_gain":0,"player_choice":"Obtained Relic","damage_taken":0,"relics_obtained":["Omamori"],"max_hp_gain":0,"max_hp_loss":0,"event_name":"Addict","floor":22,"gold_loss":85},{"cards_removed":["hermit:Snapshot"],"damage_healed":0,"gold_gain":0,"player_choice":"Offered Basic","damage_taken":0,"max_hp_gain":0,"max_hp_loss":0,"event_name":"Bonfire Elementals","floor":27,"gold_loss":0}],"is_beta":false,"boss_relics":[{"not_picked":["hermit:BartenderGlass","hermit:ClaspedLocket"],"picked":"reliquary:Ember"}],"items_purged_floors":[12],"is_endless":false,"potions_floor_spawned":[1,13,23,25,30],"killed_by":"Automaton","ascension_level":0}}