{"host":"ijtyqc57s6c9mbij","time":1612814628,"event":{"mods":["AchievementEnabler","BaseMod","Colored Map","Minty Spire (QoL Compilation)","StSLib"],"gold_per_floor":[218,218,238,253,428,428,438,473,473,490,501,514,534,545,545,644,644,663,135,135,60,60,60,89,106,106,135,135,160,160,13,13,109,109,121,140,153,203,213,213,213],"floor_reached":40,"language":"ENG","playtime":6827,"items_purged":["Doubt"],"score":500,"play_id":"44c1dcf1-d861-48bb-841d-47e7028b23ed","local_time":"20210208120348","is_ascension_mode":false,"campfire_choices":[{"data":"Aggregate","floor":6,"key":"SMITH"},{"data":"Creative AI","floor":15,"key":"SMITH"},{"data":"Echo Form","floor":23,"key":"SMITH"},{"floor":28,"key":"REST"},{"floor":30,"key":"REST"},{"data":"Streamline","floor":32,"key":"SMITH"}],"circlet_count":0,"master_deck":["Strike_B+1","Strike_B+1","Strike_B+1","Defend_B+1","Defend_B+1","Defend_B+1","Defend_B+1","Zap","Dualcast","Sweeping Beam","Defragment","Aggregate+1","Go for the Eyes","Static Discharge","Creative AI+1","Steam","Conserve Battery","Electrodynamics","Streamline+1","Echo Form+1","Turbo","Compile Driver+1","Ball Lightning","Clumsy","Self Repair","Core Surge","Rainbow","CurseOfTheBell","Cold Snap+1","Conserve Battery+1","Reinforced Body+1","Sunder+1","Capacitor+1"],"relics":["Cracked Core","Lizard Tail","Sundial","Cursed Key","Turnip","Regal Pillow","MutagenicStrength","Symbiotic Virus","Shuriken","Bottled Flame","Mango","Lantern","Calling Bell","Darkstone Periapt","Strawberry","Ice Cream","Gambling Chip"],"acts_visited":["Exordium","TheCity","TheBeyond"],"potions_floor_usage":[12,13,18,33,38,40],"damage_taken":[{"damage":1,"enemies":"Jaw Worm","floor":1,"turns":3},{"damage":0,"enemies":"Small Slimes","floor":3,"turns":3},{"damage":0,"enemies":"2 Louse","floor":4,"turns":2},{"damage":12,"enemies":"Blue Slaver","floor":7,"turns":3},{"damage":24,"enemies":"3 Sentries","floor":8,"turns":5},{"damage":3,"enemies":"Lots of Slimes","floor":10,"turns":2},{"damage":8,"enemies":"Exordium Wildlife","floor":11,"turns":4},{"damage":2,"enemies":"Blue Slaver","floor":12,"turns":4},{"damage":9,"enemies":"Large Slime","floor":13,"turns":5},{"damage":1,"enemies":"3 Louse","floor":14,"turns":3},{"damage":19,"enemies":"Hexaghost","floor":16,"turns":7},{"damage":13,"enemies":"Shell Parasite","floor":18,"turns":5},{"damage":0,"enemies":"Gremlin Leader","floor":24,"turns":5},{"damage":8,"enemies":"Spheric Guardian","floor":25,"turns":4},{"damage":42,"enemies":"Book of Stabbing","floor":27,"turns":4},{"damage":22,"enemies":"Gremlin Leader","floor":29,"turns":5},{"damage":25,"enemies":"Champ","floor":33,"turns":8},{"damage":7,"enemies":"Orb Walker","floor":35,"turns":4},{"damage":15,"enemies":"3 Darklings","floor":36,"turns":5},{"damage":12,"enemies":"4 Shapes","floor":37,"turns":4},{"damage":21,"enemies":"Mind Bloom Boss Battle","floor":38,"turns":6},{"damage":23,"enemies":"Maw","floor":39,"turns":7},{"damage":53,"enemies":"Giant Head","floor":40,"turns":7}],"seed_played":"18635541880094140","potions_obtained":[{"floor":3,"key":"PotionOfCapacity"},{"floor":11,"key":"LiquidMemories"},{"floor":12,"key":"Ancient Potion"},{"floor":13,"key":"LiquidMemories"},{"floor":14,"key":"SneckoOil"},{"floor":18,"key":"PotionOfCapacity"},{"floor":36,"key":"DistilledChaos"},{"floor":38,"key":"BlessingOfTheForge"},{"floor":39,"key":"PowerPotion"}],"is_trial":false,"path_per_floor":["M","?","M","M","?","R","M","E","T","M","M","M","M","M","R","B",null,"M","$","?","?","?","R","E","M","T","E","R","E","R","$","R","B",null,"M","M","M","?","M","E"],"character_chosen":"DEFECT","items_purchased":["Turnip","Regal Pillow","Lantern"],"campfire_rested":2,"item_purchase_floors":[19,19,31],"current_hp_per_floor":[74,59,59,59,59,59,47,23,23,20,12,10,1,37,37,18,75,62,62,62,62,62,62,62,54,54,12,49,48,89,89,89,64,96,96,88,76,62,46,0,0],"gold":213,"neow_bonus":"HUNDRED_GOLD","is_daily":false,"chose_seed":false,"campfire_upgraded":4,"win_rate":0.0,"timestamp":1612814628,"path_taken":["M","?","M","M","?","R","M","E","T","M","M","M","M","M","R","BOSS","M","$","?","?","?","R","E","M","T","E","R","E","R","?","R","BOSS","M","M","?","?","M","E"],"items_purchased_type":["Relic","Relic","Relic"],"build_version":"2020-12-22","purchased_purges":1,"victory":false,"max_hp_per_floor":[75,75,75,75,75,75,75,75,75,75,75,75,75,75,75,75,75,75,75,75,75,75,75,75,75,75,75,75,89,89,89,89,89,96,96,96,96,96,96,96,96],"card_choices":[{"not_picked":["Stack","Chaos"],"picked":"Sweeping Beam","floor":1},{"not_picked":["Conserve Battery","Cold Snap"],"picked":"Defragment","floor":3},{"not_picked":["Conserve Battery","Barrage"],"picked":"Aggregate","floor":4},{"not_picked":["Sweeping Beam","Rebound"],"picked":"Go for the Eyes","floor":7},{"not_picked":["Chill","Streamline"],"picked":"Static Discharge","floor":8},{"not_picked":["Coolheaded","Cold Snap"],"picked":"Creative AI","floor":10},{"not_picked":["Scrape","Gash"],"picked":"Steam","floor":11},{"not_picked":["Streamline","Leap"],"picked":"Conserve Battery","floor":12},{"not_picked":["Compile Driver","Streamline"],"picked":"Electrodynamics","floor":13},{"not_picked":["Conserve Battery","Leap"],"picked":"Streamline","floor":14},{"not_picked":["Multi-Cast","Reboot"],"picked":"Echo Form","floor":16},{"not_picked":["Skim","Storm"],"picked":"Turbo","floor":18},{"not_picked":["Rebound","Gash"],"picked":"Compile Driver+1","floor":24},{"not_picked":["Rebound+1","Leap"],"picked":"Ball Lightning","floor":25},{"not_picked":["Steam","Redo"],"picked":"Self Repair","floor":27},{"not_picked":["Conserve Battery+1","Sweeping Beam"],"picked":"Core Surge","floor":29},{"not_picked":["Creative AI","Amplify"],"picked":"Rainbow","floor":33},{"not_picked":["Rebound+1","Gash+1"],"picked":"Cold Snap+1","floor":35},{"not_picked":["Steam+1","Turbo+1"],"picked":"Conserve Battery+1","floor":36},{"not_picked":["Force Field+1","Leap"],"picked":"Reinforced Body+1","floor":37},{"not_picked":["Gash+1","Compile Driver"],"picked":"Sunder+1","floor":38},{"not_picked":["Cold Snap","Coolheaded+1"],"picked":"Capacitor+1","floor":39}],"player_experience":834459,"relics_obtained":[{"floor":8,"key":"Lizard Tail"},{"floor":9,"key":"Sundial"},{"floor":24,"key":"Symbiotic Virus"},{"floor":26,"key":"Shuriken"},{"floor":27,"key":"Bottled Flame"},{"floor":29,"key":"Mango"},{"floor":34,"key":"Darkstone Periapt"},{"floor":34,"key":"Strawberry"},{"floor":34,"key":"Ice Cream"},{"floor":38,"key":"Gambling Chip"}],"event_choices":[{"damage_healed":0,"gold_gain":0,"player_choice":"Entered Light","damage_taken":15,"max_hp_gain":0,"max_hp_loss":0,"event_name":"Shining Light","floor":2,"gold_loss":0,"cards_upgraded":["Defend_B","Strike_B"]},{"damage_healed":0,"gold_gain":175,"player_choice":"AGREE","damage_taken":0,"max_hp_gain":0,"max_hp_loss":0,"event_name":"Liars Game","floor":5,"gold_loss":0,"cards_obtained":["Doubt"]},{"damage_healed":0,"gold_gain":0,"player_choice":"Simplicity","damage_taken":0,"max_hp_gain":0,"max_hp_loss":0,"event_name":"Back to Basics","floor":20,"gold_loss":0,"cards_upgraded":["Strike_B","Strike_B","Strike_B","Defend_B","Defend_B","Defend_B"]},{"cards_removed":["Strike_B"],"damage_healed":0,"gold_gain":0,"player_choice":"Gave Gold","damage_taken":0,"max_hp_gain":0,"max_hp_loss":0,"event_name":"Beggar","floor":21,"gold_loss":75},{"damage_healed":0,"gold_gain":0,"player_choice":"Inject Mutagens","damage_taken":0,"relics_obtained":["MutagenicStrength"],"max_hp_gain":0,"max_hp_loss":0,"event_name":"Drug Dealer","floor":22,"gold_loss":0},{"damage_healed":0,"gold_gain":0,"player_choice":"Fight","damage_taken":0,"max_hp_gain":0,"max_hp_loss":0,"event_name":"MindBloom","floor":38,"gold_loss":0}],"is_beta":false,"boss_relics":[{"not_picked":["Runic Dome","Black Star"],"picked":"Cursed Key"},{"not_picked":["Empty Cage","Tiny House"],"picked":"Calling Bell"}],"items_purged_floors":[19],"is_endless":false,"potions_floor_spawned":[3,11,12,13,14,18,25,27,36,38,39],"killed_by":"Giant Head","ascension_level":0}}