{"host":"188x3om7sf6mgxv1","time":1612757242,"event":{"mods":["BaseMod","Block Reminder","Jorbs\u0027s Wanderer Trilogy","Minty Spire (QoL Compilation)","Relic Stats","StSLib"],"gold_per_floor":[99,99,99,99,99,99,99,99,99,99,99,99,24,24,24,24,24,24,24,24,0,0,0,0],"floor_reached":23,"language":"ENG","playtime":669,"items_purged":["Strike_R"],"score":236,"play_id":"ba097811-42d3-4298-a0d2-ddf8debe1ac8","local_time":"20210207230722","is_ascension_mode":true,"campfire_choices":[{"data":"Whirlwind","floor":7,"key":"SMITH"},{"floor":10,"key":"REST"},{"data":"Demon Form","floor":15,"key":"SMITH"}],"circlet_count":0,"master_deck":["Strike_R","Strike_R","Strike_R","Defend_R","Defend_R","Defend_R","Defend_R","Bash","Pommel Strike","Thunderclap","Inflame","Whirlwind+1","Armaments","Feed+1","Anger+1","Demon Form+1","Immolate+1","True Grit","Dual Wield","Anger+1"],"relics":["Ectoplasm","Molten Egg 2","Peace Pipe","Unceasing Top","Sozu"],"acts_visited":["Exordium","TheCity"],"potions_floor_usage":[],"damage_taken":[{"damage":1,"enemies":"Cultist","floor":1,"turns":3},{"damage":0,"enemies":"Small Slimes","floor":2,"turns":2},{"damage":2,"enemies":"Jaw Worm","floor":3,"turns":2},{"damage":16,"enemies":"Gremlin Gang","floor":4,"turns":4},{"damage":25,"enemies":"Lagavulin","floor":6,"turns":5},{"damage":9,"enemies":"Red Slaver","floor":8,"turns":2},{"damage":8,"enemies":"Exordium Thugs","floor":12,"turns":2},{"damage":5,"enemies":"3 Sentries","floor":14,"turns":5},{"damage":20,"enemies":"Hexaghost","floor":16,"turns":7},{"damage":12,"enemies":"Shell Parasite","floor":18,"turns":3},{"damage":0,"enemies":"3 Byrds","floor":19,"turns":5},{"damage":0,"enemies":"Sentry and Sphere","floor":20,"turns":3},{"damage":53,"enemies":"Snake Plant","floor":22,"turns":5},{"damage":28,"enemies":"Book of Stabbing","floor":23,"turns":2}],"seed_played":"-6497140046163837475","potions_obtained":[{"floor":3,"key":"Strength Potion"},{"floor":12,"key":"SpeedPotion"},{"floor":14,"key":"DuplicationPotion"}],"is_trial":false,"path_per_floor":["M","M","M","M","?","E","R","M","T","R","?","M","$","E","R","B",null,"M","M","M","$","M","E"],"character_chosen":"IRONCLAD","items_purchased":["Anger+1"],"campfire_rested":1,"item_purchase_floors":[21],"current_hp_per_floor":[79,79,77,61,61,36,36,27,27,51,51,47,47,46,46,30,92,80,80,80,80,27,0,0],"gold":0,"neow_bonus":"BOSS_RELIC","is_daily":false,"chose_seed":false,"campfire_upgraded":2,"win_rate":0.0,"timestamp":1612757242,"path_taken":["M","M","?","M","?","E","R","M","T","R","?","M","$","E","R","BOSS","M","M","?","?","?","E"],"items_purchased_type":["Card"],"build_version":"2020-12-22","purchased_purges":1,"victory":false,"max_hp_per_floor":[80,80,80,80,80,80,80,80,80,80,80,84,84,88,88,92,92,92,92,92,92,92,92,92],"relic_stats":{"Peace Pipe":0,"Sozu":1,"counters":[14,50],"Ectoplasm":318,"obtain_stats":[{"Peace Pipe":9,"Sozu":17,"Molten Egg 2":6,"Ectoplasm":0,"Burning Blood":0,"Unceasing Top":14},{"Peace Pipe":6,"Sozu":9,"Molten Egg 2":5,"Ectoplasm":0,"Burning Blood":0,"Unceasing Top":8},{"Peace Pipe":18,"Sozu":32,"Molten Egg 2":16,"Ectoplasm":0,"Burning Blood":0,"Unceasing Top":25}],"Unceasing Top":[5]},"card_choices":[{"not_picked":["Sword Boomerang","Burning Pact"],"picked":"Pommel Strike","floor":1},{"not_picked":["Cleave","Disarm"],"picked":"Thunderclap","floor":2},{"not_picked":["Entrench","Seeing Red"],"picked":"Inflame","floor":3},{"not_picked":["Warcry","Pommel Strike"],"picked":"Whirlwind","floor":4},{"not_picked":["Havoc","Thunderclap+1"],"picked":"Armaments","floor":6},{"not_picked":["Heavy Blade+1","Flex"],"picked":"Feed+1","floor":8},{"not_picked":["Pommel Strike+1","Flex","Clash+1"],"picked":"SKIP","floor":12},{"not_picked":["Evolve","Feel No Pain"],"picked":"Demon Form","floor":14},{"not_picked":["Berserk","Impervious"],"picked":"Immolate+1","floor":16},{"not_picked":["Clothesline+1","Thunderclap+1"],"picked":"True Grit","floor":18},{"not_picked":["Headbutt+1","Warcry","Carnage+1"],"picked":"SKIP","floor":19},{"not_picked":["Perfected Strike+1","Clothesline+1"],"picked":"Dual Wield","floor":20},{"not_picked":["Dark Embrace","Iron Wave+1","Clothesline+1"],"picked":"SKIP","floor":22}],"player_experience":24771,"relics_obtained":[{"floor":6,"key":"Molten Egg 2"},{"floor":9,"key":"Peace Pipe"},{"floor":14,"key":"Unceasing Top"}],"event_choices":[{"damage_healed":0,"gold_gain":0,"player_choice":"Ignored","damage_taken":0,"max_hp_gain":0,"max_hp_loss":0,"event_name":"Liars Game","floor":5,"gold_loss":0},{"damage_healed":0,"gold_gain":0,"cards_transformed":["Strike_R"],"player_choice":"Transformed","damage_taken":0,"max_hp_gain":0,"max_hp_loss":0,"event_name":"Transmorgrifier","floor":11,"gold_loss":0,"cards_obtained":["Anger"]}],"is_beta":false,"boss_relics":[{"not_picked":["Runic Cube","Runic Dome"],"picked":"Sozu"}],"items_purged_floors":[13],"is_endless":false,"potions_floor_spawned":[3,12,14,18],"killed_by":"Book of Stabbing","ascension_level":3}}