{"host":"73d8rifeuddaa4ev","time":1612799675,"event":{"mods":["Act Like it!","Ascension Reborn","Aspiration","BaseMod","BetterRewards","Challenge The Spire","Colored Map","Colored Powertips","Conspire","Downfall","Jedi Mod","Lobotomy","LobotomyExtend","Minty Spire (QoL Compilation)","Quarter Circle Forward PUNCH!","Quick Restart","Relic Stats","Replay The Spire","RumiaBox-露米娅的神秘盒子","Shop Mod","StSLib","TestMod","[IsaacMod]以撒尖塔","【功能Mod】混沌之环修复补丁","【功能Mod】聪明的最终Boss"],"gold_per_floor":[109,129,147,161,176,208,208,235,235,235,160,160,60,71,71,166,166,166,166],"floor_reached":18,"language":"ZHS","playtime":1579,"items_purged":["Strike_R","Strike_R"],"score":197,"play_id":"7f20a2aa-0c70-40d8-8476-840e1dc16091","local_time":"20210208235435","is_ascension_mode":true,"campfire_choices":[{"data":"Combust","floor":7,"key":"SMITH"},{"data":"Armaments","floor":10,"key":"SMITH"},{"data":"Armaments","floor":12,"key":"SMITH"},{"data":"ReplayTheSpireMod:Stacked","floor":15,"key":"SMITH"}],"circlet_count":0,"master_deck":["Strike_R","Strike_R","Defend_R","Defend_R","Defend_R","Defend_R","Bash","DoctorFetus","Armaments+1","Armaments+1","Combust+1","ReplayTheSpireMod:Stacked+1","Inflame","Inflame","Metallicize","Demon Form","Hemogenesis"],"relics":["Burning Blood","testmod-TestBox","HushsDoor","testmod-IncinerationGenerator","HowToJump","Baka","LetterFromLob","AddBug","SecretRecord","SecretRecord"],"acts_visited":["Exordium","TheCity"],"potions_floor_usage":[16,16,16],"damage_taken":[{"damage":0,"enemies":"2 Louse","floor":1,"turns":4},{"damage":23,"enemies":"Cultist","floor":2,"turns":4},{"damage":2,"enemies":"Small Slimes","floor":3,"turns":4},{"damage":4,"enemies":"Looter","floor":4,"turns":3},{"damage":4,"enemies":"Exordium Wildlife","floor":5,"turns":2},{"damage":0,"enemies":"Gremlin Nob","floor":6,"turns":1},{"damage":11,"enemies":"3 Sentries","floor":8,"turns":3},{"damage":7,"enemies":"3 Louse","floor":14,"turns":2},{"damage":82,"enemies":"Fading Forest","floor":16,"turns":11}],"seed_played":"6991170169855550480","potions_obtained":[{"floor":2,"key":"Block Potion"},{"floor":5,"key":"Milkshake"},{"floor":6,"key":"jedi:tentaclejuice"}],"is_trial":false,"path_per_floor":["M","M","M","M","M","E","R","E","T","R","$","R","$","M","R","B",null,"M"],"character_chosen":"IRONCLAD","items_purchased":[],"campfire_rested":0,"item_purchase_floors":[],"current_hp_per_floor":[80,80,80,76,80,80,80,75,75,75,75,75,75,74,74,7,80,0,0],"gold":166,"neow_bonus":"RANDOM_EVENT","is_daily":false,"chose_seed":false,"campfire_upgraded":4,"win_rate":0.0,"timestamp":1612799675,"path_taken":["M","M","M","M","M","E","R","E","T","R","$","R","$","?","R","BOSS","M"],"items_purchased_type":[],"build_version":"2020-12-22","purchased_purges":2,"victory":false,"max_hp_per_floor":[80,80,80,80,80,80,80,80,80,80,80,80,80,80,80,80,80,1,1],"relic_stats":{"counters":[9,34],"obtain_stats":[{"KeepersGift":0,"testmod-TestBox":0,"HowToJump":0,"testmod-IncinerationGenerator":0,"AddBug":1,"SecretRecord":1,"Baka":1,"LetterFromLob":1,"HushsDoor":0,"Burning Blood":0},{"KeepersGift":0,"testmod-TestBox":0,"HowToJump":0,"testmod-IncinerationGenerator":0,"AddBug":1,"SecretRecord":1,"Baka":1,"LetterFromLob":1,"HushsDoor":0,"Burning Blood":0},{"KeepersGift":0,"testmod-TestBox":0,"HowToJump":0,"testmod-IncinerationGenerator":0,"AddBug":4,"SecretRecord":4,"Baka":4,"LetterFromLob":4,"HushsDoor":0,"Burning Blood":0}],"Burning Blood":27},"card_choices":[{"not_picked":[],"picked":"DoctorFetus","floor":0},{"not_picked":["Uppercut","Clash"],"picked":"Armaments","floor":1},{"not_picked":["Sword Boomerang","Replay:Undeath\u0027s Touch"],"picked":"Armaments","floor":2},{"not_picked":["ReplayTheSpireMod:LeadingStrike","Thunderclap"],"picked":"Combust","floor":2},{"not_picked":["Clothesline","Flex","Pommel Strike"],"picked":"SKIP","floor":2},{"not_picked":["Abandon","Searing Blow","conspire:HitWhereItHurts"],"picked":"SKIP","floor":2},{"not_picked":["Twin Strike","jedi:fear"],"picked":"ReplayTheSpireMod:Stacked","floor":3},{"not_picked":["jedi:collectorstrike","Power Through"],"picked":"Inflame","floor":4},{"not_picked":["Clothesline","Body Slam"],"picked":"Inflame","floor":5},{"not_picked":["Warcry","Body Slam","Sword Boomerang"],"picked":"SKIP","floor":6},{"not_picked":["Carnage","Headbutt"],"picked":"Metallicize","floor":8},{"not_picked":["Thunderclap","Sword Boomerang"],"picked":"Demon Form","floor":14},{"not_picked":["Corruption","conspire:Purge"],"picked":"Hemogenesis","floor":16}],"player_experience":1903,"relics_obtained":[{"floor":1,"key":"Baka"},{"floor":1,"key":"LetterFromLob"},{"floor":1,"key":"AddBug"},{"floor":2,"key":"Pocketwatch"},{"floor":6,"key":"testmod-BalancedPeriapt"},{"floor":8,"key":"testmod-ArcanaOfDestiny"},{"floor":9,"key":"TuHaoJin"},{"floor":16,"key":"SecretRecord"}],"event_choices":[],"is_beta":false,"boss_relics":[{"not_picked":["aspiration:DefectSkillbook","Ring of Chaos"],"picked":"aspiration:RunicSpoon"},{"not_picked":[]}],"items_purged_floors":[11,13],"is_endless":false,"potions_floor_spawned":[2,5,6],"ascension_level":0}}