{"host":"rolltorest","time":1612824018,"event":{"mods":["BaseMod","Minty Spire (QoL Compilation)","Relic Stats","Slay the Relics Exporter","StSLib"],"gold_per_floor":[117,133,283,283,297,297,338,338,338,338,206,206,206],"floor_reached":12,"language":"ENG","playtime":261,"items_purged":["Strike_R"],"score":152,"play_id":"e0794709-a54c-43f0-b66b-6cba477d0479","local_time":"20210208144018","is_ascension_mode":true,"campfire_choices":[{"data":"Hemokinesis","floor":6,"key":"SMITH"},{"data":"Disarm","floor":8,"key":"SMITH"},{"data":"Hemokinesis","floor":10,"key":"SMITH"}],"circlet_count":0,"master_deck":["AscendersBane","Strike_R","Strike_R","Strike_R","Strike_R","Defend_R","Defend_R","Defend_R","Defend_R","Bash","Hemokinesis+1","Hemokinesis+1","Doubt","Headbutt","Disarm+1","Clothesline"],"relics":["Black Star","Golden Idol","Meat on the Bone","Happy Flower","Blood Vial"],"acts_visited":["Exordium"],"potions_floor_usage":[],"damage_taken":[{"damage":2,"enemies":"2 Louse","floor":1,"turns":3},{"damage":6,"enemies":"Jaw Worm","floor":2,"turns":4},{"damage":4,"enemies":"Small Slimes","floor":5,"turns":3},{"damage":12,"enemies":"Gremlin Nob","floor":7,"turns":3},{"damage":41,"enemies":"3 Sentries","floor":12,"turns":7}],"seed_played":"2691599640585205438","potions_obtained":[{"floor":5,"key":"FearPotion"}],"is_trial":false,"path_per_floor":["M","M","?","?","M","R","E","R","T","R","$","E"],"character_chosen":"IRONCLAD","items_purchased":["Clothesline"],"campfire_rested":0,"item_purchase_floors":[11],"current_hp_per_floor":[66,60,60,60,56,56,44,44,44,44,44,5,5],"gold":206,"neow_bonus":"BOSS_RELIC","is_daily":false,"chose_seed":false,"campfire_upgraded":3,"win_rate":0.0,"timestamp":1612824018,"path_taken":["M","M","?","?","M","R","E","R","T","R","$","E"],"items_purchased_type":["Card"],"build_version":"2020-12-18","purchased_purges":1,"victory":false,"max_hp_per_floor":[75,75,75,68,68,68,68,68,68,68,68,68,68],"relic_stats":{"Blood Vial":2,"Happy Flower":[2],"counters":[5,20],"Golden Idol":11,"Black Star":1,"obtain_stats":[{"Blood Vial":9,"Happy Flower":7,"Golden Idol":4,"Black Star":0,"Burning Blood":0,"Meat on the Bone":7},{"Blood Vial":4,"Happy Flower":4,"Golden Idol":2,"Black Star":0,"Burning Blood":0,"Meat on the Bone":4},{"Blood Vial":13,"Happy Flower":13,"Golden Idol":7,"Black Star":0,"Burning Blood":0,"Meat on the Bone":13}],"Meat on the Bone":0},"card_choices":[{"not_picked":["Armaments","Intimidate"],"picked":"Hemokinesis","floor":1},{"not_picked":["Flame Barrier","Heavy Blade"],"picked":"Hemokinesis","floor":2},{"not_picked":["Infernal Blade","Perfected Strike"],"picked":"Headbutt","floor":5},{"not_picked":["Heavy Blade","Sentinel"],"picked":"Disarm","floor":7}],"player_experience":1920080,"relics_obtained":[{"floor":7,"key":"Meat on the Bone"},{"floor":7,"key":"Happy Flower"},{"floor":9,"key":"Blood Vial"}],"event_choices":[{"damage_healed":0,"gold_gain":150,"player_choice":"AGREE","damage_taken":0,"max_hp_gain":0,"max_hp_loss":0,"event_name":"Liars Game","floor":3,"gold_loss":0,"cards_obtained":["Doubt"]},{"damage_healed":0,"gold_gain":0,"player_choice":"Lose Max HP","damage_taken":0,"relics_obtained":["Golden Idol"],"max_hp_gain":0,"max_hp_loss":7,"event_name":"Golden Idol","floor":4,"gold_loss":0}],"is_beta":true,"boss_relics":[],"items_purged_floors":[11],"is_endless":false,"potions_floor_spawned":[5],"killed_by":"3 Sentries","ascension_level":20}}