{"host":"i2ntsfwoh5q5m216","time":1612752482,"event":{"mods":["BaseMod","Colored Map","Downfall","Minty Spire (QoL Compilation)","StSLib"],"gold_per_floor":[99,99,249,249,249,249,275,275,275,275,296,338,338,364,391,391,391,391],"floor_reached":16,"language":"ENG","playtime":384,"items_purged":[],"score":96,"play_id":"a2112b89-b61b-47ba-a2fd-6f9a360bdb6f","local_time":"20210207204802","is_ascension_mode":false,"campfire_choices":[{"data":"hexamod:Float","floor":1,"key":"SMITH"},{"data":"hexamod:SuperheatedStrike","floor":10,"key":"SMITH"},{"data":"hexamod:FastForward","floor":13,"key":"SMITH"}],"circlet_count":0,"master_deck":["hexamod:Strike","hexamod:Strike","hexamod:Strike","hexamod:Defend","hexamod:Defend","hexamod:Defend","hexamod:Defend","hexamod:Sear","hexamod:Float+1","hexamod:SecondSeal","hexamod:SuperheatedStrike+1","Pain","hexamod:HauntingEcho","hexamod:FastForward+1","hexamod:SkipABeat","hexamod:SpectersWail","hexamod:GhostOfSpireFuture"],"relics":["hexamod:SpiritBrand","downfall:HeartsMalice","Smiling Mask","WarpedTongs","Omamori"],"acts_visited":["Exordium"],"potions_floor_usage":[14,16,16],"damage_taken":[{"damage":0,"enemies":"Small Slimes","floor":2,"turns":1},{"damage":0,"enemies":"2 Louse","floor":4,"turns":1},{"damage":0,"enemies":"Cultist","floor":9,"turns":1},{"damage":8,"enemies":"Exordium Wildlife","floor":11,"turns":5},{"damage":19,"enemies":"Lagavulin","floor":12,"turns":5},{"damage":22,"enemies":"Gremlin Gang","floor":14,"turns":4},{"damage":14,"enemies":"Exordium Thugs","floor":15,"turns":4},{"damage":7,"enemies":"IC_STATUS_ARCHETYPE","floor":16,"turns":6}],"seed_played":"4599185347273565768","potions_obtained":[{"floor":11,"key":"LiquidBronze"},{"floor":12,"key":"Guardian:BlockOnCardUsePotion"},{"floor":14,"key":"sneckomod:MuddlingPotion"},{"floor":15,"key":"Block Potion"}],"is_trial":false,"path_per_floor":["R","M","?","M","?","?","T","?","M","R","M","E","R","M","M","B"],"character_chosen":"THE_SPIRIT","items_purchased":[],"campfire_rested":0,"item_purchase_floors":[],"current_hp_per_floor":[70,70,70,70,70,70,70,70,70,70,62,43,43,21,7,0,0,0],"gold":391,"neow_bonus":"THREE_ENEMY_KILL","is_daily":false,"chose_seed":false,"campfire_upgraded":3,"win_rate":0.0,"timestamp":1612752482,"path_taken":["R","M","?","M","?","?","T","?","M","R","M","E","R","?","M","BOSS"],"items_purchased_type":[],"build_version":"2020-12-22","purchased_purges":0,"victory":false,"max_hp_per_floor":[70,70,70,70,70,70,70,70,70,70,70,70,70,70,70,70,70,70],"card_choices":[{"not_picked":["hexamod:RainOfEmbers","hexamod:SwordOfDarkness"],"picked":"hexamod:SecondSeal","floor":2},{"not_picked":["hexamod:HeatMetal","hexamod:GhostLash"],"picked":"hexamod:SuperheatedStrike","floor":4},{"not_picked":["hexamod:ShieldOfDarkness","hexamod:SwordOfDarkness"],"picked":"hexamod:HauntingEcho","floor":9},{"not_picked":["hexamod:NecessarySacrifice","hexamod:Hexaguard"],"picked":"hexamod:FastForward","floor":11},{"not_picked":["hexamod:HauntingEcho","hexamod:TurnItUp"],"picked":"hexamod:SkipABeat","floor":12},{"not_picked":["hexamod:NightmareStrike","hexamod:AdvancingGuard"],"picked":"hexamod:SpectersWail","floor":14},{"not_picked":["hexamod:FirstSeal","hexamod:SkipABeat"],"picked":"hexamod:GhostOfSpireFuture","floor":15}],"player_experience":58585,"relics_obtained":[{"floor":7,"key":"Smiling Mask"},{"floor":12,"key":"Omamori"}],"event_choices":[{"cards_removed":["downfall:Icky"],"damage_healed":0,"gold_gain":0,"player_choice":"Card Removal","damage_taken":0,"max_hp_gain":0,"max_hp_loss":0,"event_name":"The Cleric","floor":6,"gold_loss":0},{"damage_healed":0,"gold_gain":0,"player_choice":"Rummage","damage_taken":0,"relics_obtained":["WarpedTongs"],"max_hp_gain":0,"max_hp_loss":0,"event_name":"Accursed Blacksmith","floor":8,"gold_loss":0,"cards_obtained":["Pain"]}],"is_beta":false,"boss_relics":[],"items_purged_floors":[],"is_endless":false,"potions_floor_spawned":[11,12,14,15],"killed_by":"IC_STATUS_ARCHETYPE","ascension_level":0}}