{"host":"bplbr8uekuotory4","time":1612789670,"event":{"mods":["Act Like it!","BaseMod","GungeonMod","Hermit","KinomotoSakuraMod(木之本樱)","Marisa（F雨　魔理沙）","Minty Spire (QoL Compilation)","Prisma Mod","Quick Restart","Reimu（博丽灵梦）","SOS（斯巴达之子）","Spicy Shops","StSLib","TestMod","The Blackbeard","The Cursed","The Mystic","The Poker Player","The Saiyan","The Senshi","The Servant 0.9.4","Yuri Mod","[IsaacMod]以撒尖塔"],"gold_per_floor":[112,112,112,187,206,206,215,232,255,255,268,276,201,49,49,156,156,172,172,98,97,39,39,71,71,71,88,54,70,70,98,98,201,201,215,115,1113,728,738,761,818,873,873,902,1301,1301,1320,1351,1351,1355,1355,1355,797,825,836],"floor_reached":56,"language":"ZHS","playtime":1594,"items_purged":["TheCursedMod:Defend_TheCursed","TheCursedMod:Strike_TheCursed","TheCursedMod:Defend_TheCursed","Regret","Normality","Normality","TheCursedMod:Strike_TheCursed","TheCursedMod:Defend_TheCursed"],"score":2086,"play_id":"83552768-6b64-452c-97c2-faaa2fd32946","local_time":"20210208210750","is_ascension_mode":true,"campfire_choices":[{"data":"TheCursedMod:CleanUpWorkshop","floor":6,"key":"SMITH"},{"data":"TheCursedMod:AntiAging","floor":10,"key":"SMITH"},{"data":"TheCursedMod:SpitefulStrike","floor":15,"key":"SMITH"},{"data":"TheCursedMod:NeowsMight","floor":23,"key":"SMITH"},{"data":"TheCursedMod:SurpriseAttack","floor":25,"key":"SMITH"},{"data":"TheCursedMod:LuckyCharm","floor":30,"key":"SMITH"},{"data":"TheCursedMod:CursedWand","floor":32,"key":"SMITH"},{"floor":49,"key":"RECALL"},{"data":"TheCursedMod:CollectTribute","floor":52,"key":"SMITH"}],"circlet_count":0,"master_deck":["TheCursedMod:Strike_TheCursed","TheCursedMod:Strike_TheCursed","TheCursedMod:Defend_TheCursed","TheCursedMod:CursedWand+1","TheCursedMod:CleanUpWorkshop+1","TheCursedMod:Dregs","Doubt","TheCursedMod:SpitefulStrike+1","Poor:ReiMu","TheCursedMod:AntiAging+1","TheCursedMod:NeowsMight+1","TheCursedMod:StunningStrike","Shame","TheCursedMod:SurpriseAttack+1","TheCursedMod:HellfireBreathing+1","TheCursedMod:LuckyCharm+1","TheCursedMod:AshesToAshes","TheCursedMod:DemonSword","TheCursedMod:CollectTribute+1","TheCursedMod:CursedShiv+1","TheCursedMod:DoubleShield","TheCursedMod:ManaBullet","TheCursedMod:Obscuration+1","TheCursedMod:CursedArmor","TheCursedMod:FleshFromBone+1"],"relics":["TheCursedMod:BlackMagic101","HushsDoor","DeadEye","testmod-ObsoleteBoomerang","DemoMod:ResourcefulSack","YidongShenshe:ReiMu","AnarchistCookbook","DemoMod:GlassGuonStoneRelic","SalivaCoin","Mastiff:ReiMu","testmod-DeterminationOfClimber","BelialBook","DemoMod:BlueGuonStone","Bronze Scales","testmod-Charity","DemoMod:GreenGuonStone","DemoMod:PoisonVial","TheCursedMod:FourLeafCloverCharm","GuppysTail","DemoMod:ChaffGrenade","DemoMod:VorpalBullet","CatCart","TuHaoJin","DemoMod:RingOfEthereal","MealTicket","Membership Card","DemoMod:MonsterBlood","TheBible","theSenshi:SailorFukuRelic"],"acts_visited":["Exordium","TheCity","TheBeyond","TheEnding"],"potions_floor_usage":[16,40,40,55,55],"damage_taken":[{"damage":7,"enemies":"2 Louse","floor":1,"turns":2},{"damage":0,"enemies":"Small Slimes","floor":5,"turns":2},{"damage":0,"enemies":"Jaw Worm","floor":7,"turns":1},{"damage":0,"enemies":"Exordium Wildlife","floor":8,"turns":2},{"damage":0,"enemies":"Looter","floor":11,"turns":2},{"damage":0,"enemies":"Blue Slaver","floor":12,"turns":1},{"damage":0,"enemies":"Slime Boss","floor":16,"turns":3},{"damage":0,"enemies":"Shell Parasite","floor":18,"turns":1},{"damage":0,"enemies":"2 Thieves","floor":21,"turns":2},{"damage":0,"enemies":"Slavers","floor":24,"turns":1},{"damage":0,"enemies":"3 Cultists","floor":27,"turns":1},{"damage":0,"enemies":"Snecko","floor":29,"turns":1},{"damage":0,"enemies":"Book of Stabbing","floor":31,"turns":1},{"damage":0,"enemies":"Champ","floor":33,"turns":1},{"damage":0,"enemies":"3 Shapes","floor":35,"turns":1},{"damage":0,"enemies":"Orb Walker","floor":39,"turns":1},{"damage":0,"enemies":"Reptomancer","floor":40,"turns":1},{"damage":0,"enemies":"2 Orb Walkers","floor":41,"turns":1},{"damage":0,"enemies":"Orin","floor":42,"turns":2},{"damage":0,"enemies":"Nemesis","floor":44,"turns":1},{"damage":0,"enemies":"4 Shapes","floor":47,"turns":1},{"damage":0,"enemies":"Giant Head","floor":48,"turns":1},{"damage":0,"enemies":"Time Eater","floor":50,"turns":3},{"damage":0,"enemies":"Shield and Spear","floor":54,"turns":1},{"damage":0,"enemies":"The Heart","floor":55,"turns":3}],"seed_played":"3456365073354238683","potions_obtained":[{"floor":8,"key":"SteroidPotion"},{"floor":12,"key":"Energy Potion"},{"floor":21,"key":"AttackPotion"},{"floor":24,"key":"DistilledChaos"},{"floor":40,"key":"Ancient Potion"},{"floor":44,"key":"DistilledChaos"}],"is_trial":false,"path_per_floor":["M","?","?","?","M","R","M","M","T","R","M","M","$","$","R","B",null,"M","?","$","M","$","R","E","R","T","M","$","M","R","E","R","B",null,"M","$","?","$","M","E","?","?","T","E","?","?","M","E","R","B",null,"R","$","E","B",null],"character_chosen":"THE_CURSED","items_purchased":["Mastiff:ReiMu","BelialBook","TheCursedMod:StunningStrike","Bronze Scales","testmod-Charity","TheCursedMod:LuckyCharm","GuppysTail","TheCursedMod:CollectTribute","TheCursedMod:DoubleShield","Membership Card","TheCursedMod:CursedArmor","DemoMod:MonsterBlood","TheBible"],"campfire_rested":0,"item_purchase_floors":[14,17,17,20,22,28,34,34,38,53,53,53,53],"current_hp_per_floor":[68,68,68,57,57,57,57,59,59,59,62,62,62,62,62,65,64,67,67,67,70,70,70,79,79,79,88,88,97,97,105,105,118,97,104,104,105,105,109,112,120,131,131,137,138,131,141,152,152,170,170,170,177,183,208],"gold":836,"neow_bonus":"ONE_RARE_RELIC","is_daily":false,"chose_seed":false,"campfire_upgraded":8,"win_rate":0.0,"timestamp":1612789670,"path_taken":["M","?","?","?","M","R","M","M","T","R","M","?","?","$","R","BOSS","M","?","$","?","$","R","E","R","T","M","$","M","R","E","R","BOSS","M","$","?","$","M","E","?","?","T","E","?","?","M","E","R","BOSS","R","$","E","BOSS"],"items_purchased_type":["Relic","Relic","Card","Relic","Relic","Card","Relic","Card","Card","Relic","Card","Relic","Relic"],"build_version":"2020-12-22","purchased_purges":8,"victory":true,"max_hp_per_floor":[75,75,75,75,75,75,75,77,77,77,80,80,80,80,80,83,64,67,67,67,70,70,70,79,79,79,88,88,97,97,105,105,118,97,104,104,105,105,109,112,120,131,131,137,138,131,141,152,152,170,170,170,177,183,208],"card_choices":[{"not_picked":["TheCursedMod:CircleOfCorruption","TheCursedMod:Obscuration"],"picked":"TheCursedMod:SpitefulStrike","floor":1},{"not_picked":["TheCursedMod:TacticalStrike","TheCursedMod:Stigma","TheCursedMod:SmokeScreen"],"picked":"SKIP","floor":5},{"not_picked":["TheCursedMod:ReleasedKnowledge","TheCursedMod:SpitefulPlan"],"picked":"TheCursedMod:AntiAging","floor":7},{"not_picked":["TheCursedMod:CursedMace","TheCursedMod:CursedShiv","TheCursedMod:PrepareRite"],"picked":"SKIP","floor":8},{"not_picked":["TheCursedMod:TacticalStrike","TheCursedMod:SoulReap","TheCursedMod:CircleOfFlame"],"picked":"SKIP","floor":11},{"not_picked":["TheCursedMod:PrepareRite","TheCursedMod:VitalStrike","TheCursedMod:SpitefulStrike"],"picked":"SKIP","floor":12},{"not_picked":["TheCursedMod:CursedRelics","TheCursedMod:ParallelWorld"],"picked":"TheCursedMod:NeowsMight","floor":16},{"not_picked":["TheCursedMod:AshesToAshes","TheCursedMod:BloodBarrier","TheCursedMod:CircleOfWindfury"],"picked":"SKIP","floor":18},{"not_picked":["TheCursedMod:CursedMace","TheCursedMod:CircleOfFlame","TheCursedMod:SoulReap"],"picked":"SKIP","floor":21},{"not_picked":["TheCursedMod:CircleOfFlame","TheCursedMod:UltimatePain"],"picked":"TheCursedMod:SurpriseAttack","floor":24},{"not_picked":["TheCursedMod:BlessingInDisguise","TheCursedMod:CircleOfFlame+1"],"picked":"TheCursedMod:HellfireBreathing+1","floor":27},{"not_picked":["TheCursedMod:CircleOfAmplification+1","TheCursedMod:CursedStaff+1","TheCursedMod:SmokeScreen+1"],"picked":"SKIP","floor":29},{"not_picked":["TheCursedMod:AntiAging","TheCursedMod:SoulCrush"],"picked":"TheCursedMod:AshesToAshes","floor":31},{"not_picked":["TheCursedMod:CursedRelics","TheCursedMod:DemonicPact"],"picked":"TheCursedMod:DemonSword","floor":33},{"not_picked":["TheCursedMod:SurpriseAttack","TheCursedMod:Stigma+1"],"picked":"TheCursedMod:CursedShiv+1","floor":35},{"not_picked":["TheCursedMod:CursedMace+1","TheCursedMod:CursedAmulet+1","TheCursedMod:TroublousMinions+1"],"picked":"SKIP","floor":39},{"not_picked":["TheCursedMod:VitalStrike+1","TheCursedMod:CircleOfFlame+1","TheCursedMod:SmokeScreen+1"],"picked":"SKIP","floor":40},{"not_picked":["TheCursedMod:VitalStrike","TheCursedMod:SmokeScreen"],"picked":"TheCursedMod:ManaBullet","floor":41},{"not_picked":["TheCursedMod:Wield","TheCursedMod:Torture"],"picked":"TheCursedMod:Obscuration+1","floor":42},{"not_picked":["TheCursedMod:SmokeScreen+1","TheCursedMod:SpitefulPlan","TheCursedMod:NeowsMight"],"picked":"SKIP","floor":44},{"not_picked":["TheCursedMod:RavingStaff","TheCursedMod:CircleOfBlood","TheCursedMod:Evocation"],"picked":"SKIP","floor":47},{"not_picked":["TheCursedMod:WearCloak","TheCursedMod:FleshFromBone+1","TheCursedMod:SoulCrush+1"],"picked":"SKIP","floor":48},{"not_picked":["TheCursedMod:Stretching+1","TheCursedMod:SurpriseAttack+1"],"picked":"TheCursedMod:FleshFromBone+1","floor":54}],"player_experience":1126194,"relics_obtained":[{"floor":9,"key":"SalivaCoin"},{"floor":24,"key":"DemoMod:GreenGuonStone"},{"floor":31,"key":"DemoMod:PoisonVial"},{"floor":40,"key":"DemoMod:ChaffGrenade"},{"floor":41,"key":"DemoMod:VorpalBullet"},{"floor":42,"key":"CatCart"},{"floor":43,"key":"TuHaoJin"},{"floor":44,"key":"DemoMod:RingOfEthereal"},{"floor":48,"key":"DemoMod:WeirdEgg"},{"floor":54,"key":"theSenshi:SailorFukuRelic"}],"event_choices":[{"damage_healed":0,"gold_gain":0,"player_choice":"带走神社","damage_taken":0,"relics_obtained":["YidongShenshe:ReiMu"],"max_hp_gain":0,"max_hp_loss":0,"event_name":"yidonshenshe","floor":2,"gold_loss":0,"cards_obtained":["Poor:ReiMu"]},{"damage_healed":0,"gold_gain":0,"player_choice":"Box","damage_taken":0,"relics_obtained":["AnarchistCookbook"],"max_hp_gain":0,"max_hp_loss":0,"event_name":"Big Fish","floor":3,"gold_loss":0,"cards_obtained":["Regret"]},{"damage_healed":0,"gold_gain":75,"player_choice":"Gather Gold","damage_taken":11,"max_hp_gain":0,"max_hp_loss":0,"event_name":"World of Goop","floor":4,"gold_loss":0},{"damage_healed":0,"gold_gain":0,"player_choice":"Opened","damage_taken":0,"relics_obtained":["DemoMod:BlueGuonStone"],"max_hp_gain":0,"max_hp_loss":0,"event_name":"The Mausoleum","floor":19,"gold_loss":0},{"damage_healed":0,"gold_gain":999,"player_choice":"Gold","damage_taken":0,"max_hp_gain":0,"max_hp_loss":0,"event_name":"MindBloom","floor":37,"gold_loss":0,"cards_obtained":["Normality","Normality"]},{"damage_healed":0,"gold_gain":0,"player_choice":"Fight","damage_taken":0,"max_hp_gain":0,"max_hp_loss":0,"event_name":"Mysterious Sphere","floor":41,"gold_loss":0},{"damage_healed":0,"gold_gain":0,"player_choice":"Fight","damage_taken":0,"max_hp_gain":0,"max_hp_loss":0,"event_name":"OrinTheCat","floor":42,"gold_loss":0},{"damage_healed":0,"gold_gain":400,"player_choice":"Sell","damage_taken":0,"max_hp_gain":0,"max_hp_loss":0,"event_name":"恩洛斯的盘子","floor":45,"relics_lost":["testmod-TestBox"],"gold_loss":0},{"damage_healed":0,"gold_gain":0,"player_choice":"Max HP","damage_taken":0,"max_hp_gain":0,"max_hp_loss":7,"event_name":"Winding Halls","floor":46,"gold_loss":0}],"is_beta":false,"boss_relics":[{"not_picked":["Runic Dome","testmod-Recursion"],"picked":"testmod-DeterminationOfClimber"},{"not_picked":[]},{"not_picked":["Cursed Key","ChampionBelt"],"picked":"TheCursedMod:FourLeafCloverCharm"},{"not_picked":[]}],"items_purged_floors":[13,17,34,36,38,38,53,53],"is_endless":false,"potions_floor_spawned":[8,12,21,24,29,33,40,44,47,48,54],"ascension_level":3}}